3392 4320
724 193 854 256 OeC
2083 183 2561 277 box 3277
239 190 1959 293 26.1. Kon.ie der Worte zyklus
686 1062 2706 1106 Wi. und nun die Erschöpfungserscheinungen zu er= Wahl auf Arthur Schnitzlers „Komödie der Worte“.
608 1088 2700 1154 Pharen. Aehnlich wie der Techniker haben wir das Ma= Ein großer Sprung von der sexuellen Problematik des
620 1135 1666 1189 ##erial, hier die Knochen auf ihre Festigkeit zu prüfen. Wir
1678 1154 2701 1204 Berliners zum „clair-obscur“ des Wieners, in dem die
605 1177 1666 1234 unterscheiden 1. die statische Festigkeit bei langsam
1672 1189 2695 1251 hintergründigen Seelenvorgänge unter dem Schleier der
615 1218 1664 1277 zunehmender Belastung: Druck, Zug, Biegung, Scheerung
1665 1232 2704 1289 Worte jetzt verdämmern, jetzt aufleuchten, um schließlich
603 1261 1670 1318 usw., 2. die dynamische Festigkeit bei stoßartiger oder
1672 1273 2708 1314 wieder unbestimmt zu verblassen. Für diese wechselnde
618 1300 1661 1362 rückweiser Belastung. Die dynamische Festigkeit ist nur halb
1673 1310 2701 1346 und indirekte Beleuchtung innerer Erlebnisse brachte die
640 1340 1668 1390 so groß als die statische Festigkeit. 3. Die Betriebs¬
1672 1344 2703 1390 Truppe, die Frl. Boner in Paris selber mit bewunderns¬
615 1362 1669 1434 oder Arbeitsfestigkeit bei Dauerbelastung, die
1676 1385 2712 1434 wertem Scharfblick ausgewählt und zum restlos stimmen¬
637 1413 1665 1467 drei bis vier Mal kleiner ist. Auch bei einem Eisenstab
1674 1425 2704 1468 den Zusammenspiel herangebildet hat, alle erforderlichen
642 1457 1660 1510 treten Ermüdungserscheinungen auf: die glatte Ober¬
1668 1465 2709 1509 Fähigkeiten mit. Emil Ritter, Eugen Jensen, Alfons
642 1491 1657 1540 fläche wird allmählich von Gleitlinien durchfurcht, die an¬
1675 1502 2701 1548 Steinfeld Alice Lach und Käte Foerder rechtfertigten die
634 1530 1667 1588 fangs sich mit einem Lederlappen noch wegwischen lassen,
1678 1534 2706 1596 großen Erwartungen, die man nach der Bruckner Pre¬
637 1576 1660 1620 mit der Zeit aber nicht mehr zum Verschwinden gebracht
1666 1575 2707 1639 mière in sie gesetzt hatte; als neue Kräfte sind Jaro
645 1612 1665 1662 werden können. Plötzlich kann längs dieser Gleitlinien
1676 1609 2701 1663 Fürth und Emmi Wendt hinzugekommen. Es herrscht
648 1653 1655 1694 eine Continuitätstrennung des Stabes eintreten, er
1669 1656 2700 1703 in diesem Ensemble ein Geist, wis er einst den „Vieux¬
636 1682 1661 1732 bricht. Die Bruchfläche ist fein, glas= oder samtartig,
1676 1691 2707 1753 Colombier“ beseelt hat. Die drei Einakter der „Komödie
634 1732 1662 1773 Aehnlich sind die Bruchflächen bei Ermüdungsfrakturen
1663 1738 2709 1790 der Worte“ gaben dieser homogenen Truppe auch Gele¬
647 1765 1668 1809 am Knochen, im Gegensatze zu den gröberen Brüchen bei
1675 1780 2705 1825 genheit, sich in allen möglichen Schattierungen ihres Kön¬
641 1797 1664 1851 plötzlicher Gewalteinwirkung. Durch die Dauerbelastung
1676 1812 2704 1871 nens zu zeigen. Das geladene Publikum der Haupt¬
649 1843 1667 1893 werden die kristalloiden Raumgitter gestört. Die inein¬
1674 1857 2699 1910 probe, das die Spitzen der Pariser Theaterwelt ver¬
644 1869 1669 1924 änder greifenden Raumgitter der organischen und an¬
1674 1885 2714 1942 einigte, kargte nicht mit seinem ehrlichen Beifall, der zu¬
638 1911 1676 1970 organischen Substanzen, die die Struktur der Knochen
1677 1933 2710 1974 gleich den Schauspielern und der vortrefflichen Spiel¬
644 1949 1682 1997 bedingen, werden auseinandergedrängt. Tadurch ent¬
638 1987 2702 2037 stehen durch Röntgenstrahlen sichtbar zu machende Leit=letterin galt. Hoffen wir, daß das allgemeine Theater¬
1672 2014 2700 2065 publikum diese freundliche Aufnahme ratifizieren und der
1573 2030 1667 2076 der
647 2028 1582 2075 linien und Lochstrukturen. Die Veränderungen
1667 2044 2713 2115 „Deutschen Bühne Paris“ ermöglichen wird, ihre selbst¬
644 2069 1664 2116 Struktur erklären die Brüche bei Dauerbelastung. Die
1667 2083 2238 2146 lose Pionierarbeit fortzusetzen.
640 2107 1662 2154 Dauerbelastung ruft in den Knochen Schwingungen her¬
1765 2122 2692 2186 Neue Mitglieder der französischen
637 2141 1673 2208 vor, die die Strukturveränderungen bedingen. Der Knochen
1667 2165 2700 2211 Akademie. Ag. (Havas.) Die französische Akademie
636 2173 907 2250 ers#h sich.
1668 2212 2699 2266 hat zwei durch Todesfälle notwendig gewordene Ergän¬
777 2207 1671 2276 #it muß werden, daß diese Schädigungen nur bei
1679 2247 2701 2309 zungswahlen vorgenommen. Im einen Wahlgang wurde
604 2262 1676 2327 seins#ger Betätigung auftreten und besonders beim ju¬
1671 2286 2704 2330 General Weygand für Marschall Joffre und im an¬
636 2283 1685 2357 gendlichen Knochen. In Sport, Beruf und Militär soll
1665 2331 2703 2399 dern Wahlgang Pierre Benoit für Porto=Riche zu
642 2338 1667 2384 daher auf eine harmonische Ausbildung gesehen werden.
644 2370 2336 2424 Langsames Trainieren, das nicht Höchstleistungen in Mitgliedern der Akademie gewählt.
636 2409 1677 2466 kurzer Zeit verlangt, ist nicht gesundheitsschädlich. Man
1751 2416 2697 2473 V. Sommerkurs für Psychologie. (Mitg.)
635 2450 1668 2503 muß langsam auf physiologische Art in eine Betätigung
1672 2444 2703 2502 Die Stiftung Lucerna will auch in diesem Sommer wie¬
646 2497 1658 2536 hineinwachsen. Hoffentlich wird diese Erkenntnis zum
1674 2494 2710 2547 der eine Kurswoche für Psychologie durchführen. Letztes
645 2530 1228 2581 Segen der Sportler gereichen.
1671 2526 2712 2583 Jahr waren die Referate aus den Grenzgebieten der
693 2559 1664 2619 Die Ausführungenzeigten wie innig Naturwissen¬
1667 2574 2697 2631 Psychopathologie bezogen. Die Vorträge des neuen
655 2602 1657 2669 schaft, Medizin,und Technik verknüpft sind. F. R.
1661 2607 2702 2666 Kurses schließen logisch an. Sie behandeln zumeist Ka¬
1655 2652 2696 2706 pitel aus der psychologisch betrachteten Kriminologie. Es
1675 2692 2705 2736 wird also den Anomalien nachgegangen, deren Auswir¬
1676 2725 2709 2768 kungen die Gemeinschaft zur Abwehr herausfordern.
949 2717 1373 2801 Kleine Zeitung.
1660 2761 2703 2820 Der V. Sommerkurs findet im Großratssaale in Luzern
605 2777 1581 2877 Aus Kunst, Literatur und Wissenschaft.
1662 2803 2700 2861 statt, vom 27. bis 31. Juli, von Montag bis Freitag.
1670 2839 2706 2898 Es werden u. a. sprechen: Universitätsprofessor Dr. med.
749 2839 1666 2893 Die Pariser „Deutsche Bühne“. -n
1671 2887 2710 2941 et jur. G. Aschaffenburg, Köln; Dr. med. W. Boven,
625 2887 1663 2947 Die von unserer Mitbürgerin Frl. Dr. Georgette Boner
639 2914 2682 2970 vor einigen Monaten ins Leben gerufene „Deutsche Privatdozent an der Universität Lausanne; Dr. jur. P
643 2965 2688 3002 Bühne Paris“ hat sich zur Freude aller Freunde deut= Voren, Staatsanwalt, Lausanne, und Universitätsprofes¬
1676 3002 2689 3044 sor Dr. G. F. von Cleric, Zürich. Die Nachmittagsdiskus¬
641 3002 1669 3059 scher Dramatik und Schauspielkunst zu einer zweiten
1671 3035 2684 3084 sionen leitet Universitätsprofessor Paul Häberlin
642 3044 1672 3088 Offensive im Dienste ihrer schönen Aufgabe entschlossen.
1671 3078 2678 3127 Basel. Zu einem Abendvortrag wurde Direktor Kei
646 3083 1664 3127 Vom 12. bis 19. Juni hält sie im „Studio des Champs¬
1673 3117 2611 3166 lerhals von Wiemi. Pern gewonner. um ier „
634 3119 1677 3168 Elysées“ ihre zweite, glücklicherweise verlängerte Saison
631 3157 2671 3218 ab. Für ihr erstes Auftreten hatte Frl. Voner Bruck= sirebtes und S#### in der Sicanstalt zu spiec
629 3193 2001 3247 ners „Krankheit der Jugend“ gewählt, diesmal fiel ihrel(Siehe Inserat.)
1290 3290 2612 3366 gasler Nachrichten y om 13. Juni 1931.
