3392 4352
1156 108 1260 164 m
1033 107 1113 163 Wen
997 136 2144 193 damit sich an ihnen die zerrünete Menschheit aufrichte
994 187 2146 246 Lächerlich! Die Tichter sind dazu da, der Menschheit zu
989 217 2151 285 zeigen, wie spassig versuchte Ehen sind, wie ungestraft man
990 283 2152 335 die Frau des Freundes verführen darf, wie gefährlich
983 304 1951 372 brünstige Weiber werden können und derg eichen
1085 348 2152 414 Wieviel Hohn — leider muß gesast werden: berech¬
990 383 2156 451 tigten Hohn — wieviel spitze Bemerkungen uns die Presse
993 453 2160 497 unserer deutschen Bundesbrüder wegen des fortgesetzten
992 480 2155 543 Schönherr=Schnitzler=Skandales berens hit zute! werden
992 521 2155 578 lassen, das ist von uns schon mehrfach registriert worden Man
998 567 2151 631 macht draußen im Reiche uns, uns Oesterreicher alle, ohne
988 622 2151 673 jede Ausnahme, für die en Unfug verantwortlich, der immer
996 651 2158 708 noch ungestraft an unserer Hofbühne betrieben werden darf.
997 694 2156 752 Man bedenlt nicht, daß dieser Unfug nur von einem ganz
988 735 2159 782 bestimmten Teile unseres Volkes gefördert und geduldet
993 787 2160 840 wird, daß er nur von einer ganz bestimmten Presse geschützt
1888 820 2149 874 allenthalben
994 831 1884 889 wird. Der Hohn, aber, den man „drarßen“
993 867 2154 929 auf diese ganz unerhörten Vorgänge aufbringt, trifft ans
998 914 2154 970 alle, uns Oesterreicher alle Darum können wir, wir anderen,
990 956 2156 1003 gar nicht oft beionen, daß wir abseits stehen von diesen
1003 1008 2153 1052 Dingen, daß wir ihnen unerbittliche und unversöhnliche
986 1038 2153 1091 Fehde ansagen Die jetzte Abrechnung aber, mit den gewissen
999 1094 2158 1138 verantwortlichen Herren, die sich nicht scheuen, ihre Heimat so
994 1132 2161 1181 sehr in Verruf zu bringen, müssen wir auf eine Zeit verschieben,
990 1169 2150 1226 in der uns keine Ricksichten das Wort beengen werden.
1077 1208 2159 1270 In den „Stimmen der Zeit“ lesen wir: „Wir wären
989 1250 2151 1323 sehr übel beraten, wenn wir unseren Kampf ausschließlich
992 1300 2155 1357 oder auch nur in eister Linie im Namen der Kunst führen
994 1334 2159 1403 wollten. Denn literarische Streitigkeiten sind nicht jeder¬
991 1387 2152 1436 manns Sache Es geht um Tinge, die ganz anders fest¬
990 1428 2161 1484 stehen, als ästhetische Werturteile und die unser gesamtes
990 1476 2159 1529 Volkswohl ganz anders bedrohen, als ein künstlerisch miß¬
992 1517 2149 1569 lungenes Bühnenstück Auch nach dem Urteile sehr ernst zu
989 1559 2167 1610 nehmender Nichtkatholiken handelt es sich um die fori¬
984 1598 2154 1658 gesetzte Erschütterung unentbehrlicher
989 1632 2149 1699 Grundlagen unserer Sittlichkeit. In der
988 1689 2156 1745 bekannten Erklärung der Stuttgarter protestantischen Pfarrer
989 1744 2156 1793 heißt es: Wenn je so hätte das Theater in unserer ernsten Zeit
983 1770 2154 1841 allen Grund, sich als „moralische Anstalt“ und Träger geistiger
982 1819 2153 1868 Kultur zu bewähren und auf das Empfinden weiter Kreise
980 1865 2149 1918 des deut chen Volkes Rücksicht zu nehmen Während
991 1893 2145 1964 wir ganz auf Treue und Zucht ange¬
989 1939 2152 2011 wiesen sind, und unser ganzes Dasein durch
2023 1992 2143 2044 r be¬
991 1986 1969 2051 heiligen Opfermut unserer Krie
989 2031 2147 2087 dingt und geschützt ist, wird leidenschaftliche Sinnlichkeit und
979 2076 2147 2135 zügelloser Lebensgenuß vorgeführt. Draußen spielt sich das
993 2133 2150 2178 größte Drama der Weltgeschichte ab, und in der
984 2179 2159 2237 Heimat soll man sich an Darstellungen des Ver¬
1436 2210 1468 2237 *
987 2220 1458 2275 brechens ergötzen?“
1072 2226 2152 2307 Aus allen größeren Städten Deutschlands, wo der
991 2293 2156 2355 „Weibeteufel“ aufgeführt werden sollte, kam die Nachricht
977 2334 2135 2390 von den entschiedensten Protesten. Ueberall wehrte man sich,
976 2380 2147 2436 bei aller Freundschaft für Oesterreich, gegen diesen Import
1973 2420 2146 2478 Rund¬
1773 2422 1954 2478 Tägliche
1582 2426 1699 2479 Die
979 2427 1530 2494 schmutziger Bühnenware.
982 2448 2152 2532 schau“ schrieb über Schnitzlers schmalzige Einakter¬
1535 2509 1721 2567 Worte“:
1764 2506 2152 2568 Drei tändelnde
1393 2512 1489 2569 der
974 2512 1354 2577 reihe „Komödie
982 2568 2138 2607 Ehebruchstücke an einem Abende in der heutigen Zeit, wo
980 2593 2151 2646 Hunderttausende von deutschen Frauen um ihre Männer
983 2650 2147 2704 sorgen oder. gar trauern, sind so fehlam
981 2683 2146 2741 Orie wie nur möglich. In Paul Kellers Monats¬
2019 2725 2146 2780 ine
974 2728 1794 2790 schrift „Die Bergstadt“ lesen wir: „
982 2762 2153 2822 Schande, daß gerade das Burgtheater
974 2826 2150 2875 den „Weibsteufel“ bringen mußte. Hat
965 2868 2146 2919 unsere Gegenwart, die so unendlich viel Heroismus reifte,
977 2893 2142 2976 die gerade auch so unsagbar viel duldendes Heldentum des
980 2962 2156 3043 Weibes offenbarte, nichts anderes verdient, als daß man
976 3047 2148 3086 ihr auf der Bühne, die sie in ihrem Ertragen stärken, zu
970 3079 2152 3133 neuen Opfern entflammen sollte, jene Erniedrigung des
975 3137 2147 3176 „Weibsteufels“ vor Augen stellen darf!? Schnitzlers „Die
981 3168 2142 3218 Komödie der Worte“ variiert wieder das alte Thema jener
980 3220 2142 3258 Liebelei, die schon im „Reigen“ so widerlich wirkte.
988 3246 2152 3297 Aber unwillkürlich bäumt sich die Frage auf: Hat unsere
976 3287 2147 3355 harte Gegenwart nichts anderes zu tun, als dieser Seichtheit
983 3329 2148 3391 einer Vergangenheit neuerdings zum Tanze aufzuspielen?
983 3377 2147 3436 Hat unsere Buhne, unser Theater von heute keine andere
988 3407 2150 3478 Aufgabe, als mit der Liebe und Ehe zu tändeln und so
986 3466 2080 3529 am Marte unserer Kraft zu zehren?
990 3510 2147 3565 Das sind treffende Worte, die den Kern der Sache rücksichts¬
991 3558 1978 3612 los bloßlegen! Wir danken dem Bergstädter dafür.
1082 3576 2149 3644 So regt sich allenthalben Widerspruch und Empörung.
989 3629 2164 3702 Wir werden zum Gespötte der ganzen gesitteien Welt. Wir
993 3678 2156 3730 setzen uns in Widerspruch zu unserer ganzen, großen
997 3718 2149 3794 Theutervergangenheit Die gewisse Presse hat unsere
997 3754 2160 3827 anfänglichen Proteste als „klerikale Unduld amkeit“ abtun
990 3800 2152 3863 wollen Geschlossen aber hat sich das ganze anständige
991 3843 2159 3903 Deutschland an unsere Seite gestellt Protestantische Pastoren
1002 3887 2145 3953 haben schärfere Worte der Verurteilung gefunden, als wir.
1080 3946 2157 3989 Wie sante doch jener dem Burgtheater so fremd ge¬
991 3972 2165 4038 wordene Grillparzer: „Dazu sind ja von jeher Dichter
996 4014 2171 4093 gewesen, daß sich an ihnen die ärmen, zerrütteten Meuschen
992 4075 1241 4143 aufrichten.“
