3344 4384
136 261 382 362 26.1
1098 266 1176 336 W
893 282 936 334 (
1983 265 2460 357 box 32/3
376 267 1982 351 Konoedieörte zyklus
1596 878 1763 975 7
830 944 2245 1024 Der Schnitzler-BassermauAbend des Lessing-Theaters hat
781 1003 2245 1053 sentschieden zwiefpmtige Empfindungen geweckt und diese „Komödie
786 1043 2245 1127 der Worte“ ist wohl nur deswegen so glimpflich aufgenommen, weil
816 1143 2282 1211 sie eine Bombenrolle enthält und es wurde diese Komödiantenrolle
831 1198 2295 1264 so überwältigend dargestellt, daß man die sonstigen Bedenken des
816 1257 2298 1314 lieben Friedens wegen gern zum Schweigen brachte. Schon in der
816 1294 2286 1365 Schnitzler-Stadt, in dem theaterfrommen Wien, wurde von der ernsten
812 1353 2286 1405 Kritik mit sanftem Vorwurf gefragt: Warum im Jahr der Taten eine
821 1402 2290 1448 Komödie der Worte? Warum im Jahr der Treue ein Trifolium von
827 1444 2293 1509 Ehebrüchen, von denen der eine immer schmieriger als der andere ist?
825 1501 2299 1563 Wir Berliner schließen uns der tapferen Frage nicht an, weil diese
822 1544 2300 1608 anrüchigen Schnitzler-Menschen uns ebenso landesfremd wie unver¬
830 1579 2302 1661 ständlich sind, uns also auch nicht auf Herz und Nieren gehen. Mag
827 1655 2296 1714 anderswo das Leben einer Komödie gleichgeachtet werden, wir Nord¬
823 1694 2285 1758 deutsche denken anders darüber und daher nehmen wir diese und
823 1747 2293 1799 andere Schnitzleriana mehr als eine Kuriosität, denn als einen Spiegel
828 1793 2288 1845 der Landesmoral. Also rein das Kunstwerk fassen wir ins Auge,
813 1849 2295 1913 dieses Spiel der Worte so blink und blank, diese scharf und glänzend
818 1890 2298 1942 geschliffene Theatersprache, diese Kaskade der Worte, der Ausreden,
827 1944 2291 2006 der geschwätzigen und plauschenden Dialektik, diesen Hornissenschwarm
828 1995 2278 2039 der giftig stechenden Worte. Schnitzler ist bekanntlich auch Arzt und
819 2039 2291 2088 daher anscheinend wohl berufen, drei kranke Ehen zu behandeln.
825 2088 2301 2142 Der erste Einakter „Die Stunde des Erkennens“ spielt in ärztlichem
829 2136 2285 2188 Kreise und will sogar ernst genommen werden, sintemalen er tragisch
828 2181 2290 2230 verläuft. Er kann aber nicht einst genommen werden, es ist so un¬
823 2236 2301 2303 glaubhaft wie nur möglich. Erstlich mal, weil kein Mann zehn Jahre
826 2286 2282 2346 lang die Nache für den Ehebruch seiner Frau still bei sich trägt, und
820 2336 2302 2400 dann kommt kein Funken tragischen Mitleides auf, weil diese
822 2370 2288 2440 Frau sich nicht dem geliebten Allerweltsverführer, sondern irgend¬
812 2435 2294 2501 einem ungeliebten Flachkopf blindlings preisgegeben und gerade
814 2484 2300 2545 deswegen in vielen Worten sich womöglich noch einen
823 2530 2298 2585 Heiligenschein zu ergattern versucht. Und da der Mann
826 2573 2304 2634 sie trotzdem echt Bassermännisch saugrob anfährt, nimmt sich.
822 2628 2284 2680 die gekränkte Unschuld das Leben. Und das soll eine Tragödie sein!
824 2688 2286 2739 Die Kunst, aufdringliche Leute unter den Tisch zu reden, kommt nun
820 2733 2276 2792 aber im „Bacchusfest“ drastisch zum Ausdruck. Aus dem Literatenkreis
819 2778 2277 2838 stammt hier der Ehebrecher, der das schrankenlose Recht der Saturnalien
819 2827 2281 2883 auch heute noch für die großen Geister seines Schlages in Anspruch¬
827 2876 2283 2937 nimmt und dafür Worte, Worte, Worte aufwendet, mit denen ein
827 2925 2281 2973 Sprechkünstler wirklich einen verblüffenden Eindruck erzielen kann.
827 2978 2285 3047 Indessen auch diese Tradikomödie wollte nicht recht zünden. Ohne
828 3023 2282 3085 Frage aber ist das parodistische Mittelstück „Die große Szene“ ein
830 3086 2282 3139 genialer Schlager des Dichters wie des Darstellers. Beide finden sich
820 3124 2298 3177 hier in ihrer Arheimat: im schrankenlos flutenden, im souveränen
812 3171 2288 3236 Komödiantentum. Der gefeierte Schauspieler Konrad Herbott, der so
815 3223 2297 3286 stark von seiner Gottähnlichkeit überzeugt ist, daß er auch im Leben
826 3281 2288 3339 ständig Komödie spielt, der äußerlich glänzende Virtuos, dessen Hans¬
824 3324 2280 3383 wurstseele zur gemeinen Schmiere herabgesunken, ist von Schnitzler
821 3377 2284 3433 schlagend und gewiß auch echt nach dem Wiener Leben gezeichnet worden.
827 3418 2283 3470 Verständlich also, daß der bienenemsig studierende Bassermann an diese
826 3467 2284 3513 Rolle auch sein Letztes hergegeben hat. Der schon stark alternde Herbott,
823 3517 2281 3575 der zu lügen versteht wie ein Engländer, glaubt schließlich selber an seine
827 3569 2285 3644 Lügen und das eben macht ihn unwiderstehlich. Er lügt sich Neigung
