3436 4320
715 268 841 336 0et
238 276 1913 365 26.1. Kon.1der Norte Zyklus
563 534 1267 668 spohs schaberknbdun
405 655 1392 769 A
471 762 1342 844 en Saares esbratnet Terunes-Aussenmwr-sdae
476 834 1319 911 BERLIN SO 16, RUNGESTRASSE 22-24
377 888 1394 948 Bearbeitet die deutsche und ausländische Presse auch auf Inserats.
380 952 1402 1000 Lietert Listen über geplante Bauten aller Art. Geschäftseröffnunges.
414 1084 1356 1207 Kieler Neueste Nachrichten
833 1184 941 1243 Kiel
633 1216 1128 1295 Ausschnitt aus der Nummer vom:
355 1469 554 1562 „
572 1492 1381 1586 Zgan-Zu
874 1563 1406 1620 114. — Die Kammer¬
394 1578 1397 1667 spiele widmen Bassermann einen neuen Einatter¬
390 1634 1394 1702 abend, Arthur Schnitzlers Zyllus „Komödie der
398 1678 1396 1737 Worte“, in dem der Gesetern schon früber Triumphe
402 1716 1394 1778 errang. Aber so stürmisch war der Beifall vielleicht
398 1757 1386 1815 noch nie, wie diesmal nach dem Mittelstück „Die große
395 1787 1390 1849 Szene“ wo Bassermann mit seinen tausend be¬
396 1815 1394 1905 lustigenden Einzelzügen den verwöhnten Mimen
353 1886 1382 1959 ivielt der um sch aus einer heiklen Lage zu retten,
352 1910 1373 1985 eine große Szene aufführt und sich dabel selbst voll¬
358 1953 1372 2005 kommen von seinem Recht überzeugt. Das sonst nur
358 1995 1372 2067 zu blasierte Publikum des Kammerspielhauses wollte
357 2041 1342 2104 sich gar nicht beruhigen und zeigte dem leider so rust¬
350 2070 1351 2144 losen Künstler, wie gern es ihn dauern an diese
351 2120 1361 2189 Stätte gefesselt sähe. Aber dazu ist keine Aussicht,
354 2152 1347 2224 denn das Personalverzeichnis des nächsten Winters,
348 2198 1345 2244 mit dem Max Reinhardt bekannt macht, weist Basser¬
343 2229 1359 2300 manns Namen nicht auf, auch den Paul Wegners
343 2275 1353 2338 nicht, dem man sogern an der Stelle seines ersten
343 2313 1351 2365 Ruhmes wieder begegnen möchte. Doch das ist die
348 2356 1361 2421 große Neuigkeit: Reinhardt übernimmt wieder die
356 2386 1349 2458 Gesamtleitung seiner Bühnen: des Deutschen Thea¬
347 2431 1361 2495 ters, der Kammerspiele und der im Bau be¬
352 2462 1372 2549 findlichen Bühne am Kurfürstendamm. (Auf¬
338 2494 1344 2568 das Große Schauspielhaus scheint er also ver¬
335 2553 1337 2608 zichten zu wollen.) Imponierend wirkt die
342 2582 1344 2638 Liste der geplanten Neuaufführungen sowie der
355 2623 1344 2689 dabet mitwirkenden Spielleiter. Unter letzterem ist
341 2646 1353 2730 neben Erich Engel, der seine Inszenierungskunst
347 2705 1355 2774 diesen Winter an „Dantons Tod“ herrlich erprohte,
350 2743 1345 2823 auch Karl Zuckmayer genannt, dessen Drama=il¬
337 2780 1338 2863 tah#n eine der ersten Aufführungen bilden sol!—
654 2850 857 2956 24 (4
2335 526 2578 617 W
2910 512 2970 628 N
2116 550 2310 662 E12N
1914 730 1959 784 4
1950 741 2471 843 Criaa
2225 825 2458 898 O DRNVER
1905 828 2191 899 LEGMNTAE O
1914 884 2463 948 GCDLIN WSr- WOFODSTRSTD 19
1981 970 2952 1069 ADOLF SCHUSTERMANN
1897 1074 3010 1142 ZEITUNGSNACHRICHTEN-BUREAU
2106 1137 2821 1217 BERLIN SO 16, RUNGESTR. 22-24.
1959 1251 2201 1326 Zeitung:
2587 1294 2735 1376 7. #
1953 1285 2592 1434 Acene, Mon ler,
2430 1375 2891 1471 11. MAlE2
1955 1463 2186 1540 Datum:
1990 1531 2839 1630 WVEm Wiederschen mit Bassermann
2092 1626 2931 1697 Nach allem, was geschehen ist, haben wir heute,
2030 1670 2928 1723 materiell und metaphysisch, schwerere Sorgen als
2033 1704 2928 1755 die in ihrer Belanglosigkeit nicht einmal beneidens¬
2027 1737 2929 1800 werten Persdnen der Schnitzlerschen Einakter.
2038 1776 2272 1826 „Komödig
2408 1775 2936 1835 Worte“ (Kammerspiele).
2028 1795 2942 1878 Was abernicht Flanglos geworden ist für die
2029 1849 2948 1927 Kunst, ist diese#passive, hingebende, reiche, und
2026 1893 2930 1951 dämonische, menschliche Schau von Personen un
2028 1929 2928 1985 Leben, der Blick auf die tragikomischen Gefechte
2027 1960 2934 2021 individueller Vitolitäten während des Drucks der
2031 1997 2933 2048 äußeren Verhältnisse. Etwas passives Erleben¬
2032 2032 2922 2096 können gehört schon zur Kunst; das leere, geniale,
2034 2078 2940 2133 gewalttätige Ich des Expressionismus allein schafft
2018 2110 2925 2164 auch nicht das Wahre, Gemeinte. — Basser¬
2021 2148 2932 2201 mann gibt in den Kammerspielen einen ver¬
2016 2178 2933 2243 bissenen Arzt voll Brutalität und Selbstbemit¬
2020 2206 2929 2275 leidungssucht, einen kindlich vitalen, verlogenen
2009 2248 2965 2334 Schauspialer und einen kluten, geschickten Schrift¬ k
2018 2322 2941 2392 steller glanzvoll, mit überlegener Menschen= und
2024 2374 2938 2426 Situationenkenntnis und einem solchen Reichtum
2020 2408 2940 2463 an zeichnerischen Einfällen, daß kleine Ueberdeut¬
2011 2446 2656 2503 lichkeiten nicht ins Gewicht fallen.
2787 2453 2921 2500 Bs. —
2074 2488 2168 2554 Se ee
2925 2446 3153 2572 Peis Ghe
2050 2523 3134 2624 echlicht die Heidentönigs, spielt ihn als den zu
2005 2564 2084 2617 E
1937 2571 3140 2637 # Pnregung fähigen Barbaren, der überglücklich ist im Vater¬
2072 2630 3129 2696 in leidvolle Apathie zurücksinkt beim Tode seines Kindes.
1959 2664 3135 2737 S & & Ende sich auch diese Leistung abschwächt, so trifft den
2006 2695 3127 2778 #r die geringste Schuld; dieser Mangel erklärt sich aus
1909 2746 3136 2827 den I.Wen Dehnungen, mit denen der Nibelungenfilm in den letzten
1915 2783 2537 2860 Akten besonders stark belastet ist.
1964 2864 3122 2949 22 Hochschulgebühren. Das preußische Kultusministerium hat
1902 2917 3122 2986 die für den Erlaß der Hochschulgebühren zur Verfügung stehenden
1901 2967 3118 3031 Mittel erhöht, so daß in diesem Semester 20 Prozent aller Studie¬
1911 3003 3126 3072 renden von den Gebühren ganz oder 40 Prozent zur Hälfte von den
1915 3044 3119 3114 Gebühren befreit werden können. Gleichzeitig ist angeordnet worden,
1906 3083 3115 3159 daß die Hochschulgebühren an den Universitäten in zwei Raten und
1907 3128 3111 3213 an den Technischen Hochschulen eventuell in dlei Raten bezahlt werden
1908 3164 2058 3227 können.
1964 3205 3112 3290 — Die Direktion der Komischen Oper teilt uns entgegen anderen
1913 3251 3117 3321 Nachrichten mit, daß ihr von einer einstweiligen Verfügung gegen die
1905 3295 3107 3364 Aufführung der Operette „Die tanzende Prinzessin“ nichts be¬
1902 3323 2808 3392 kannt ist. Die Aufführungen finden allabendlich statt.
1944 3376 3102 3432 — Theaterchronik. Im Kleinen Theater findet demnächst die
1904 3391 3104 3473 Erstaufführung von Ludwig Fuldas neuestem Bühnenwerk, die Komödie
1900 3451 3106 3499 „Die Geliebte“, statt. Die Hauptrollen werden von Carola Toelle,
1903 3477 3111 3558 Olga Limburg und Julius Falkenstein dargestellt. Regie: Dr. Oskar
1897 3507 2038 3553 Kanehl.
1931 3543 3093 3608 Rudolf Hofbauer wurde für das Große Schaufpielhaus weiter
1905 3579 3096 3657 verpflichtet und wird alternierend mit Albert Kutzner die Partie des
1894 3611 2703 3650 Erminiv in Millöckers „Gasparone“ singen.
1943 3646 3093 3707 Im Deutschen Theater findet heute. Freitag.? Mai, die Erst¬
1900 3674 3099 3743 aufführung von Arthur Schnitzlers „Paracelsus“ und Leo
1875 3715 3095 3776 Tolstois „Er ist an allem schuld“ statt. Die Regie führt
1869 3733 3112 3815 1 Richard Gerner. Der Beginn der Aufführung ist auf 7 Uhr angesetzt.
2380 3826 2876 3980 nerb
