3344 4384
2055 195 2520 300 box 32/1
197 194 2003 295 26.1. Kongedie der Norte— zykius
473 1144 1637 1217 Der Einakter „Große Szene“ ist ein dialektisches und im
1709 1138 2881 1222 Der Eindruck von der Bühne herab ist diesesmal le#
1610 1205 3296 1278 ungemischter. Daran ist nicht zuletzt ein Zuviel an Worten meister Dr. Weiskirchne
357 1212 1623 1270 guten Sinne artistisches Stücklein. Er mengt neues mit altem;
361 1255 3298 1308 Figuren, Menschen und Betrachtungen, Witz und Gedanken sind schuld, ein pedantisches Verspinnen von Fäden, ein Ineinander= Regierung vorgelegte
364 1296 3287 1358 hübsch und fein gestaltet. Ein starker Spielakt, der auch rein schachteln von Gedanken, ein Auspressen des letzten und aller= versorgung bei dem
3188 1345 3289 1404 tt
1597 1339 3110 1416 letzten. Man vermißt den inneren Auftrieb. Freilich wurde auch sübersch
361 1350 1155 1433 äußerlich am wirkungsvollsten erscheint.
2834 1385 2933 1448 er
2953 1383 3163 1449 schon
3139 1388 3275 1460 jetzt
1610 1403 2858 1461 in der Aufführung das Tempo maßlos verschleppt, der Rhythmus
467 1397 1613 1466 Viel dünner, und nur eine Wiederholung, ist das letzte:
2842 1431 3179 1515 die Gemeinde
1610 1454 2858 1504 des Ganzen hatte darunter zu leiden. Der Abend gehörte Herrn
361 1463 1612 1514 „Das Bacchusfest“. Die Gattin eines Schriftstellers, von ihrem
2848 1460 3298 1557 Im Zusammenhange.
353 1506 2848 1568 Mann einige Wochen im Salzkammergut allein gelassen, hat sich Walden. Drei Rollen, drei Charaktere. Erst war er der trocken¬
365 1543 3277 1614 mit einem jungen Chemiker getröstet. Nun warten sie am Bahn= akademische Arzt, der seinen Ehefall sachlich erledigt. Da ist er Stellung der neuen,
2837 1574 3291 1652 gesellschaft in ihrer Be
364 1586 2852 1654 hof auf den Gatten, um ihm gemeinsam zu sagen, daß sie ein gemessen, feinlinig, dünn und scharf, von einer künstlerischen Kühle,
2846 1621 3303 1698 forderte Bürgermeister
356 1649 2858 1712 Paar werden wollen. Freilich, die Frau ist nur äußerlich fest, die ungemein interessant wirkt. Im zweiten Stück gibt er den
2842 1664 3303 1748 insbesondere Fettol
350 1673 2860 1742 innerlich nicht. Und wie nun der Gatte, der scharfäugig die berühmten Hofschauspieler und enthüllt eine Frohnatur, eine pracht¬
1606 1714 3296 1790 volle Lebendigkeit, die zwar nicht hinreißt, aber in anmutigen Farben beschaffen solle. Schlie
364 1750 1615 1809 Situation erkannt und sich auf sie vorbereitet hat, daherkommt,
1611 1758 3302 1847 schillert. Im letzten Stück endlich ist er der schlau und vorsichtig auf den Mangel an en
364 1801 1615 1856 spielt er eine Komödie der Worte. Er will seine Frau dem
1610 1828 3296 1901 operierende Schriftsteller, der mit fliegendem Alem sich den Besitz den Umstand, daß durch
351 1837 1620 1899 anderen nicht überlassen und läßt es gar nicht dazu kommen, daß
2838 1865 3310 1931 Milchergiebigkeit der ##
1602 1883 2853 1946 der Frau wiedererkämpft. Die drei Rollen glücklich auseinander¬
362 1890 1620 1959 ihm die Beiden sagen, was sie vorhatten. Er erzählt sein neues
360 1941 3287 1992 Stück, „das Bacchusfest“, Natürlich ist's nur ein Symbol. Die haltend, zeigen Herrn Walden von seinen sympathischesten Seiten zu treffen wäre, daß di
1603 1959 3304 2028 Er hat die besten, man darf wohl sagen die leichtesten, weil und Kranken unbedingt
365 1986 1620 2051 Griechen gaben allen Liebenden eine Nacht frei, dann mußten die
2829 2013 3286 2075 erklärte, daß mit den
1612 2008 2852 2099 dankbarsten Aufgaben in der Einakterreihe. Die Frauen haben es
363 2021 1615 2095 Paare auseinander und durften nie wieder von dem Erlebnis sprechen.
2839 2066 3296 2138 im Ministerium bereits
1604 2077 2841 2134 schon schwieriger. Ihre Charakteristik ist verschwommener. Frau
361 2088 1609 2150 Wollten sie sich aber doch von neuem finden, dann durften sie nie mehr
1604 2125 2848 2180 Bleibtreu hat verglimmende Leidenschaften zu decken. Sie
349 2127 1611 2193 in ihr bisheriges Haus zurück, waren für immer auf einander ange¬
2911 2132 3307 2235 Strenge Han
1607 2172 2854 2223 tut es mit der schönen Würde ihres ernsthaften Wesens. Frau
354 2172 1606 2254 wiesen. Die Situation ist deutlich, der junge Doktor der Chemie
1604 2224 2859 2300 Medelsky, als Gattin des Hofschauspielers, muß solid
356 2233 1618 2291 empfiehlt sich vom Schriftsteller und seiner Frau, und wie die
1609 2272 2835 2331 fundierte innere Anständigkeit darstellen, sozusagen die gesunde
2839 2264 3300 2351 Bestrafung des Verkäu
362 2277 1613 2346 Gatten nun allein sind, sagt er ihr: „Ich hasse dich!“ Und sie
1613 2318 2853 2384 Natur. Wenn sie den Dialog nicht so entsetzlich auseinander¬
354 2326 1613 2395 erwidert: „Und ich dich noch tausendmal mehr — — mein
2931 2332 3301 2409 Die Statthaltere
1601 2362 2853 2438 zerren würde, würde sie stark gewinnen. Das schöne Fräulein
366 2373 578 2452 Geliebter!
2827 2379 3295 2467 „genaue Befolgung der
1607 2403 2851 2473 Wohlgemuth als Gattin des Schriftstellers bringt die innere Un¬
480 2421 1611 2504 Das ist das schwächste der drei Stücke, auch das gedanken¬
1610 2441 3296 2524 ruhe mit einer hübsch gespielten Nervosität heraus. Sehr ergötzlich mmer nicht durchzusetze
362 2471 1610 2540 ärmste. Es hat die Ansätze zu einem Lustspielchen, ist mit
2825 2480 3300 2560 durchaus nicht fehlen li
1605 2492 2849 2575 ist Fräulein=Kutschera in der Episode einer aufdringlichen Theater¬
357 2527 1605 2597 Geschmack und Takt, mit witziger Ironie geformt, aber im Grunde
1608 2535 3262 2611 schülerin. Von den Herren macht Tiedike als philo= anlaßt gesehen, die
369 2574 913 2657 genommen doch recht leer.
1596 2581 3268 2678 sophischer Theaterdirektor einen onkelhaft gütigen Raison= auftragen, gegen jene,
469 2620 1612 2696 Eine Bereicherung hat Schnitzler mit diesen drei Einaktern
2724 2611 3294 2714 den mit der größten Streng
1611 2636 2329 2723 neur (mit allzuviel Pausen);
2351 2645 2552 2719 Gerasch
2578 2641 2712 2714 gibt
355 2688 1613 2742 nicht gegeben. Sie sind nur eine Ergänzung zu dem, was man
1600 2676 3293 2758 Bräutigam, der Aufklärung über die Vergangenheit seinerden Käufer von
2838 2722 3298 2808 übertritt, zur Ver
352 2735 1603 2789 von ihm schon hat. Man darf nicht so weit gehen und sagen.
1598 2742 2846 2829 Braut fordert mit kluger Haltung, und Herr Romberg spielt den
2940 2774 3303 2849 Es wird zum Be#
350 2773 1612 2838 daß es bedenklich ist, ihn immer an denselben Dingen haften zu
1608 2801 2812 2866 pikierten Liebhaber mit der entsprechend heiteren Beschränktheit.
344 2830 1617 2893 sehen. Im Anfang hielt er bei den süßen Mädels und bei den
1695 2827 3294 2912 Das Publikum fand sich mit dem ersten Stück nicht ganz der sich in einem
2822 2860 3304 2947 Brot verabfol
349 2881 1600 2939 Anatols. Nach Jahren gelangte er dann zu den Frauen und
1607 2880 2830 2955 ab; vielleicht weil es das tiefste, sicher aber weil es das un¬
2828 2916 3300 2974 [Brotkarte ein
359 2922 1599 2988 ihren Gatten und Freunden. Dabei hält er noch. Das Thema hat
1609 2942 2835 3001 theatralischeste ist. Der mittlere Einakter, die „Große Szene“.
2836 2953 3304 3034 lassen. Besonders st
350 2967 1598 3027 er selbst erschöpft, und nun wartet man, daß er, endlich, über
1602 2993 2839 3046 wirkte, gewiß, weil er ohrenfälliger und im Grundgedanken billiger
2835 3018 3300 3085 vorgegangen werden, die
360 3000 1597 3083 sein eigenes Werk hinauswachse. Es kann ihm unmöglich genügen,
1598 3043 2828 3097 ist. Das letzte der Stückchen unterhielt, ohne einen Eindruck zu
2835 3061 3296 3121 vorschriften schuldig mach
358 3054 1595 3123 sein eigener Kopist zu sein. Er schürft immer weiter im Psycho¬
1600 3076 2836 3157 machen. Artur Schnitzler wurde oft gerufen. Der Applaus war
2809 3109 3302 3178 Strafe, sondern auch de
349 3123 2242 3219 logischen und übersieht dabei, daß er schon nahe ins Ab- keine Komödie der Hände bloß.
2429 3155 2795 3252 SeT
2781 3158 3300 3246 Oberectiannam
352 3160 657 3251 strakte aerst.
