3344 4320
778 90 1272 187 A
973 181 1451 292 ICHSPOST, WIEN
451 165 976 285 Ausschnitt 30f 10/9
755 267 1041 348 2700N 1915
451 291 619 345 vom:
510 379 1586 483 Theater, Kunst, Musik.
515 471 1592 560 Der nächste Spielplan des Hofburg¬
908 527 1209 610 theaters.
529 595 1639 667 Heute ewpfing Herr Direktor Thimig die
458 615 1647 704 Vertreter der Presse und schilderte ihney die Pläne, die er
475 684 1642 757 für das nächste Spieljahr des Hofburgtheäters hegt. Zunächst
470 727 1647 790 setzte er auseinander, daß die Bildung eines neuen Spiel¬
474 774 1387 835 planes auf“ erhebliche Schwierigkeiten stoße,
1417 780 1635 836 da sich
461 813 1648 860 jetzt schon die, durch die Einberufungen verursachten
467 855 1643 912 Abgänge im kütstlerischen und technischen Personale schwer
472 898 1657 965 fühlbar machen und mit weiteren Einberufungen gerechnet
459 944 1643 1013 werden muß. Immerhin hofft das Theater, im nächsten
459 993 1597 1058 Spieljahre einige bedeutsame Neuheiten herauszubringen.
550 1035 1644 1079 Zunächst soll eine Neuinszenierung des „Götz von
450 1082 1639 1145 [Verlichingen“ über die Bretter gehen. Sie wird auf
452 1118 1646 1166 der späteren Goetheschen Fassung vom Jahre 1773 fußen,
461 1163 1649 1227 welche bekanntlich die Umfassung etwas bühnengerechter zu
455 1209 1644 1271 machen sucht. Die Regie wird der neue Regisseur des
455 1259 1641 1315 Theaters, Herr Holz, führen. Den Götz wird Herr Reimers
461 1296 1640 1353 spielen. Hiezu meinen wir, daß es dem großen Publikum
462 1336 1645 1404 ziemlich einerlei sein, wird, welche Götzbearbeitung man
453 1383 1637 1448 ihm bietet, so daß diese „Neuheit“ wohl bloß in den Augen
452 1426 1641 1471 der Literarhistoriker eine solche bilden wird. Dem weitaus
452 1462 1641 1516 größeren Teil der Theaterbesucher wird durch die Freude
446 1523 1644 1579 über die „andere" Bearbeitung das Bedauern darüber nicht
452 1558 1640 1628 aufgewogen werden, daß Baumeister nicht mehr den
451 1605 1637 1669 Götz spielt. Sodann wird das Theater daran gehen, einen
454 1640 704 1702 Zyklus
702 1655 1641 1711 sämtlicher Grillparzerscher
449 1692 1638 1751 Bühnenwerke zu bringen. Eine alte Ehrenschuld,
446 1730 1635 1784 welche dem österreichischen Klassiker nun endlich abgetragen
439 1785 1634 1843 werden soll! Dieser umfangreiche, in der Tat bedeutsame
447 1826 1640 1872 Plan erfordert lange Vorarbeiten, mit denen zeitlich be¬
439 1866 1635 1915 gonnen werden wird. Im Jänner 1916 soll der
443 1911 1641 1951 Zyklus mit dem „Bruderzwist im Hause Habs¬
444 1948 1639 1990 burg“ beginnen, der seit vielen Jahrzehnten nicht mehr
436 1992 1186 2043 auf dem Theaterzettel gestanden hat.
1265 1997 1642 2055 Diesen Plan be¬
431 2041 1630 2088 grüßen wir umso herzlicher, als er manches, dem Geist der
435 2085 1257 2162 Zeit angemessenes Drama bringen wird.
525 2115 1624 2177 Sparlich sind in dem bisher festgesetzten Spielplan
439 2165 1637 2231 absolute Neuheiten vertreten. Viele fremdländische Autoren
441 2207 1626 2269 scheiden durch die Kriegsereignisse völlig aus, eine Lücke,
439 2253 1640 2309 die, wie Herr Thimig bemerkte, deutlich fühl¬
433 2297 1636 2363 bar ist. (Wir für unseren Teil finden den Verlust
441 2342 1624 2407 der Herren Shaw, Courteline usw. nicht für sonderlich be¬
436 2393 1621 2451 klagenswert). Der Einlauf an deutschen Manuskripten ist
451 2436 1635 2477 gering und unter dem Wenigen findet sich so gut wie nichts
435 2485 1610 2537 Wertvolles. Die meisten Autoren haben sich auf „zeitgemäße“
444 2512 1634 2567 Stoffe geworfen. Wir haben mehrfach darauf hingewiesen,
432 2556 1624 2606 daß derartige, im Kanonendonner flink zurechtgezimmerte
438 2606 1624 2666 Aktualitäten für die Bühne keinen Gewinn bedeuten können.
442 2646 1623 2693 Im übrigen will, meint Herr Direktor Thimig, das Publi¬
439 2692 1626 2776 kum im Theater nicht an den Krieg erinnert sein, sondern
436 2728 827 2802 sucht Entspannung.
529 2773 1626 2849 Als erste absolute Neuheit wird ein Einakterzyklus
446 2807 1620 2881 „Komödie der Worte von — Schnitzler in
443 2863 1622 2911 Szene gehen und zwar schon Mitte Oktober. Wir wollen
433 2894 1627 2975 zu dieser Eröffnung heute keine andere Bemerkung beifügen.
434 2956 1625 3010 als die, daß unserer Ansicht nach das Hofburgtheater gerade
433 2994 1623 3044 reichlich genug mit dem Geiste Arlur Schnitzlers gesegnet
437 3031 1616 3088 ist und daß die Aufnahme dreier neuer Schnitzlerstücke
434 3083 1609 3154 durchaus keinen Fortschritt in der sittlichen Reinigung
433 3118 1627 3201 unserer Bühnen erhoffen läßt, auf die wir nach diesem
428 3165 1335 3242 Kriege mit allen Kräften hinarbeiten werden.
519 3201 1617 3287 Das zweite Wort wird der dänische Dichter Julius
436 3261 1615 3326 Magnussen mit dem Lustspiel „Seine einzige
443 3299 1616 3366 Frau“ haben. Dann wird das Schauspiel „Das
437 3348 1611 3409 Bild des Ramses“ zur Uraufführung gelangen,
433 3380 1624 3461 dessen Verfasser Graf Franz Dubsky ist, ein Neffe
438 3430 1077 3496 der Dichterin Ebner=Eschenbach.
517 3468 1621 3528 Schließlich wird noch eine Einstudierung des Ibsen¬
437 3510 1615 3593 schen „Peer Gynt“ in der Uebersetzung von Fulda
432 3564 1617 3631 versucht werden, doch bedarf dieser nordische „Faust“ be¬
427 3605 1617 3674 känntlich eines so ungeheueren schauspielerischen und szeni¬
435 3648 1617 3697 schen Apparates, daß es fraglich erscheint, ob die noch ver¬
442 3692 1606 3755 fügbarea Kräfte des Theaters sich als zureichend erweisen
430 3735 1615 3804 werden. Wir würden uns freuen, wenn die erste Peer¬
435 3776 1618 3845 Gynt=Aufführung in Wien endlich zustande käme, nachdem
421 3815 1622 3902 wir fortgesetzt mit soviel unerquicklichen Ibsen=Dramen ge¬
414 3861 809 3934 plagt worden sind.
527 3893 1621 3953 Dies sind die Pläne des Hofburgtheaters für das
414 3937 1609 4010 nächste Spieljahr. Was wir dazu zu bemerken haben, soll
429 3993 1609 4060 demnächst gründlicher gesagt werden, gleichwie wir das bis¬
426 4042 1621 4120 herige Wirken des Hofburgtheaters in der Kriegszeit in den
425 4075 1111 4158 nächsten Tagen würdigen werden.
583 4133 741 4200 Mr.e
1954 305 2921 400 Ausschnitt aus: ie emtel Jebrüct, Air
1956 405 2453 488 vom: 2•0Rs45
2013 514 2890 641 Theater und Kunst.
1976 630 2165 728 M
2169 647 2798 741 Hinter den Kulissen.
1863 716 3114 775 (Der neue Schnitzler im Burgtheater, — Walden=Rollen. — Der
1857 770 2425 825 Schnelldichter des Volkstheaters.
2503 763 3107 829 Die größte Theatergage. — Ide
1854 805 2182 868 Rolands Talente.
2987 813 3101 881 Fra##
2256 814 2917 853 Ein medizinisch=dramatischer Konflikt.
1931 851 3022 903 Konstantin und die Hühner. — Leiden eines Dramaturgen.)
1948 902 3098 971 Im Burgtheater wird bekanntlich Artur Schnitzler in der
1859 967 3112 1024 nächsten Woche mit drei neuen Einaktern erscheinen. Harry Walder
1848 1007 3112 1048 spielt in allen Stücken die Hauptrolle. Er freut sich sehr darauf,
1845 1049 3094 1102 weil ihm nach langer Zeit wieder Gelegenheit geboten ist, seine
1853 1092 3106 1164 Gestaltungskraft zu zeigen. Und Stücke mit Walden=Rollen werden
1840 1150 3105 1210 nicht viele geschrieben, am allerwenigsten von einheimischen Dichtern.
1837 1192 3097 1263 Vor zwei Jahren hatte er mit dem „Häßlichen Ferante“ beson¬
1843 1252 3105 1308 deres Glück Der feindliche Autor beeilte sich nach dem großen
1851 1296 3105 1356 Wiener Erfolg, zu dem der Künstler durch seine interessante
1849 1347 3097 1411 Leistung wesentlich beigetragen hatte, ein neues Lustspiel zu
1844 1391 3097 1454 schreiben. Es wurde von Direktor Thimig noch im Frieden an¬
1843 1437 3099 1502 genommen, aber im Krieg mußte es natürlich ins Archiv
1839 1477 3096 1541 wandern. Auch in dem Stücke zweier anderer feindlicher Autoren,
1851 1526 3104 1599 der Herren Caillavet und Flers in der Komödie „Die Fahrt ind
1855 1579 3107 1627 Blaue“ war eine gute Rolle für den Künstler enthalten. Auch
1843 1633 3092 1698 sie siel in die tiefste Versenkung. In einem Journalistenstück, das
1848 1683 3111 1742 Schnitzler im vorigen Jahre geschrieben hat und das erst
1848 1718 3104 1803 später vor das Publikum gelangt, soll ebenfalls eine Walden¬
1858 1767 2275 1839 Rolle enthalten sein.
1954 1816 3096 1899 Im Deutschen Volkstheater kommt heute ein neuer Mann
1835 1874 3085 1950 zu Wort. Jahrelang sind seine Stücke in Archiven herumgelegen.
1840 1929 3096 1998 Endlich erblicken sie das Rampenlicht Herr Hans Saßmann
1840 1973 3092 2047 wanderte mit seinen dickleibigen Manuskripten von Bühne zu
1845 2027 3101 2085 Bühne Er fand verschlossene Türen. Jetzt öffnen sie sich plötzlich
1842 2079 3093 2132 angelweit — er spaziert heuer in drei Wiener Theater. Den
1846 2128 3091 2195 Anfang macht heute abend das Deutsche Volkstheater, dann folgt
1846 2176 3090 2247 die Residenzbühne mit „Sphinx“, einer phantastischen Komödig
2001 2221 3080 2292 erotisches Problem behandelt. Und für sein drittet
1846 2213 2054 2297 die ein
1880 2309 3125 2378 Stück: „Die Schenke“ interessiert sich Hanfi Niese,
1887 2361 3128 2431 für die hier eine dankbare schauspielerische Aufgabe erblüht. Es
1891 2404 3133 2484 ist ein Vagantenstück, das unter Landsknechten spielt, in einem
1887 2452 2318 2530 sehr farbigen Milieu.
1996 2502 3133 2588 Der Dichter hat vor ein paar Monaten dieses Stück und
1892 2567 3131 2635 noch ein paar andere dem Dramaturgen des Josefstädter Theaters
1892 2617 3124 2689 geschickt. Der Begleitbrief weckte schon Interesse. Herr Saßmann
1898 2658 3128 2727 schrieb, daß er schwer krank sei und da seine Tage gezählt wären,
1893 2707 3136 2769 läge ihm sehr viel daran, ein Urteil über sein bisheriges Schaffen
1883 2767 3134 2839 zu hören. Die Kritik des Dramaturgen fiel sehr günstig aus.
1894 2808 3135 2891 Inzwischen hat sich der Autor erholt, so gründlich, daß
1889 2845 3122 2907 er vor acht Tagen in der Lage war, ein Stück in
1886 2897 3134 2979 vierundzwanzig Stunden zu schreiben. Das war nämlich
1891 2942 3132 3014 so: Bei den Proben der Komödie „Der Retter“ im
1890 2993 3130 3073 Volkstheater ergab es sich, daß dieses Stück nicht abendfüllend
1890 3037 3121 3115 sei. Man brauchte dringend einen Einakter. Ein passender war
1888 3100 3131 3162 nicht zur Stelle. Da meinte Herr Kramer: „Am besten wäre es,
1883 3143 3133 3213 wenn Herr Saßmann selbst einen schreiben würde.“ Man berieft¬
1878 3194 3128 3262 den Autor und da keine Zeit zu verlieren war, setzte er sicht
1887 3236 3138 3311 sofort hin und begann Hals über Kopf zu dichten. In vier¬
1883 3290 3135 3363 undzwanzig Stunden war das Werk fertig. Es ist sogar länger
1888 3338 3131 3405 geworden, als man dachte. Wer schnell dichtet, dichtet
1879 3373 2121 3454 doppelt.
1988 3422 3124 3496 Der Star, dessen Persönlichkeitswert sich in Ziffern aus¬
1879 3464 3128 3531 drücken läßt, verschwindet allmählich aus unserem Theaterleben.
1873 3513 3134 3592 Fast scheint es, daß auch hier der Krieg eine Umwertung aller
1885 3572 3130 3642 Werte geschaffen hat Man weiß, welcher Schauspielerkultus
1876 3612 3140 3687 früher bei uns getrieben wurde, man feierte die Lieblinge fast über
1879 3663 3124 3742 das Normalmaß hinaus — heute hält sich die Begeisterung, da
1875 3715 3123 3797 sie anderweitig beschäftigt ist — in entsprechenden Grenzen. Es
1873 3759 3135 3852 gibt natürlich bei uns noch immer Schauspieler, die ein sogenanntes
1873 3813 3131 3885 sicheres Geschäft bedeuten, die selbst einem schwachen Stück ein
1879 3860 3125 3924 finanzielles Rückgrat geben können. Man fragt: „Spielt heute
1879 3907 3132 3992 Frau & — oder Herr 9)?“— und geht ins Theater. Aber solche
1882 3951 2991 4024 Popularität mit Vorverkaufsgebühr ist doch ziemlich selten.
1981 4013 3121 4103 Frau Ida Roland zählt seit der „Zarin“ zu den wenigen,
1874 4068 3084 4112 deren Zugkraft — um im groben Theaterjargon zu sprechen —
1878 4103 3119 4177 sich in der „Kassa“ deutlich ausspricht. Sie weiß das sehr genau
1871 4159 3110 4211 und bezieht auch, fast könnte man sagen, die höchste Gaue, die
