3392 4352
-15 743 34 796 1,
2200 184 2642 270 box 32/3
336 194 2037 267 26.1. Konoedie der Norte—Zykius
808 1115 1325 1200 t aus:
921 1213 1249 1312 24011915
1797 1359 2698 1409 Kinde" bleibt, das doch nun einmal nicht spielen
919 1321 1742 1439 Berliner Neuaufführungen.
1799 1396 2708 1453 kann, wenn sein herziges Frauchen nicht in der
905 1415 1775 1484 J. K. Das Lessing=Theater gab gestern zum
1791 1431 2702 1483 Loge sitzt. Die unterhaltende, nur etwas zu ge¬
878 1458 1785 1536 ersten Male Arthur Schnitzlers „Komödie der
1787 1463 2717 1535 dehnte Komödie ist reich an charakteristischen Zü¬
865 1495 1785 1562 Worte“. Unter diesem Titel, der so manches
1786 1523 2704 1572 gen und geistvollen Wendungen und wirkt um so
869 1533 1789 1601 dramatische Werk des Dichters treffend kenn¬
1794 1553 2707 1610 träftiger, da man an die Echtheit ihrer Menschen
865 1585 1787 1657 zeichnen könnte, hat er drei breit ausgesponnene
1799 1583 2167 1638 glauben kann....
2166 1591 2693 1647 Schwächlicher und mehr im
879 1613 1778 1686 Einakter zusammengestellt: drei Komödien, ganz
1804 1618 2696 1685 Stile hergebrachter Bühnenscherze gehalten ist
877 1649 1781 1718 seines Geistes und auch seiner kleinen Schwächen
1792 1664 2693 1725 Nr. 3: „Das Bacchusfest“, ein wortreicher
868 1687 1783 1760 voll, fesselnd in dem meist ungesucht geistvollen
1791 1701 2700 1765 Spaß, der uns zeigt, wie ein kluger, einsichtiger
867 1730 1777 1798 Dialog, konstruiert in der Idee, unterhaltsam
1798 1743 2707 1802 Mann im entscheidenden Augenblick sein Weibchen
874 1773 1782 1831 immer da, wo sie nicht gar zu ernst sich gebärden.
1795 1786 2691 1844 zurückerobert, just als sie ihm mit dem vermeint¬
874 1807 1781 1879 Dem ersten Stückchen, „Stunde des Erkennens“,
1795 1821 2689 1891 lich Geliebten gegenübertritt, um ihr Herz und
874 1846 1775 1909 gereicht jenes Streben am wenigsten zum Vor¬
1787 1862 2696 1918 ihre Hand für diesen zurückzufordern. ... Auch
871 1889 1771 1940 teil, es fesselt zunächst durch allerlei diskrete An¬
1788 1891 2693 1962 dem Publikum sagte die „große Szene“ am
858 1925 1784 1990 drutungen und nette Worte, enttäuscht aber, wenn
1796 1933 2699 1996 meisten zu, hier erstarkte die freundliche Auf¬
867 1965 1773 2034 man den Kern des Ganzen erkennt. Recht fein
1800 1981 2686 2033 nahme zu einem lauten Erfolg, der den Dichter
862 2002 1777 2063 und raffiniert mag es erdacht sein, daß ein
1791 2011 2700 2075 häufig auf die Bühne führte. Schauspielerisch
859 2044 1783 2090 Mann im Bewußtsein, von seiner Frau schmäh¬
1793 2050 2698 2109 wurde aus dem Schnitzler= ein Bassermann=Abend.
863 2080 1774 2134 lich betrogen zu sein, aus Rücksicht auf sein Kind
1781 2089 2700 2149 Der Künstler gab in den Rollen der drei Ehemän¬
860 2112 1777 2188 sich zum Schweigen zwingt und den Tag der Ab¬
1785 2128 2690 2193 ner wieder mal vollwertige Proben seiner glänzen¬
871 2162 1769 2220 rechnung verschiebt, bis die Tochter verheiratet ist
1781 2166 2686 2225 den Gestaltungskraft. Er milderte das Verhalten
864 2210 1775 2259 und das Haus verläßt. Aber wer vermag in
1781 2193 2684 2262 des großen Schweigers. Und im ersten Stück durch
861 2231 1769 2299 Wahrheit an die Möglichkeit dieses Schweigens
1791 2245 2698 2304 starke Betonung einer verhaltenen Brutalität und
868 2276 1770 2341 zehn Jahre hindurch zu glauben, und weiter
1787 2286 2675 2345 Eigensüchtelei des auch von den beruflichen Er¬
859 2315 1780 2377 daran, daß die kluge und scharfsichtige Frau wäh¬
1792 2320 2686 2383 folgen seines vermeintlichen Nebenbuhlers stark
860 2354 1770 2413 rend dieser ganzen Zeit nicht einmal die Verstellung
1785 2369 2681 2422 gekränkten Mannes und versuchte die zwingende
861 2387 1772 2460 ihres Mannes merkt, sondern von dem Glück ihrer
1791 2404 2687 2456 Persönlichkeit der wiedererobernden Gatten der
856 2443 1769 2492 Ehe und ihres Gatten überzeugt ist?!
1796 2438 2690 2501 letzten Komödie glaubhaft zu verkörpern. Zwi¬
863 2465 1773 2528 So kommt denn in die endliche Aussprache der
1788 2479 2676 2528 schen diesen beiden Gestalten aber stand, breit und
854 2511 1777 2568 beiden eine Unwahrscheinlichkeit des Erkünstelten,
1794 2517 2690 2582 saftig, in humoristischer Lebensfülle, der große
861 2548 1773 2608 die all die trefflichen Worte, die bei dieser ver¬
1786 2559 2688 2622 Mime — eine künstlerische Meisterleistung, ganz
864 2592 1769 2645 späteten Abrechnung von beiden Seiten fallen,
1784 2600 2686 2660 angetan dazu, auch ein schwächeres Stück auf ihren
862 2633 1771 2691 nicht überwinden können und die Wirkung kühl
1776 2635 2683 2693 starken Schultern zu tragen. Lina Lossens ge¬
863 2673 1767 2707 und erkältend machen.... Kräftiger und lebens¬
1786 2676 2680 2721 winnende Innerlichkeit kam der konstruierten
853 2708 1772 2748 voller, mit sarkastischem Humor angepackt ist der
1783 2713 2683 2762 Stunde des Erkennens sehr zu statten, Else Basser¬
857 2750 1764 2799 zweite Einakter „Große Szene“. Hier schildert
1787 2758 2679 2803 mann gab die kleine Frau, den großen Komödianten
863 2786 1769 2834 Schnitzler getreulich nach berühmten Mustern
1783 2793 2683 2833 mit überzeugender Natürlichkeit. Der übrigen
858 2821 1767 2874 einen gefeierten Mimen, dem, ohne daß er es
1775 2822 2680 2884 Hauptrollen der drei Stücke nahmen sich Traute
858 2853 1775 2914 weiß oder fühlt, das ganze Dasein nur Theater¬
1773 2872 2680 2927 Dumcke=Carlsen und die Herren Götz, Landa, Loos
858 2897 1760 2943 spiel ist, in dessen Mittelpunkt er, Konrad Her¬
1778 2907 2449 2950 und Forest mit bestem Gelingen an.
857 2927 1765 2989 bat, steht, der, trotzdem er seine Frau, trotzdem er
1821 2945 2679 3005 Bei Beginn der zweiten Komödie hätte übrigens
855 2972 1770 3033 sie sicherlich in seiner Art aus vollstem Herzen
1794 2984 2673 3045 eine ziemlich bedrohlich einsetzende Komik der
855 3018 1770 3072 liebt, infam betrügt und in dem hier vorgeführ¬
1782 3010 2687 3081 Vorstellung fast ein frühzeitiges Ende gemacht.
856 3052 1763 3102 ten besonders schweren Fall, einem Bräutigam,
1783 3058 2680 3124 Nach längerem Zögern indessen gab ein Vertreter
852 3086 1756 3143 dessen Braut er verführt, eine „große Szene“ vor¬
1778 3098 2670 3159 der Feuerwehr von der Bühne herab die Erklärung
858 3131 1754 3190 spielt, die den Betörten davon überzeugt, daß nur
1780 3138 2683 3198 ab, daß die beunruhigenden Geräusche lediglich
853 3158 1758 3231 von einer großen unglücklichen Liebe des
1781 3180 2677 3241 einer Störung der Heizungsanlage zuzuschreiben,
843 3192 1768 3265 Künstlers, keinesfalls von einer gemei¬
1769 3218 2674 3268 also keine Feuersgefahr vorhanden sei. Um so
857 3242 1757 3302 nen Liebschaft die Rede sein kann. Und wie
1774 3248 2662 3325 kräftiger zündete dann die folgende „große Szene".
850 3276 1761 3339 den betrogenen Bräutigam, so bezwingt der ge¬
854 3328 1769 3395 waltige Mime auch seine betrogene Frau, die ihn,
853 3359 1771 3414 angewidert von seiner Kunst des Lügens, end¬
842 3402 1771 3467 gültig verlassen will, so daß sie bei ihrem „großen
