3344 4256
219 207 1924 283 26.1. Konoedie der Norte—ZyKIus
439 617 806 697 „GSE
401 682 863 762 I. österr. ####.
445 740 795 810 konzes
533 796 751 864 Ar
404 851 866 929 für Zeitungs# er#e###
542 908 737 970 Wier, 1.
437 949 840 1020 Konkordiaplatz 4
650 1071 1134 1178 Der Tag, Berlin
701 1165 1079 1259 1- 1. 1916
416 1345 588 1405 haben.“
447 1428 1355 1490 Das Lessing=Theater gab am 23. Ok=
415 1461 1328 1518 tober zum erstenmal drei Einakter, die Arthur
420 1506 1337 1570 Schnitzler unter dem für die Gesamtheit seines
409 1541 1339 1613 dramatischen Schaffens bezeichnenden Titel „Ko¬
409 1601 1335 1645 mödie der Worte“ zusammengestellt hatte.
417 1629 1332 1683 Sehr viel Worte wurden in den drei Stücken um
415 1666 1340 1711 früher geschehene Taten herumgewechselt, und
412 1702 1337 1779 heraus kam dabei schließlich nur eine „große
413 1736 1337 1798 Szene“ Die trug, als zweiter Teil des
408 1772 1338 1819 Abends, den Erfolg davon, während das erste
416 1815 1339 1879 Stück, „Die Stunde des Erkennens“, für
402 1846 1324 1918 das Publikum eine herbe Stunde des Erkennens
402 1893 1337 1959 der Irrtümer eines Komödiendichters war und
401 1937 1327 1995 bei dem Schlußakt „Das Bacchusfest“ der
414 1972 1331 2032 feuchtfröhliche Titel die Trockenheit des kärglichen
401 2015 1116 2088 Mahles schmerzlichst empfinden ließ.
355 2190 1114 2279 P Anfaurmten Wutet.. WPr eigen stisten!
448 2263 1606 2351 (D Im Lessing=Theater haben es Arthur Schnitzlers
373 2326 1598 2375 drei Ehebruchseinakter Komödie der Worte“ während des
367 2354 1600 2419 letzten Bierteljahrs auf 50 Aufführungen gebrächt. Die vor¬
363 2411 1602 2467 treffliche Vorstellung, in der sich Herr Bassermann dreifach und
366 2449 1610 2497 vielfach entfaltet, war gestern nahezu ausverkauft. Das Aerztestück
362 2490 1608 2557 wurde stumm, das Schauspielerstück Flachend, das Wartesaalstück
368 2535 813 2599 lächelnd ausgenommen.
808 2543 1597 2603 Von dieser Trilogie sagte ein witziger
377 2584 1713 2671 Wiener: „Große Ausstellung von Ehebrüchen, arrangiert von Arthur
376 2625 589 2693 Schnißler.“
272 2663 370 2729 ie
522 2670 1597 2731 „Und Pippa tanzt“, Gerhart Hauptmanns Glas¬
272 2719 365 2780 #re
365 2706 1608 2774 hüttenmärchen hatte genau zehn Jahre nach der Berliner Urauf¬
364 2760 1603 2808 führung bei der Münchener Premiere in den Kammer¬
272 2802 371 2866 ar,
372 2796 1607 2858 spielen wie unser Korrespondent uns schreibt, einen vollen
374 2856 1603 2910 Erfolg. Unter Marx' Regie gab es eine im ganzen schöne Auf¬
268 2867 362 2936 ins
366 2885 1614 2942 führung, aus der Annemarie Seidels Pippa und Stahl=Nachbaurs
263 2925 359 2979 eit
366 2928 1604 2983 Huhn hervorragten. Das dichterisch Reine, das Märchenhafte
263 2969 348 3024 hen
367 2974 1613 3023 besiegte alle Zweisel. Man vergaß das daramatisch Unzulängliche, das
258 3014 355 3069 das
365 3013 1602 3063 Vergängliche alten Streites und blieb bei dem, was hinanzog: dem
261 3056 366 3112 gen
360 3053 1243 3122 Ereignis der phantastisch singenden Dichterseele.
267 3097 368 3165 veil
412 3087 1630 3167 Theaterchronik. „Die selige Exzellenz“, das seine—
258 3137 362 3195 ver¬
369 3156 1602 3202 und behagliche Lustspiel von Rudolf Presber und Leo Walter
254 3174 365 3239 ent¬
369 3193 1600 3236 Stein, erlebte gestern im Deutschen Künstlertheater die
375 3226 1596 3275 100 Aufführung und kam dank der glänzenden Darstellung zu
375 3268 1604 3332 zündender Wirkung. Rudolf Presber konnte für den starken Beifall
368 3308 755 3356 des Hauses danken.
266 3291 362 3366 tut
426 3335 1598 3388 Direktor Barnowsky teilt uns mit, daß er das Lustspiel
369 3371 1604 3424 „Onkel Bernhard“ für das Deutsche Künstlertheater
260 3374 359 3466 ißig
375 3418 1614 3477 nicht erworben hat. Uns war die Nachricht vom Verleger des
369 3451 761 3519 Werkes zugegangen.
259 3458 367 3536 noch
420 3467 1610 3535 Im Kleinen Theater geht am Freitag Georg Hermanns
260 3526 1621 3591 von Schauspiel „Jettchen Gebert“ in einer vollständigen Neuein¬
359 3564 777 3637 studierung in Szene.
1901 642 1959 716 4
2084 193 2537 281 box 32/3
2280 455 2806 549 fenglenaggape ohne bewährg,
2038 494 3025 601 AusschnitF RUDER ANZEIGEN
2050 566 2790 678 vom: 29. MERZ 1916
2554 650 3124 746 nnne den # uprete
2021 706 3108 763 * Kemödie der Worte. Arthur Schnitzlers Einaster¬
1943 720 3126 807 fulge=kehrte mit Albert Basseann auch im
1959 790 3123 854 AEerttheater ein. Wurmstichige Kleinigkeiten, die mit
1947 824 3115 883 Schgeheuer viel Geschwätz und romanhaftenVoraussetzungen
1952 862 3114 916 ein verlogenes Bild des Lebens geben wollen. Man sollte
1959 900 3110 960 sich von der äüßeren=Glätte, von dem vornehmen Getne des
1956 936 3111 993 Schnitzlerschen Dialogs nicht blenden lassen, von dieser
1951 978 3109 1039 gezierten Eleganz. Wenn man Schnitzlers Stücke heute, im
1956 1019 3111 1064 Kriegsjahr 1916, sieht, fühlt man, wie dieser Dichter aus
1954 1052 3119 1106 fernen, verklungenen Tagen zu kommen scheint und unserer
1962 1097 3123 1166 Zeit nicht mehr das Mindeste zu sagen hat. Diese Art,
1954 1132 3113 1187 Eheprobleme wie eine mathematische Gleichung auszu¬
1956 1163 3109 1235 klügeln, mit weichlichen, angeschmutzten Liebesgeschichten
1953 1211 3108 1258 die Phantasie zu beschäftigen, einem kyrischen Hauch, einem
1949 1247 3104 1311 crotischen Traum zuliebe mit Reinheit und Treue zu
2848 1284 3114 1341 evornehmen,
1944 1290 2760 1337 spielen, und dabei doch den Schein
1952 1321 3111 1369 kultivierten Künstlers zu wahren, diese Art beginnt man!
1950 1367 3103 1413 nachgerade satt und übersatt zu bekommen. „So wenig ge¬
1952 1406 3117 1461 pflegte Fingernägel einen seelisch verluderten Menschen
1955 1444 3106 1489 rein machen können, so wenig macht rein äußerliche Kultur
1949 1486 3102 1526 einen Dichter.“ Die drei kleinen Stücke, die man vorgestern
1943 1524 3102 1570 sah, sind nicht um einen Zollbreit besser oder schlechter als
1952 1556 3117 1609 der Turchschnitt Schnitzlerscher Stücke zu sein pflegt. Aber
1945 1602 3110 1653 die Wirkung ist dahin, die früher so bestrickend und liebens¬
1951 1642 3106 1676 würdig und unwiderstehlich schien. Die Stücke kommen
1952 1674 3111 1737 uns matt, flau, novellistisch vor; das ewige Gerede wirkt oft
1949 1713 3106 1762 wie widerliches Geschwätz; es würde uns grauen, müßten
1952 1745 3117 1804 wir diese leere Kunst häufiger genießen. Man sieht in dem
1940 1790 3103 1828 letzten Stück ein falsches Liebespaar aus zwei Gläsern
1942 1832 3102 1870 Limonade trinken und mit einem Strohhalm heftig Zucker
1945 1863 3113 1930 und Himbeersaft verrühren. So wird in den Stücken, die
1951 1908 3104 1953 unter dem Titel: Komödie der Worte vereint sind,
1942 1948 3112 1995 das Laster durch gebrechliche Strohhalme mit der Limonade
1943 1989 3104 2035 verrührt. Das ließe sich, wäre es der Mühe wert, an den
1946 2024 3112 2064 einzelnen Stücken erweisen. Wir versagen uns, auf die
1951 2064 3097 2111 Werke einzugehen, und wollen nur darauf hinweisen, daß
1946 2098 3099 2150 den Schauspielern dankbare Aufgaben zusallen. Albert
1946 2142 3108 2190 Bassermann nunmehr öfter als früher in Dresden spielen
1948 2178 3109 2228 zn sehen, verdanken wir dem Alberttheater. Der Künstler
1946 2212 3117 2271 wirkte mit jener Euergie, die seinem Talente eigen ist. Bei
1953 2254 2716 2301 ihm wird schrofsste Charakteristit zu
2711 2257 3112 2310 höchster Schönheit.
1947 2294 3115 2360 Eigentlich muß man sich Schnitzlersche Gestalten viel weicher,
1959 2336 3106 2396 anmutsvoller denken. Bassermann strafft ihre Sehnen,
1941 2372 3117 2430 bringt etwas Nordisches, Rauhes, Stachliges hinein.
1950 2430 3126 2511 IImmer aber bezwingt er den Lebenskern einer Gestalts
1956 2481 3134 2545 immer entwickelt er soviel Charakteristik, daß man von
1964 2524 3123 2581 Anfang bis Ende im Vonn seiner Auffassung steht. Basser
1968 2561 3109 2603 mann ist heute wohl derjenige Künstler, der am er¬
1965 2599 3119 2644 barmungslofesten das Bild des modernen Mannes zeichners
1974 2633 3129 2694 Phrasenlos, mit Preisgabe des letzten Restes von De¬
1968 2670 3133 2729 klamation, mit geradezu vernichtender Wahrheitsliebes¬
1966 2720 3123 2786 bringt er in das Wesen seiner Personen. Sonveräu gebietetg
1963 2775 3128 2814 er über die Ausdrucksmittel. Was der Dichter Arthur¬
1966 2805 3136 2858 Schnitzler nicht kann, in Seelen blicken zu lassen, das tann
1960 2823 3126 2899 sein Tarsteller Alberi Bassermann. Die drei Männer=
1965 2875 3126 2938 gestalten traßer ausgezeichnet: den brutaten Stoiker im ersteng
3012 2897 3136 2962 den ##
1962 2913 2990 2970 Stück (Stunde des Erkennens), der schweigend lügt
1971 2948 3126 3002 sanquinischen Komödianten (Große Szene), der Wahrheits
1958 2990 3120 3040 und Lüge untrennbar mischt und nur zufällig einmal im
1973 3026 3126 3093 Beruf einen Menschen spielt den politisch überlegenen
1960 3068 3120 3117 Schriftsteller (Bacchusfest), der mit versteckten Worten,
1966 3103 3132 3155 vieldentig verkleideten Anspielungen den Nebenbuhler zum
3016 3148 3118 3197 Die
1970 3147 3018 3198 Weichen bringt. Stählerne Kraft lag in jeder Gestalt.
1966 3190 3129 3237 Frauenrollen waren in sämtlichen drei Stücken nur
1959 3218 3118 3271 Ischwächeren Händen zugefallen. Fanny Ritter war im
1971 3262 3128 3323 ersten Stück der Tragik nicht gewachsen; Rose=Beldt¬
1967 3299 3126 3347 stirch blieb im zweiten merkwürdig philiströs und unfertig,
1961 3336 3116 3392 Jund selbst Lotte Klein wirkte im letzten Stück zu un¬
1952 3375 3131 3432 Ibedeutend, um den Kampf eines geistvollen Mannes um
1960 3417 3128 3474 ldie Frau glaubhaft zu machen. Staufen als Ormin,
1993 3452 3121 3517 #rude Welker als junge Theaterpflanze, Franz
1956 3488 3132 3555 chönemann als Monotelträger, Theo Siegmundll
1949 3527 3134 3588 lats spöttischer Theaterdirektor und Ernst Deutsch als
1956 3585 3118 3637 betrogener Bräutigam standen unter Dr. Albertus.
1951 3627 3127 3669 Megie an ihrem Platz. Die Ausstattung im ersten und
1956 3642 3122 3697 Hweiten Stück war von den Deutschen Werkstätten in
1955 3683 3136 3762 Hellerau zur Verfügung gestellt und in ihrer Einfachheit
1955 3727 2824 3802 und Schönheit ein wahres Fest der Angen.
