3344 4256
1257 39 1422 101 # #
393 154 2730 265 „Die „Komödie der Worte“ in den Kammerspielen.
1587 312 1812 394 —
1506 326 1706 430 S
1830 416 2131 507 —
1151 478 1494 599 K
1931 573 2336 698 6
388 714 691 802 ASFN 43
1028 671 1172 856 2
412 830 511 885 *
1083 825 1248 902 nhin
395 865 562 941 4
361 920 537 999 7 4
458 959 521 1004 7 J
2025 976 2102 1041 1#
2105 902 2178 1056 )
373 1000 574 1087 44
2338 1123 2434 1187 aner.
2131 1155 2194 1184 1
2186 1152 2342 1225 S
2313 1180 2426 1237 Sr
426 1224 581 1297 2
781 1440 986 1523 41—
2250 1509 2494 1587 Pe
1345 1467 1723 1649 4
1479 1501 1713 1621 Srse
516 1552 728 1646 1
2222 1533 2593 1675 Sen  nterenl
2356 1600 2621 1671 —
1342 1563 1672 1687 S
1310 1588 1729 1718 W
2166 1619 2239 1685 2
2257 1634 2432 1694 WA
1788 1644 1850 1688 N
2170 1656 2401 1719 Krct P.
1457 1683 1519 1721 #
1341 1654 2115 1766 efe erieg. henenaeescaherergench
2676 1691 2741 1744 0
1598 1718 1658 1754 Ger.
1208 1677 1599 1788 N
1755 1726 2116 1789 TN N
1302 1712 1990 1851 an hacucheer
1428 1754 1500 1786 .
2337 1724 2403 1805 25
727 1697 1166 1826 e
1300 1762 1437 1831 4
1069 1787 1310 1858 d
2428 1780 2790 1863 Ztoye
672 1990 2489 2074 Albert Bassermann, Else Bassermann und Siegmund Nunberg in der „Großen Szene.“
1612 2076 2809 2146 da als wohlwollende Korrektheit, wie quillt ihm dann aus dem
426 2089 1589 2161 Diese drei Einakter=Komödien Arthur Schnitzlers haben
1605 2136 2823 2189 Vollbart unter der Glatze muffige Bosheit, seige Heimtücke, wie
370 2147 1580 2199 das Gemeinsame, daß in jeder ein starker Mann — als Hauptrolle —
1610 2179 2810 2240 läßt er immer in dieser äußerlich imposanten Gestalt die geistige
382 2194 1585 2253 und ein Ehebruch — als handlungsbewegendes, menschenerregendes,
1612 2225 2371 2287 und menschliche Mittelmäßigkeit spüren.
373 2235 1101 2299 seelenzerlegendes Motiv — vorkommt.
1652 2261 2817 2322 Aber dann im zweiten Stück, dem Schauspielerstück „Die
427 2286 1593 2338 Der Titel „Komödie der Worte“ charakterisiert hinreichend
1613 2312 2822 2376 große Szene", da geht er los, wird rasender Mime, da sprüht
370 2319 1590 2375 das Wesentliche dieser Stückchen: es wird viel geredet, um Tatsäch¬
1605 2361 2823 2421 aus den Instrumenten seines Körpers und seiner Stimme jedes
379 2362 1589 2420 liches zu verhüllen, so daß dennoch, unfreiwillig, mancherlei Seeli¬
1614 2403 2821 2466 nur mögliche schauspielerische Ausdrucksmittel, von der Träne zum
376 2403 1594 2467 sches enthüllt wird. Und diese psychologischen Schnitzel Schnitzlers
1608 2446 2817 2515 Triumph, von der Ironie zu wirklicher seelischer Bewegtheit. Er
377 2436 1600 2502 sind das Beste, was in diesen Stücken abfällt. Denn diese Einakter
387 2474 1611 2541 gehören keineswegs zu seinen besten Werken, sind im Thema wie in
2021 2497 2307 2608 enen
387 2523 1602 2584 der Durchführung mehr mit der Rechenmaschine als mit dem Herzen,
379 2571 1602 2632 mehr mit dem mathematischen Zirkel als mit schwungvoller Hand
375 2612 610 2684 gearbeitet.
2214 2611 2299 2713 4
432 2641 1600 2719 In zweien dieser Stücke wird der Mann betrogen — und nimmt
382 2686 1606 2752 Rache. Im ersten, „Stunde des Erkennens“ bleibt dennoch
385 2732 1612 2798 die Frau die Stärkere, denn als dieser korrekt=bösartige Arzt,
379 2775 1606 2835 nachdem er zehn Jahre schwieg, Abrechnung hält und die Frau aus
2183 2669 2391 2889 *
375 2813 1607 2864 dem Haus jagt, auskostend den Triumph später Nache, da läßt ihn
1910 2764 2136 2928 □
390 2840 1611 2909 die Frau in dem Glauben, daß ihr einstiger Geliebter des Arztes
386 2891 1618 2960 bester Freund war, auf den er auch im Beruf eifersüchtig ist. Würde
1867 2936 1946 2984 7.—
387 2945 1619 2990 sie den harmlosen wirklichen Geliebten nennen, so wäre diese Ent¬
390 2979 1614 3042 hüllung eine Erleichterung für den Mann. Die Komplikation aber
385 3019 1609 3077 ist, daß sie diesen Freund ihres Mannes wirklich liebt, und weil
1852 2941 2017 3111 .
387 3061 1158 3136 sie ihn liebt, damals auf ihn verzichtete.
437 3109 1608 3167 Im anderen „Das Bacchusfest" bleibt der Mann der
384 3146 1619 3204 Stärkere, indem er in der Bahnhofshalle, aus der für immer seine
378 3201 1613 3259 Frau und deren Liebhaber in die weite Welt gehen wollen, durch
385 3242 1625 3313 den überlegenen Griff seiner Männlichkeit die Frau wieder zu sich
393 3291 526 3349 rafft.
437 3323 1620 3379 Beide Stücke wirken lasch und altmodisch, wie Kleider, die jahre¬
387 3365 1622 3416 lang ungetragen im Schrank gehangen haben. In dem Mittelstück
2103 3314 2232 3467 W
383 3398 1621 3462 aber, welches nach altem Volksglauben bei Menschen und gebratenen
1926 3405 2144 3509 839
392 3449 1627 3522 Tieren und in der Literatur immer das Beste zu sein pflegt, geht
394 3495 1624 3559 alles einfacher, gradliniger, schwungvoller, tempoflotter vor sich.
398 3534 1619 3592 Da hat ein großer Mime eine Frau mit der Braut eines anderen
392 3563 1624 3627 betrogen und überzeugt nun diesen Bräutigam, während seine erst
401 3622 1616 3680 geflohene, nun zurückgekehrte Frau im Nebenzimmer entsetzt lauscht,
393 3647 1628 3726 unter Entfesselung aller Mittel des Komödianten, rasch bevor er sich
2322 3604 2657 3761 51
401 3720 1431 3770 für den Hamlet umzieht, daß die Braut anständig sei.
439 3719 1625 3804 Natürlich ist der starke Mann in allen drei Stücken: Basser¬
398 3783 1621 3850 mann. Als Paraderollen führt er seit zehn Jahren diese Stücke
391 3818 1623 3883 vor . . . spielt sie nicht, nein, schmettert sie hin. Aus Schnitzlers
403 3866 1624 3929 psychologischen Konstruktionen macht er Menschen von Saft, der hell
400 3912 1653 3980 aufspritzt. Wie steht er im ersten Stück hochragend im Gehrockj
2006 3898 2396 3983 Paul Bildt.
2816 107 3356 177 übertölpelt den Tölpel so grau
2808 170 3351 223 gedonnert steht über die Wahr
2808 213 3357 276 Lügen auf den Armen loshetzt
2803 250 3358 315 aufführen — und spielte diese
2812 297 3349 363 lich als Unschuldiger eine Un
2857 342 3356 406 Es geschieht da (spitzt das
2809 379 3358 443 Bühne einen Schauspieler st
2812 432 3354 493 Szene schauspielern will — un
2818 471 3355 528 gißt, ein Schauspieler zu se
2808 508 3354 575 während der ganzen Szene 1
2825 556 3348 608 der Bühne, die sich schauspiele
2813 606 3341 675 Bassermann ist. Und dann,
3209 998 3324 1089 9
3159 1668 3356 1749 J
3191 1777 3350 1867 Alber
2827 1862 3356 1949 kunst entrüstet, abermals fli
2826 1933 3343 1985 der Garderobe in einer tat
2839 1976 3344 2038 kostümiert, um mit einer po
2834 2014 3347 2078 eigene Frau zurückzuerober
2842 2065 3356 2119 einem einzigen Backsisch, de
2833 2100 3358 2167 oben an die gewaltige Bruf
2835 2144 3357 2211 von solchem Furioso, solcher
2830 2194 3356 2265 aufheben müßte — für die
2885 2231 3335 2300 Das dritte Stück, das „
2829 2266 3357 2338 Bassermann wirkt in klei
2838 2329 3355 2391 vortrefflich gestützt von de
2835 2368 3334 2423 geschüchterten Verlogenheit
2837 2416 3351 2477 Hollmann, der einen mit
2840 2468 3357 2522 Man muß noch feststellen, d
2847 2507 3355 2562 im „Wetterleuchten“ auffiel,
2839 2546 3353 2607 spielt, daß Paul Bildt mi
2843 2589 3357 2647 war, der niemals zum Gel
2844 2621 3340 2692 Werra John eine freche 9
2840 2665 3351 2747 sie ein Basserfräulein. So
