3344 4256
2154 142 2615 242 box 32/3
278 151 2015 271 26.1. Konoedie der Vorte—Zykius
2523 910 3064 1099 — — D
681 1047 1200 1147 „Hindenburg“
1380 1085 3319 1191 „Herz-Ecke“ Friedrich-Straße 70 Keine Filialen
1852 1171 2001 1260 Aererene
1731 1253 3359 1331 mit dem, den sie liebte, sondern mit einem anderen, einem Zu= ist nichts als ein ein
936 1239 1392 1365 Jeuilleion.
1746 1299 3350 1371 fälligen, den sie längst schon aus dem Herzen getilgt hat, so wie greift, erfaßt sie der
1741 1342 3348 1414 auch ihre Schuld, über die zehnjährige eheliche Freundschaft ge¬ Frauen ihre Männer
1740 1392 3361 1454 wuchert ist. Aber dem Doktor Karl Eckold, der den Ingrimm Stürmt er doch im H
583 1355 1707 1496 Schnißzler=Abend im Lessing-Theater.
1736 1428 2938 1497 eines wissenden Hahnrei zehn Jahre unterdrückte, beliebt es, mit
2938 1431 3361 1499 zimmer und trägt sie
1728 1470 2940 1548 einem Male abzurechnen. Solange die Tochter im Hause war,
603 1471 1677 1549 „Komödie der Worie.“ — Drei Einakter.
2932 1484 3362 1553 Armen in das Theate
1733 1509 2938 1580 sollte der Skandal vermieden werden, jetzt, wo sie geheiratet hat,
2933 1521 3353 1584 der Loge sitzt. Solche
608 1522 1743 1604 Der einunddreißigjährige Schnitzler schrieb die Geschichte
1737 1551 2933 1622 dünkt ihm längeres Zusammenleben unmoralisch. Und der Gatte
2940 1565 3349 1638 lich nicht standzuhalte
532 1577 1740 1647 Anatols, dieses etwa gleichaltrigen jungen Mannes, des Lebens¬
1736 1605 2945 1677 enthüllt sich. Er macht reinen Tisch, spricht frei von der Leber,
2999 1612 3355 1682 Dem Schriftstelle
530 1613 1743 1693 künftlers und Wortkomödianten. Inzwischen sind die Jahre sei¬
1740 1643 2927 1718 was er all die Jahre bei sich getragen hat, demütigt die Frau,
2927 1653 3354 1717 werden. Von einem
517 1661 1744 1728 ner Helden, zugleich mit denen des Dichters, gestiegen, aber die
1731 1686 2933 1757 bekennt sich brutal zu seinem Ich: Richt, daß du mich hinter¬
2933 1695 3360 1758 keit in die Tasche steck
522 1716 1738 1775 Helden sind alle irgendwie solche Anatols geblieben, Leute, die des
1733 1736 2932 1801 gangen, vermag ich nicht zu verzeihen, sondern, daß du mich ge¬
2928 1734 3358 1802 benden erwarten den
530 1752 1738 1819 Daseins Stürme in ein Wasserglas zu bannen verstehen, mit
1726 1764 2924 1841 rade mit ihm betrogen hast, mit dem Professor Ormin, meinem
2933 1789 3360 1849 Tiroler Gebirgsstatio
519 1794 1738 1864 Worten sich Brücken über Schmerzensabgründe bauen und niemals
1727 1818 2943 1900 Nebenbuhler, der es „weiter im Leben brachte“ den ich beneidete.
2922 1830 3359 1897 einigen. Er kommt
530 1844 2941 1935 ihre elegante, besonnene Haltung verlieren. Arthur Schnitzler hat Dort ist die Türe! Es gibt Gattenrechte, die sich nicht verjähren.
2922 1861 3359 1941 legenheit spielen und
525 1889 1737 1956 keine Tragödien zu vergeben. Denn jegliche Leidenschaft biegt für
1728 1904 2941 1966 — Sie aber lehnt sich auf gegen diesen Ueberfall, revoltiert gegen
2924 1916 3362 1974 vollendeten Drama 2
523 1931 1728 2003 ihn, lange ehe sie den Höhepunkt erreicht, in den Weg der Ironie,
1734 1943 3351 2023 seine lange Schweigsamkeit, revoltiert, daß er sie insgeheim in der bestehen, er wird abge
522 1973 1734 2036 des Selbstzweifels und der Blasiertheit ein, er kennt nur wohl¬
1726 2004 2939 2064 Hand gehalten und mit ihr sein Spiel getrieben hat. Man sagt
2919 2005 3360 2067 glück verkleistert ein
519 2014 1734 2088 erzogene und wohlhabende Menschen mit einwandfreien Bügel¬
1737 2036 2942 2113 einander ungetünchte Wahrheiten, wühlt den Schlamm einer alten
2995 2051 3349 2112 Kein Zweifel, daß
526 2068 1735 2129 falten, denen es ihre guten Manieren verbieten, ungestüm zu wer¬
1730 2080 2935 2143 Ehe auf. Er triumphiert, scheinbar als der Stärkere. Doch nicht
2927 2076 3361 2156 tiker ist; man hat dies
523 2106 1735 2174 den und die viel zu gescheit sind, als daß sie mit überlauter
1728 2129 2933 2199 bis zum Schluß, denn sein Verdacht war falsch, vom wirklichen
2935 2126 3358 2200 Seine Dialoge sind wi
523 2149 1732 2218 Stimme gegen das Schicksal haderten. Ihr Blut kennt keine
1730 2167 2922 2236 Dieb seiner Gattenehre ahnt er nichts, und die Hörner bleiben ihm,
2930 2182 3353 2245 je nachdem. Man kan
513 2189 1725 2258 Siedehitze und keine Eiseskälte, es gerät schlimmstenfalls in
1726 2208 2920 2274 zugleich mit dem Fluch der Lächerlichkeit vor der eigenen Frau.
2919 2226 3335 2291 verlangen mag. Es
525 2232 1719 2301 mäßige Wallungen, das ist der Punkt, über den sonst kein Mann
1723 2259 2925 2320 Im Widerwillen vor seinem entlarvten Gesicht, geht sie. Nicht weil
2921 2270 3351 2327 heiten, die es verdien
529 2284 1737 2344 hinwegkommt — die Enkel Anatols sind darüber mit mehr oder
1730 2292 2928 2360 sie müßte, beinahe wäre sie geblieben, fast hätte er verziehen. Die
2916 2307 3361 2373 Brillantfeuerwerk von
519 2313 1728 2394 minder gewandter Sprungkraft hinweggehüpfi. Denn wäre es nicht
1723 2341 2935 2410 Kluft zwischen den Zweien ist gar keine Kluft, nur ein erträglich
2920 2359 3361 2419 leichtem, diskretem Kr
511 2369 1737 2427 töricht und auch ein wenig lächerlich, vor dieser Grenze haltzu¬
1721 2391 2926 2443 breiter Graben, über den man unschwer hinüber könnte. Jedoch
2920 2399 3361 2461 Flammenräder, die sich
513 2402 1721 2477 machen? Es brächte das Herz aus dem Gleichgewicht, und es er¬
1717 2426 2932 2499 der Dichter will es anders: Er nimmt einen Anlauf dazu, stark
2928 2445 3358 2506 sichtbaren Inschriften,
511 2462 1719 2520 gäben sich grausame, vielleicht sogar schmutzige Verwicklungen,
1719 2464 2392 2534 zu sein. Er wird nur gewalttätig.
2913 2479 3361 2546 sind ha, wirklich viele
522 2490 1734 2558 gewiß aber gerieten Seele und Leib in Unordnung. Gute
1793 2508 3357 2584 Die „Große Szene“, die Schauspieler Konrad Herbot seiner danken nicht inhaltsvoll
520 2543 1718 2610 Bürger bleiben sie alle, alle. Man verliert nicht den Atem, wenn
1724 2543 2922 2638 Frau vorspielt, ist auch eine Stunde des Erkennens. Sie erkennt
2918 2571 3337 2638 damals beklemmend
520 2587 1718 2660 er nur etwas perfümiert ist, und man stürzt sich eben nicht vom
1727 2607 2921 2670 die Theaterseele dieses Kulissenreißers, erkennt, daß er ein
2917 2616 3362 2685 sprochen, also ein Men
513 2633 1725 2694 Salonfenster auf die Straße. So kann es geschehen, daß ein
1729 2650 2938 2724 Komödiant ist auch vor ihr. Unbeschwert von Gewissensskrupeln,
2985 2658 3359 2724 Die Darstellung:
515 2672 1731 2744 Dichter beinahe ein Vierteljahrhundert lang in den Tiefen der
1720 2693 2925 2760 hat er sie betrogen, mit gleicher Leichtigkeit macht er ihr seine
2915 2683 3352 2761 gibt den Arzt, den
511 2724 1733 2784 Menschlichkeiten schürft und doch nur abgerundete, zerbrechliche
1716 2733 2918 2795 Schuldgeständnisse, und ohne größere Beschwernis düpiert er den
2921 2754 3351 2810 mit allen Infamien ein
512 2760 1725 2827 Gefühlchen ans Tageslicht gefördert hat, Abkläricht und immer
1715 2770 2924 2844 Verlobten jenes jungen Mädchens, das ihm den Sommerurlaub
2926 2792 3353 2855 Assyrerbart reizt. Der
521 2812 1719 2885 wiederum Abkläricht. Nun, auch auf Lackschuhen kommt man in
1722 2821 2924 2883 versüßte. Künstlertum und Ehe, Liebe und Ehre, Wahrheit und
2910 2834 3361 2891 Hohlkopf und, in sich v
520 2847 830 2911 die Literatur.
1705 2863 2918 2927 Lüge — dies alles sieht #r nur im Rampenlicht, jedes seiner
2923 2878 3360 2941 gereiften Lebenskünstl
598 2884 1722 2949 Die drei Einakter vom Sonnabend sind Variationen über das¬
1724 2907 2912 2974 Worte trägt Schminke, und in dem großen Helden steckt nur ein
2911 2915 3359 2980 übrigen spielt er, wie al
521 2920 1726 3007 selbe Thema: die Stunde des Erkennens. Frau Klara Eckold hat
1719 2953 3361 3019 ganz gewöhnliches kleines Luder. Das Leben besteht für ihn sich selbst, und dies ist
507 2990 3357 3079 ihren Gatten, den Arzt, einmal, vor Jahren, hintergangen. Nicht aus Szenen mit guten Auftritten und vorteilhaften Abgängen. Er) und sehr lebendig, The¬
959 3040 1355 3212 T
679 3056 1337 3294 ##
718 3228 1384 3429 U0 901—
