<?xml version="1.0" encoding="UTF-8" standalone="yes"?>
<PcGts xmlns="http://schema.primaresearch.org/PAGE/gts/pagecontent/2013-07-15" xmlns:xsi="http://www.w3.org/2001/XMLSchema-instance" xsi:schemaLocation="http://schema.primaresearch.org/PAGE/gts/pagecontent/2013-07-15 http://schema.primaresearch.org/PAGE/gts/pagecontent/2013-07-15/pagecontent.xsd">
    <Metadata>
        <Creator>prov=University of Rostock/Institute of Mathematics/CITlab/Gundram Leifert/gundram.leifert@uni-rostock.de:name=ONB_Newseye_GT_M1+(htr_id=10810)::::v=2.4.2
prov=University of Rostock/Institute of Mathematics/CITlab/Tobias Gruening/tobias.gruening@uni-rostock.de:name=de.uros.citlab.module.baseline2polygon.B2PSeamMultiOriented:v=2.4.2
prov=University of Rostock/Institute of Mathematics/CITlab/Tobias Gruening/tobias.gruening@uni-rostock.de:name=/mnt/transkribus/LA/DEA/URO/LA_news_onb_att.pb:de.uros.citlab.segmentation.CITlab_LA_ML:v=2.4.2
Transkribus</Creator>
        <Created>2019-10-07T11:10:58.986+02:00</Created>
        <LastChange>2019-10-08T00:48:48.548+02:00</LastChange>
        <TranskribusMetadata docId="223960" pageId="9495429" pageNr="487" tsid="16492759" status="IN_PROGRESS" userId="40391" imgUrl="https://files.transkribus.eu/Get?id=RVYRLZNTEKRPCWFOAXOJVGNF&amp;fileType=view" xmlUrl="https://files.transkribus.eu/Get?id=NYYRYAGYWWUBMBDRICBZMBOY" imageId="6185656"/>
    </Metadata>
    <Page imageFilename="223960_0487.jpeg" imageWidth="3344" imageHeight="4352">
        <ReadingOrder>
            <OrderedGroup id="ro_1711443445697" caption="Regions reading order">
                <RegionRefIndexed index="0" regionRef="r1"/>
                <RegionRefIndexed index="1" regionRef="r2"/>
                <RegionRefIndexed index="2" regionRef="r3"/>
            </OrderedGroup>
        </ReadingOrder>
        <TextRegion orientation="0.0" id="r1" custom="readingOrder {index:0;}">
            <Coords points="210,242 210,397 431,397 431,242"/>
            <TextLine id="r1l1" custom="readingOrder {index:0;}">
                <Coords points="201,353 216,355 232,372 312,351 349,364 360,357 391,367 408,360 441,364 442,303 421,308 405,291 373,304 344,298 325,307 304,290 283,299 252,282 202,298"/>
                <Baseline points="210,344 237,343 265,342 292,342 320,342 348,343 375,344 403,345 431,347"/>
                <TextEquiv>
                    <Unicode>26.1</Unicode>
                </TextEquiv>
            </TextLine>
            <TextEquiv>
                <Unicode>26.1</Unicode>
            </TextEquiv>
        </TextRegion>
        <TextRegion orientation="0.0" id="r2" custom="readingOrder {index:1;}">
            <Coords points="453,336 453,3731 2242,3731 2242,336"/>
            <TextLine id="r2l1" custom="readingOrder {index:0;}">
                <Coords points="444,369 1839,382 1934,375 1935,327 444,329"/>
                <Baseline points="453,357 526,358 600,358 673,359 747,359 821,360 894,360 968,361 1042,361 1115,361 1189,362 1263,362 1336,362 1410,363 1484,363 1557,363 1631,364 1705,364 1778,365 1852,365 1926,366"/>
                <TextEquiv>
                    <Unicode>KonoedieWOFOATKIIS</Unicode>
                </TextEquiv>
            </TextLine>
            <TextLine id="r2l2" custom="readingOrder {index:1;}">
                <Coords points="970,1036 1155,1065 1222,1048 1233,1060 1254,1050 1323,1068 1382,1062 1383,1037 1322,1006 1283,1015 1201,993 1164,1002 1126,984 1094,1002 1021,989 971,1014"/>
                <Baseline points="980,1032 1006,1032 1032,1032 1058,1034 1085,1034 1111,1036 1137,1037 1163,1039 1190,1041 1216,1043 1242,1045 1268,1046 1295,1047 1321,1049 1347,1050 1374,1051"/>
                <TextEquiv>
                    <Unicode>Ausschnitt aus:</Unicode>
                </TextEquiv>
            </TextLine>
            <TextLine id="r2l3" custom="readingOrder {index:2;}">
                <Coords points="1407,1100 1506,1125 1558,1107 1821,1134 2072,1119 2073,1078 2015,1053 1792,1046 1712,1065 1681,1046 1650,1063 1409,1041"/>
                <Baseline points="1416,1098 1448,1099 1480,1100 1513,1102 1545,1103 1578,1104 1610,1105 1642,1106 1675,1107 1707,1108 1740,1108 1772,1109 1804,1110 1837,1110 1869,1111 1902,1111 1934,1112 1966,1112 1999,1112 2031,1112 2064,1112"/>
                <TextEquiv>
                    <Unicode>Kalisbader Badeblalt</Unicode>
                </TextEquiv>
            </TextLine>
            <TextLine id="r2l4" custom="readingOrder {index:3;}">
                <Coords points="971,1144 1110,1156 1144,1141 1388,1170 1403,1166 1407,1096 1183,1079 1115,1112 974,1092"/>
                <Baseline points="980,1132 1005,1134 1031,1134 1057,1135 1083,1136 1109,1137 1135,1138 1161,1139 1187,1140 1213,1141 1239,1143 1265,1145 1291,1147 1317,1150 1343,1153 1369,1156 1395,1160"/>
                <TextEquiv>
                    <Unicode>vom: TZ0H11315</Unicode>
                </TextEquiv>
            </TextLine>
            <TextLine id="r2l5" custom="readingOrder {index:4;}">
                <Coords points="986,1221 1810,1241 1811,1219 1656,1214 1565,1170 990,1147"/>
                <Baseline points="996,1193 1036,1196 1076,1200 1116,1203 1157,1206 1197,1208 1237,1210 1277,1213 1318,1215 1358,1217 1398,1219 1438,1221 1479,1223 1519,1225 1559,1227 1599,1229 1640,1231 1680,1233 1720,1236 1760,1238 1801,1241"/>
                <TextEquiv>
                    <Unicode></Unicode>
                </TextEquiv>
            </TextLine>
            <TextLine id="r2l6" custom="readingOrder {index:5;}">
                <Coords points="1028,1360 1455,1400 1549,1371 1733,1417 1885,1412 1927,1373 1753,1343 1693,1362 1647,1322 1542,1356 1392,1310 1299,1346 1239,1302 1151,1329 1092,1295 1030,1303"/>
                <Baseline points="1038,1351 1081,1355 1125,1358 1169,1361 1213,1364 1257,1367 1301,1370 1345,1372 1389,1375 1433,1377 1477,1379 1520,1381 1564,1383 1608,1385 1652,1387 1696,1388 1740,1390 1784,1392 1828,1394 1872,1395 1916,1396"/>
                <TextEquiv>
                    <Unicode>Thrater, Müsik und Kunst.</Unicode>
                </TextEquiv>
            </TextLine>
            <TextLine id="r2l7" custom="readingOrder {index:6;}">
                <Coords points="968,1433 1915,1488 1987,1478 1989,1436 970,1391"/>
                <Baseline points="978,1420 1028,1422 1078,1425 1128,1427 1178,1430 1228,1432 1278,1435 1328,1438 1378,1440 1428,1443 1478,1445 1528,1448 1578,1451 1628,1453 1678,1456 1728,1458 1778,1460 1828,1462 1878,1464 1928,1466 1979,1468"/>
                <TextEquiv>
                    <Unicode>SchnitzlerKomädie der Worto“ und die deutsche</Unicode>
                </TextEquiv>
            </TextLine>
            <TextLine id="r2l8" custom="readingOrder {index:7;}">
                <Coords points="1038,1469 1055,1468 1067,1477 1083,1464 1137,1477 1156,1469 1169,1473 1191,1465 1202,1468 1204,1446 1182,1442 1170,1446 1158,1434 1140,1429 1105,1433 1066,1425 1040,1427"/>
                <Baseline points="1048,1457 1077,1458 1106,1459 1135,1461 1164,1463 1194,1465"/>
                <TextEquiv>
                    <Unicode>Presse.</Unicode>
                </TextEquiv>
            </TextLine>
            <TextLine id="r2l9" custom="readingOrder {index:8;}">
                <Coords points="1006,1498 1982,1569 1998,1517 1007,1476"/>
                <Baseline points="1016,1501 1064,1504 1113,1507 1161,1511 1210,1514 1258,1517 1307,1519 1355,1522 1404,1524 1452,1526 1501,1528 1550,1530 1598,1533 1647,1534 1695,1537 1744,1539 1792,1542 1841,1544 1889,1546 1938,1550 1987,1553"/>
                <TextEquiv>
                    <Unicode>Anläßlich der im Berliner Lessing=Theater statt¬</Unicode>
                </TextEquiv>
            </TextLine>
            <TextLine id="r2l10" custom="readingOrder {index:9;}">
                <Coords points="973,1541 1983,1596 1985,1563 1947,1555 975,1510"/>
                <Baseline points="982,1541 1031,1545 1081,1548 1130,1551 1180,1554 1230,1556 1279,1560 1329,1562 1379,1565 1428,1567 1478,1570 1528,1572 1577,1574 1627,1577 1677,1580 1726,1582 1776,1584 1826,1587 1875,1589 1925,1592 1975,1595"/>
                <TextEquiv>
                    <Unicode>gesundenen Erstaufführung von Artur Schnitzlers</Unicode>
                </TextEquiv>
            </TextLine>
            <TextLine id="r2l11" custom="readingOrder {index:10;}">
                <Coords points="961,1611 1562,1612 1864,1650 1996,1631 1998,1596 964,1547"/>
                <Baseline points="972,1581 1022,1586 1073,1588 1124,1591 1175,1595 1225,1597 1276,1599 1327,1602 1378,1604 1428,1606 1479,1608 1530,1609 1581,1611 1631,1614 1682,1616 1733,1619 1784,1621 1834,1624 1885,1627 1936,1631 1987,1635"/>
                <TextEquiv>
                    <Unicode>Einaktexerfolge „Komödie der Worte“ schreibt die</Unicode>
                </TextEquiv>
            </TextLine>
            <TextLine id="r2l12" custom="readingOrder {index:11;}">
                <Coords points="1228,1708 1296,1721 1609,1726 1633,1719 1634,1699 1572,1671 1483,1669 1450,1681 1423,1660 1354,1665 1322,1684 1283,1663 1229,1673"/>
                <Baseline points="1237,1708 1262,1710 1288,1711 1314,1713 1340,1714 1366,1715 1391,1716 1417,1717 1443,1717 1469,1718 1495,1718 1520,1719 1546,1719 1572,1719 1598,1720 1624,1721"/>
                <TextEquiv>
                    <Unicode>31. Oktober 1915.</Unicode>
                </TextEquiv>
            </TextLine>
            <TextLine id="r2l13" custom="readingOrder {index:12;}">
                <Coords points="1109,1819 2052,1842 2133,1817 2134,1784 1109,1786"/>
                <Baseline points="1118,1811 1168,1814 1218,1816 1268,1817 1319,1819 1369,1820 1419,1821 1470,1822 1520,1823 1570,1823 1621,1824 1671,1824 1721,1825 1771,1825 1822,1825 1872,1825 1922,1825 1973,1826 2023,1826 2073,1826 2124,1826"/>
                <TextEquiv>
                    <Unicode>„Deutsche Tageszeitung" unter anderem: Mancher</Unicode>
                </TextEquiv>
            </TextLine>
            <TextLine id="r2l14" custom="readingOrder {index:13;}">
                <Coords points="1112,1850 1910,1883 2126,1855 1113,1818"/>
                <Baseline points="1121,1853 1170,1855 1220,1856 1270,1858 1320,1860 1370,1862 1419,1863 1469,1864 1519,1865 1569,1866 1619,1867 1668,1867 1718,1868 1768,1869 1818,1869 1868,1869 1917,1870 1967,1870 2017,1870 2067,1869 2117,1869"/>
                <TextEquiv>
                    <Unicode>Vorzug des Schriftstellers Schnitzler ist auch an die¬</Unicode>
                </TextEquiv>
            </TextLine>
            <TextLine id="r2l15" custom="readingOrder {index:14;}">
                <Coords points="1110,1905 2097,1921 2126,1885 1111,1861"/>
                <Baseline points="1120,1891 1169,1893 1219,1895 1269,1897 1319,1898 1369,1900 1418,1901 1468,1902 1518,1903 1568,1904 1618,1905 1667,1906 1717,1906 1767,1907 1817,1907 1867,1908 1916,1908 1966,1909 2016,1910 2066,1910 2116,1911"/>
                <TextEquiv>
                    <Unicode>ser Stelle willig anerkannt worden. Aber allmählich</Unicode>
                </TextEquiv>
            </TextLine>
            <TextLine id="r2l16" custom="readingOrder {index:15;}">
                <Coords points="1108,1940 2122,1949 2067,1910 1109,1903"/>
                <Baseline points="1117,1930 1166,1933 1216,1936 1266,1938 1316,1940 1366,1941 1415,1942 1465,1943 1515,1944 1565,1945 1615,1945 1664,1946 1714,1946 1764,1946 1814,1946 1864,1947 1913,1947 1963,1947 2013,1948 2063,1948 2113,1949"/>
                <TextEquiv>
                    <Unicode>erstarrt seine Kunst, geistreiche Worte zu setzen, in</Unicode>
                </TextEquiv>
            </TextLine>
            <TextLine id="r2l17" custom="readingOrder {index:16;}">
                <Coords points="1099,1973 2059,2000 2133,1958 1099,1940"/>
                <Baseline points="1108,1967 1158,1970 1209,1974 1260,1976 1311,1979 1362,1981 1412,1982 1463,1984 1514,1985 1565,1986 1616,1986 1666,1987 1717,1987 1768,1987 1819,1987 1870,1986 1920,1986 1971,1985 2022,1984 2073,1983 2124,1982"/>
                <TextEquiv>
                    <Unicode>Greisenhaftigkeit, und seine psychologischen Bohr¬</Unicode>
                </TextEquiv>
            </TextLine>
            <TextLine id="r2l18" custom="readingOrder {index:17;}">
                <Coords points="1103,2003 1247,2030 2135,2023 2135,1996 1984,1979 1560,2004 1104,1969"/>
                <Baseline points="1112,2008 1162,2011 1213,2014 1264,2016 1314,2018 1365,2019 1416,2021 1466,2022 1517,2023 1568,2023 1619,2024 1669,2024 1720,2024 1771,2024 1821,2024 1872,2024 1923,2024 1973,2023 2024,2023 2075,2023 2126,2023"/>
                <TextEquiv>
                    <Unicode>versuche wagen sich an immer untauglichere Gegen¬</Unicode>
                </TextEquiv>
            </TextLine>
            <TextLine id="r2l19" custom="readingOrder {index:18;}">
                <Coords points="1103,2049 2251,2089 2252,2030 2214,2013 2111,2053 1104,2011"/>
                <Baseline points="1112,2049 1168,2052 1225,2055 1281,2057 1338,2058 1394,2060 1451,2060 1507,2061 1564,2062 1620,2062 1677,2063 1733,2063 1790,2064 1846,2065 1903,2066 1959,2067 2016,2069 2072,2072 2129,2075 2185,2079 2242,2084"/>
                <TextEquiv>
                    <Unicode>stände. Selbst seine besten Freunde und überzeugte. 0</Unicode>
                </TextEquiv>
            </TextLine>
            <TextLine id="r2l20" custom="readingOrder {index:19;}">
                <Coords points="1107,2100 2130,2098 2066,2069 1108,2052"/>
                <Baseline points="1116,2092 1166,2092 1216,2093 1266,2094 1316,2094 1367,2096 1417,2097 1467,2098 1517,2099 1567,2100 1618,2102 1668,2103 1718,2104 1768,2105 1818,2106 1869,2106 1919,2107 1969,2107 2019,2107 2069,2106 2120,2106"/>
                <TextEquiv>
                    <Unicode>sten Anhänger werden die breite, selbstgefällige Ge¬</Unicode>
                </TextEquiv>
            </TextLine>
            <TextLine id="r2l21" custom="readingOrder {index:20;}">
                <Coords points="1107,2137 2085,2158 2115,2109 1107,2110"/>
                <Baseline points="1116,2133 1165,2133 1215,2133 1264,2134 1314,2135 1363,2136 1413,2137 1462,2137 1512,2139 1561,2140 1611,2141 1660,2142 1710,2143 1759,2144 1809,2144 1858,2144 1908,2144 1957,2144 2007,2144 2056,2143 2106,2141"/>
                <TextEquiv>
                    <Unicode>schwätzigkeit dieser mit Fug als „Wortkomödien“ be¬</Unicode>
                </TextEquiv>
            </TextLine>
            <TextLine id="r2l22" custom="readingOrder {index:21;}">
                <Coords points="1106,2178 2123,2185 2018,2144 1106,2143"/>
                <Baseline points="1114,2175 1164,2174 1214,2173 1264,2172 1314,2172 1364,2173 1414,2173 1464,2174 1514,2176 1564,2178 1614,2179 1664,2181 1714,2182 1764,2184 1814,2185 1864,2186 1914,2186 1964,2187 2014,2186 2064,2185 2114,2184"/>
                <TextEquiv>
                    <Unicode>zeichneten Dichtungen übel empfinden, werden die</Unicode>
                </TextEquiv>
            </TextLine>
            <TextLine id="r2l23" custom="readingOrder {index:22;}">
                <Coords points="1104,2209 2123,2237 2124,2191 2022,2182 1105,2180"/>
                <Baseline points="1113,2212 1163,2211 1213,2211 1263,2212 1313,2212 1363,2213 1413,2214 1463,2215 1513,2216 1563,2218 1613,2220 1663,2221 1713,2222 1763,2223 1813,2225 1863,2226 1913,2226 1963,2227 2013,2227 2063,2226 2113,2225"/>
                <TextEquiv>
                    <Unicode>den Abend eröffnende Tragödie als mühsam kon¬</Unicode>
                </TextEquiv>
            </TextLine>
            <TextLine id="r2l24" custom="readingOrder {index:23;}">
                <Coords points="1100,2251 2194,2277 2219,2211 1911,2246 1100,2227"/>
                <Baseline points="1109,2252 1164,2252 1219,2253 1274,2253 1329,2254 1384,2255 1439,2257 1494,2258 1549,2260 1604,2261 1659,2262 1714,2263 1769,2264 1824,2264 1879,2265 1934,2264 1989,2264 2044,2262 2099,2261 2154,2258 2210,2255"/>
                <TextEquiv>
                    <Unicode>struierten Schwindel belächeln und für die Ge¬ Te</Unicode>
                </TextEquiv>
            </TextLine>
            <TextLine id="r2l25" custom="readingOrder {index:24;}">
                <Coords points="1102,2302 1991,2323 2124,2317 2125,2273 1102,2263"/>
                <Baseline points="1112,2291 1162,2292 1212,2292 1262,2293 1312,2294 1363,2294 1413,2295 1463,2296 1513,2298 1563,2299 1614,2300 1664,2301 1714,2302 1764,2303 1814,2303 1865,2304 1915,2304 1965,2304 2015,2304 2065,2304 2116,2303"/>
                <TextEquiv>
                    <Unicode>schmacklosigkeit des letzten Einakters, der Ehebruch</Unicode>
                </TextEquiv>
            </TextLine>
            <TextLine id="r2l26" custom="readingOrder {index:25;}">
                <Coords points="1104,2334 2121,2351 2121,2322 2064,2308 1104,2306"/>
                <Baseline points="1114,2329 1163,2331 1213,2332 1263,2333 1313,2335 1363,2336 1413,2337 1462,2338 1512,2339 1562,2339 1612,2340 1662,2341 1712,2342 1762,2342 1811,2343 1861,2343 1911,2344 1961,2344 2011,2345 2061,2345 2111,2346"/>
                <TextEquiv>
                    <Unicode>und Frömmigkeit in ganz ernsthaft gemeinte, breit</Unicode>
                </TextEquiv>
            </TextLine>
            <TextLine id="r2l27" custom="readingOrder {index:26;}">
                <Coords points="1104,2378 2028,2399 2126,2387 2127,2350 1104,2345"/>
                <Baseline points="1113,2371 1163,2371 1213,2372 1263,2373 1314,2374 1364,2375 1414,2376 1464,2377 1515,2378 1565,2379 1615,2379 1665,2380 1716,2381 1766,2381 1816,2382 1866,2382 1917,2382 1967,2382 2017,2382 2067,2382 2118,2381"/>
                <TextEquiv>
                    <Unicode>ausgesponnene Beziehungen bringt, die Achseln</Unicode>
                </TextEquiv>
            </TextLine>
            <TextLine id="r2l28" custom="readingOrder {index:27;}">
                <Coords points="1091,2429 2116,2426 2116,2393 2056,2387 1092,2384"/>
                <Baseline points="1100,2411 1150,2412 1200,2413 1251,2413 1301,2414 1351,2414 1402,2415 1452,2415 1502,2416 1553,2417 1603,2417 1653,2418 1704,2419 1754,2419 1804,2420 1855,2421 1905,2421 1955,2422 2006,2422 2056,2422 2107,2423"/>
                <TextEquiv>
                    <Unicode>zucken. Damit ist alles Erforderliche über den Kunst¬</Unicode>
                </TextEquiv>
            </TextLine>
            <TextLine id="r2l29" custom="readingOrder {index:28;}">
                <Coords points="1103,2455 2106,2483 2120,2430 1103,2420"/>
                <Baseline points="1112,2446 1164,2447 1217,2449 1269,2450 1322,2452 1374,2453 1427,2454 1480,2456 1532,2457 1585,2458 1637,2459 1690,2460 1742,2461 1795,2462 1848,2462 1900,2462 1953,2462 2005,2462 2058,2462 2111,2461"/>
                <TextEquiv>
                    <Unicode>wert der drei Stücke gesagt. Vom national=sittlichen</Unicode>
                </TextEquiv>
            </TextLine>
            <TextLine id="r2l30" custom="readingOrder {index:29;}">
                <Coords points="1098,2498 2119,2506 2105,2467 1099,2454"/>
                <Baseline points="1108,2487 1158,2488 1208,2489 1258,2490 1308,2491 1358,2493 1408,2494 1458,2495 1508,2496 1558,2497 1608,2498 1658,2499 1708,2499 1758,2500 1808,2501 1858,2501 1908,2502 1958,2502 2008,2502 2058,2502 2109,2502"/>
                <TextEquiv>
                    <Unicode>Standpunkt aus wird vielleicht noch mehreres hin¬</Unicode>
                </TextEquiv>
            </TextLine>
            <TextLine id="r2l31" custom="readingOrder {index:30;}">
                <Coords points="2114,2507 2125,2508 2138,2503 2171,2516 2182,2509 2192,2521 2198,2522 2204,2517 2213,2517 2217,2473 2206,2472 2178,2448 2172,2453 2162,2444 2154,2448 2147,2443 2137,2452 2119,2446"/>
                <Baseline points="2124,2499 2150,2501 2177,2502 2204,2507"/>
                <TextEquiv>
                    <Unicode>öf</Unicode>
                </TextEquiv>
            </TextLine>
            <TextLine id="r2l32" custom="readingOrder {index:31;}">
                <Coords points="1097,2542 2105,2533 2173,2563 2153,2507 1097,2500"/>
                <Baseline points="1106,2529 1158,2530 1211,2530 1264,2531 1317,2531 1370,2532 1423,2533 1476,2534 1529,2535 1582,2536 1635,2537 1687,2538 1740,2539 1793,2540 1846,2540 1899,2541 1952,2542 2005,2542 2058,2542 2111,2542 2164,2541"/>
                <TextEquiv>
                    <Unicode>zuzufügen sein. Schnitzler hat zu Anfang des Krie¬ T</Unicode>
                </TextEquiv>
            </TextLine>
            <TextLine id="r2l33" custom="readingOrder {index:32;}">
                <Coords points="1092,2571 2109,2579 2109,2553 2027,2545 1092,2545"/>
                <Baseline points="1102,2567 1151,2568 1201,2569 1251,2570 1301,2571 1351,2572 1401,2573 1451,2574 1501,2574 1551,2575 1601,2576 1650,2577 1700,2578 1750,2578 1800,2579 1850,2580 1900,2580 1950,2581 2000,2581 2050,2582 2100,2582"/>
                <TextEquiv>
                    <Unicode>ges angeblich einige Torheiten über uns und unsere</Unicode>
                </TextEquiv>
            </TextLine>
            <TextLine id="r2l34" custom="readingOrder {index:33;}">
                <Coords points="1092,2605 2018,2636 2114,2617 2115,2588 1092,2583"/>
                <Baseline points="1100,2609 1150,2609 1200,2609 1250,2610 1301,2610 1351,2611 1401,2611 1451,2612 1502,2613 1552,2614 1602,2615 1652,2616 1703,2617 1753,2618 1803,2619 1853,2620 1904,2621 1954,2621 2004,2622 2054,2622 2105,2623"/>
                <TextEquiv>
                    <Unicode>Feinde gesagt. Wer die Ideenwelt dieses Dramati¬</Unicode>
                </TextEquiv>
            </TextLine>
            <TextLine id="r2l35" custom="readingOrder {index:34;}">
                <Coords points="1100,2652 2114,2667 2094,2617 1101,2612"/>
                <Baseline points="1110,2644 1159,2645 1209,2646 1259,2648 1308,2649 1358,2650 1408,2651 1457,2652 1507,2653 1557,2654 1607,2655 1656,2656 1706,2656 1756,2657 1805,2658 1855,2659 1905,2660 1954,2661 2004,2661 2054,2662 2104,2663"/>
                <TextEquiv>
                    <Unicode>kers aus seiner „Komödie der Worte“ kennen lernt,</Unicode>
                </TextEquiv>
            </TextLine>
            <TextLine id="r2l36" custom="readingOrder {index:35;}">
                <Coords points="1090,2679 2069,2713 2115,2666 1090,2651"/>
                <Baseline points="1098,2683 1148,2684 1198,2685 1248,2686 1299,2687 1349,2688 1399,2689 1450,2691 1500,2692 1550,2693 1601,2694 1651,2696 1701,2696 1751,2697 1802,2699 1852,2699 1902,2700 1953,2700 2003,2701 2053,2701 2104,2700"/>
                <TextEquiv>
                    <Unicode>der wird ihm keinen Vorwurf wegen irgendeiner</Unicode>
                </TextEquiv>
            </TextLine>
            <TextLine id="r2l37" custom="readingOrder {index:36;}">
                <Coords points="2110,2703 2121,2705 2125,2711 2134,2712 2139,2717 2142,2715 2151,2716 2157,2669 2148,2668 2146,2665 2133,2669 2126,2674 2114,2672"/>
                <Baseline points="2118,2703 2143,2706"/>
                <TextEquiv>
                    <Unicode>9</Unicode>
                </TextEquiv>
            </TextLine>
            <TextLine id="r2l38" custom="readingOrder {index:37;}">
                <Coords points="1091,2732 2086,2757 2115,2709 1092,2680"/>
                <Baseline points="1100,2725 1150,2726 1200,2726 1250,2727 1300,2728 1351,2729 1401,2730 1451,2731 1501,2732 1551,2733 1602,2734 1652,2735 1702,2736 1752,2737 1802,2738 1853,2739 1903,2740 1953,2741 2003,2742 2053,2743 2104,2743"/>
                <TextEquiv>
                    <Unicode>scheinbar nicht in diese Zeit passenden Redewendung</Unicode>
                </TextEquiv>
            </TextLine>
            <TextLine id="r2l39" custom="readingOrder {index:38;}">
                <Coords points="1096,2767 2160,2803 2161,2759 1985,2742 1097,2732"/>
                <Baseline points="1106,2763 1158,2764 1210,2764 1262,2765 1315,2767 1367,2768 1419,2769 1472,2770 1524,2772 1576,2773 1629,2775 1681,2776 1733,2777 1785,2779 1838,2779 1890,2781 1942,2782 1995,2782 2047,2783 2099,2783 2152,2783"/>
                <TextEquiv>
                    <Unicode>machen. Denn Schnitzler hat offenbar kein Organ d</Unicode>
                </TextEquiv>
            </TextLine>
            <TextLine id="r2l40" custom="readingOrder {index:39;}">
                <Coords points="1091,2818 1869,2831 1987,2822 1988,2785 1092,2770"/>
                <Baseline points="1101,2802 1144,2803 1188,2803 1232,2804 1276,2805 1320,2806 1364,2807 1407,2808 1451,2810 1495,2811 1539,2813 1583,2814 1627,2815 1671,2816 1714,2817 1758,2817 1802,2817 1846,2818 1890,2817 1934,2817 1978,2816"/>
                <TextEquiv>
                    <Unicode>für diese Zeit und ihre Notwendigkeiten. —</Unicode>
                </TextEquiv>
            </TextLine>
            <TextLine id="r2l41" custom="readingOrder {index:40;}">
                <Coords points="1986,2812 1997,2811 2025,2831 2044,2824 2053,2830 2064,2827 2073,2835 2098,2820 2110,2834 2129,2830 2147,2835 2149,2809 2127,2806 2122,2800 2099,2804 2075,2785 2061,2792 2046,2791 2041,2785 2023,2789 1988,2783"/>
                <Baseline points="1994,2819 2022,2818 2051,2820 2080,2822 2109,2825 2138,2829"/>
                <TextEquiv>
                    <Unicode>Nur</Unicode>
                </TextEquiv>
            </TextLine>
            <TextLine id="r2l42" custom="readingOrder {index:41;}">
                <Coords points="1094,2838 2113,2855 2113,2825 1999,2812 1094,2816"/>
                <Baseline points="1103,2844 1153,2844 1203,2845 1253,2846 1303,2846 1353,2847 1403,2847 1453,2848 1503,2849 1553,2849 1603,2850 1653,2851 1703,2852 1753,2853 1803,2854 1853,2854 1903,2855 1953,2857 2003,2857 2053,2859 2104,2860"/>
                <TextEquiv>
                    <Unicode>eines: Schnitzler spottet im ersten Stücke der Leute,</Unicode>
                </TextEquiv>
            </TextLine>
            <TextLine id="r2l43" custom="readingOrder {index:42;}">
                <Coords points="1090,2889 2105,2908 2105,2873 2019,2862 1090,2848"/>
                <Baseline points="1099,2884 1148,2883 1198,2883 1248,2883 1298,2883 1348,2884 1398,2885 1447,2886 1497,2888 1547,2889 1597,2890 1647,2892 1697,2893 1747,2895 1796,2896 1846,2897 1896,2898 1946,2899 1996,2899 2046,2899 2096,2899"/>
                <TextEquiv>
                    <Unicode>die in vorgerücktem Alter noch immer Verse machen.</Unicode>
                </TextEquiv>
            </TextLine>
            <TextLine id="r2l44" custom="readingOrder {index:43;}">
                <Coords points="1085,2925 2098,2955 2119,2918 1086,2886"/>
                <Baseline points="1094,2927 1144,2926 1195,2926 1246,2926 1297,2926 1348,2927 1398,2927 1449,2928 1500,2930 1551,2931 1602,2932 1652,2934 1703,2935 1754,2937 1805,2938 1856,2938 1906,2939 1957,2939 2008,2939 2059,2939 2110,2938"/>
                <TextEquiv>
                    <Unicode>Ihm selber ist das Haar schon stark übergraut. Sollte</Unicode>
                </TextEquiv>
            </TextLine>
            <TextLine id="r2l45" custom="readingOrder {index:44;}">
                <Coords points="1085,2957 2107,2974 2047,2940 1085,2932"/>
                <Baseline points="1093,2964 1143,2964 1193,2965 1243,2965 1293,2966 1344,2967 1394,2968 1444,2969 1494,2970 1544,2972 1595,2973 1645,2974 1695,2975 1745,2976 1795,2977 1846,2978 1896,2978 1946,2979 1996,2979 2046,2979 2097,2979"/>
                <TextEquiv>
                    <Unicode>er nicht manchmal ganz heimlich auch der Leute spot¬</Unicode>
                </TextEquiv>
            </TextLine>
            <TextLine id="r2l46" custom="readingOrder {index:45;}">
                <Coords points="1081,2988 1408,3023 2111,3018 2028,2980 1081,2966"/>
                <Baseline points="1089,3004 1139,3004 1190,3004 1240,3005 1291,3005 1342,3006 1392,3007 1443,3008 1494,3009 1544,3010 1595,3011 1646,3012 1696,3013 1747,3014 1798,3015 1848,3016 1899,3017 1950,3017 2000,3017 2051,3017 2102,3017"/>
                <TextEquiv>
                    <Unicode>ten, die im vorgerückten Alter noch immer die Me¬</Unicode>
                </TextEquiv>
            </TextLine>
            <TextLine id="r2l47" custom="readingOrder {index:46;}">
                <Coords points="1077,3047 2053,3070 2108,3025 1078,3008"/>
                <Baseline points="1086,3043 1136,3044 1187,3044 1237,3045 1288,3046 1338,3047 1389,3048 1439,3049 1490,3049 1540,3050 1591,3051 1642,3052 1692,3053 1743,3054 1793,3055 1844,3055 1894,3056 1945,3057 1995,3057 2046,3058 2097,3058"/>
                <TextEquiv>
                    <Unicode>lodie ihrer Pubertätsjahre wiederholen und nicht</Unicode>
                </TextEquiv>
            </TextLine>
            <TextLine id="r2l48" custom="readingOrder {index:47;}">
                <Coords points="1092,3088 2105,3097 2105,3069 1964,3051 1092,3053"/>
                <Baseline points="1100,3081 1149,3083 1199,3084 1249,3085 1299,3086 1349,3087 1398,3088 1448,3089 1498,3089 1548,3090 1598,3091 1647,3092 1697,3092 1747,3093 1797,3093 1847,3094 1896,3094 1946,3094 1996,3094 2046,3094 2096,3094"/>
                <TextEquiv>
                    <Unicode>über das ausschließliche, knabenhaft fieberische In¬</Unicode>
                </TextEquiv>
            </TextLine>
            <TextLine id="r2l49" custom="readingOrder {index:48;}">
                <Coords points="1082,3117 1452,3144 1961,3120 2027,3147 2112,3120 2089,3094 1083,3092"/>
                <Baseline points="1092,3121 1142,3122 1193,3124 1243,3125 1294,3125 1344,3126 1395,3127 1445,3128 1496,3129 1546,3129 1597,3130 1647,3130 1698,3131 1748,3131 1799,3132 1849,3132 1900,3132 1950,3133 2001,3133 2051,3133 2102,3133"/>
                <TextEquiv>
                    <Unicode>teresse am Ehebruchsreigen hinauskommen?" Der</Unicode>
                </TextEquiv>
            </TextLine>
            <TextLine id="r2l50" custom="readingOrder {index:49;}">
                <Coords points="1084,3160 1850,3193 2062,3184 2106,3136 1085,3125"/>
                <Baseline points="1094,3159 1144,3160 1194,3161 1244,3162 1294,3163 1344,3164 1394,3165 1444,3166 1494,3167 1544,3169 1595,3169 1645,3170 1695,3171 1745,3172 1795,3173 1845,3173 1895,3174 1945,3174 1995,3174 2045,3174 2096,3174"/>
                <TextEquiv>
                    <Unicode>Schauspielreferent der Berliner „Täglichen Rund¬</Unicode>
                </TextEquiv>
            </TextLine>
            <TextLine id="r2l51" custom="readingOrder {index:50;}">
                <Coords points="1080,3203 1976,3227 2062,3223 2111,3183 1081,3166"/>
                <Baseline points="1090,3200 1140,3201 1191,3202 1241,3202 1292,3203 1342,3204 1393,3204 1443,3205 1494,3206 1544,3207 1595,3208 1646,3209 1696,3210 1747,3210 1797,3211 1848,3212 1898,3213 1949,3214 1999,3214 2050,3215 2101,3216"/>
                <TextEquiv>
                    <Unicode>schau“ äußert sich folgendermaßen: „Wenn die</Unicode>
                </TextEquiv>
            </TextLine>
            <TextLine id="r2l52" custom="readingOrder {index:51;}">
                <Coords points="1086,3239 2090,3270 2103,3224 1086,3206"/>
                <Baseline points="1095,3241 1144,3240 1194,3240 1244,3240 1294,3240 1344,3241 1394,3242 1444,3243 1494,3244 1544,3246 1594,3247 1643,3248 1693,3250 1743,3251 1793,3252 1843,3253 1893,3254 1943,3254 1993,3254 2043,3253 2093,3252"/>
                <TextEquiv>
                    <Unicode>Augenblickswirkungen eines glänzend gewebten</Unicode>
                </TextEquiv>
            </TextLine>
            <TextLine id="r2l53" custom="readingOrder {index:52;}">
                <Coords points="1081,3277 1974,3308 2112,3285 2113,3251 1081,3240"/>
                <Baseline points="1089,3280 1139,3280 1190,3281 1241,3282 1291,3283 1342,3284 1393,3285 1443,3285 1494,3286 1545,3287 1596,3288 1646,3289 1697,3289 1748,3290 1798,3291 1849,3291 1900,3292 1950,3292 2001,3293 2052,3293 2103,3294"/>
                <TextEquiv>
                    <Unicode>Dialogs verflogen sind, sagt man sich doch, daß drei</Unicode>
                </TextEquiv>
            </TextLine>
            <TextLine id="r2l54" custom="readingOrder {index:53;}">
                <Coords points="1081,3323 2100,3342 2101,3303 1801,3285 1082,3290"/>
                <Baseline points="1090,3321 1140,3321 1190,3322 1240,3322 1290,3323 1340,3323 1390,3324 1440,3325 1490,3325 1540,3326 1590,3327 1640,3328 1690,3328 1740,3329 1790,3330 1840,3330 1890,3331 1940,3331 1990,3332 2040,3332 2091,3333"/>
                <TextEquiv>
                    <Unicode>tändelnde Ehebruchstücke an einem Abend in der</Unicode>
                </TextEquiv>
            </TextLine>
            <TextLine id="r2l55" custom="readingOrder {index:54;}">
                <Coords points="1069,3353 2023,3386 2100,3370 2101,3343 1069,3324"/>
                <Baseline points="1078,3361 1128,3361 1179,3361 1229,3361 1280,3361 1331,3362 1381,3363 1432,3364 1483,3365 1533,3366 1584,3367 1635,3368 1685,3369 1736,3370 1787,3371 1837,3372 1888,3372 1939,3372 1989,3373 2040,3372 2091,3372"/>
                <TextEquiv>
                    <Unicode>heutigen Zeit, wo Hunderttausende von deutschen</Unicode>
                </TextEquiv>
            </TextLine>
            <TextLine id="r2l56" custom="readingOrder {index:55;}">
                <Coords points="1072,3399 2124,3425 2103,3373 1073,3363"/>
                <Baseline points="1082,3402 1133,3401 1185,3401 1237,3401 1288,3401 1340,3402 1392,3403 1443,3404 1495,3405 1547,3406 1599,3407 1650,3408 1702,3409 1754,3410 1805,3411 1857,3412 1909,3413 1960,3413 2012,3413 2064,3413 2116,3413"/>
                <TextEquiv>
                    <Unicode>Frauen um ihre Männer sorgen oder gar trauern,</Unicode>
                </TextEquiv>
            </TextLine>
            <TextLine id="r2l57" custom="readingOrder {index:56;}">
                <Coords points="1084,3443 2049,3462 2098,3418 1084,3404"/>
                <Baseline points="1092,3437 1141,3437 1191,3437 1241,3437 1291,3438 1341,3439 1390,3441 1440,3442 1490,3443 1540,3445 1590,3446 1639,3447 1689,3449 1739,3450 1789,3451 1839,3452 1888,3452 1938,3452 1988,3452 2038,3451 2088,3450"/>
                <TextEquiv>
                    <Unicode>so fehl am Orte sind wie nur möglich. Wer dafür</Unicode>
                </TextEquiv>
            </TextLine>
            <TextLine id="r2l58" custom="readingOrder {index:57;}">
                <Coords points="1072,3485 2106,3489 2083,3450 1073,3450"/>
                <Baseline points="1082,3478 1132,3478 1183,3477 1234,3478 1284,3479 1335,3479 1386,3481 1436,3482 1487,3483 1538,3485 1589,3486 1639,3488 1690,3489 1741,3490 1791,3491 1842,3491 1893,3492 1943,3491 1994,3491 2045,3490 2096,3488"/>
                <TextEquiv>
                    <Unicode>kein Gefühl hat, mit dem ist natürlich nicht darüber</Unicode>
                </TextEquiv>
            </TextLine>
            <TextLine id="r2l59" custom="readingOrder {index:58;}">
                <Coords points="1078,3523 2102,3542 2103,3501 1079,3479"/>
                <Baseline points="1088,3518 1138,3517 1188,3518 1238,3518 1289,3518 1339,3519 1389,3520 1440,3521 1490,3522 1540,3523 1591,3524 1641,3526 1691,3527 1741,3528 1792,3529 1842,3530 1892,3531 1943,3532 1993,3532 2043,3532 2094,3532"/>
                <TextEquiv>
                    <Unicode>zu streiten. „Gefühl ist alles.“ Schnitzler selber wird.</Unicode>
                </TextEquiv>
            </TextLine>
            <TextLine id="r2l60" custom="readingOrder {index:59;}">
                <Coords points="1073,3555 2094,3574 2094,3539 1966,3529 1074,3529"/>
                <Baseline points="1082,3555 1132,3555 1182,3556 1232,3557 1282,3557 1332,3558 1382,3559 1432,3560 1482,3561 1532,3562 1583,3563 1633,3564 1683,3565 1733,3566 1783,3567 1833,3568 1883,3569 1933,3570 1983,3571 2033,3572 2084,3573"/>
                <TextEquiv>
                    <Unicode>vermutlich die Achseln zucken über solche Einwände;</Unicode>
                </TextEquiv>
            </TextLine>
            <TextLine id="r2l61" custom="readingOrder {index:60;}">
                <Coords points="1063,3600 2047,3623 2091,3618 2092,3583 1064,3558"/>
                <Baseline points="1072,3594 1122,3594 1173,3595 1223,3596 1274,3597 1324,3598 1375,3598 1425,3599 1476,3600 1526,3601 1577,3601 1627,3602 1678,3603 1728,3604 1779,3604 1829,3605 1880,3606 1930,3607 1981,3608 2031,3608 2082,3609"/>
                <TextEquiv>
                    <Unicode>er hat einmal das Bekenntnis abgelegt: „Wir spielen</Unicode>
                </TextEquiv>
            </TextLine>
            <TextLine id="r2l62" custom="readingOrder {index:61;}">
                <Coords points="1065,3632 2097,3659 2097,3621 2011,3613 1066,3600"/>
                <Baseline points="1074,3630 1124,3631 1175,3633 1226,3635 1276,3636 1327,3638 1378,3640 1428,3641 1479,3642 1530,3644 1581,3645 1631,3646 1682,3647 1733,3648 1783,3649 1834,3650 1885,3651 1935,3652 1986,3652 2037,3652 2088,3653"/>
                <TextEquiv>
                    <Unicode>immer; wer es weiß, ist klug.“ Aber es ist ein großer</Unicode>
                </TextEquiv>
            </TextLine>
            <TextLine id="r2l63" custom="readingOrder {index:62;}">
                <Coords points="1074,3681 1943,3708 2094,3697 2108,3664 1074,3639"/>
                <Baseline points="1084,3668 1134,3671 1185,3674 1236,3676 1287,3678 1337,3679 1388,3680 1439,3681 1490,3682 1540,3683 1591,3683 1642,3684 1693,3684 1743,3684 1794,3685 1845,3685 1896,3685 1946,3686 1997,3686 2048,3687 2099,3688"/>
                <TextEquiv>
                    <Unicode>Irrtum, daß solche Klugheit wirklich das Höchste im</Unicode>
                </TextEquiv>
            </TextLine>
            <TextLine id="r2l64" custom="readingOrder {index:63;}">
                <Coords points="1070,3717 1174,3736 1199,3729 1209,3740 1261,3731 1272,3741 1300,3736 1301,3699 1270,3683 1250,3683 1241,3673 1211,3687 1187,3677 1159,3685 1132,3673 1121,3682 1071,3684"/>
                <Baseline points="1080,3714 1106,3714 1133,3715 1159,3715 1186,3716 1212,3717 1239,3718 1265,3719 1292,3721"/>
                <TextEquiv>
                    <Unicode>Leben sei.</Unicode>
                </TextEquiv>
            </TextLine>
            <TextEquiv>
                <Unicode>KonoedieWOFOATKIIS
Ausschnitt aus:
Kalisbader Badeblalt
vom: TZ0H11315

Thrater, Müsik und Kunst.
SchnitzlerKomädie der Worto“ und die deutsche
Presse.
Anläßlich der im Berliner Lessing=Theater statt¬
gesundenen Erstaufführung von Artur Schnitzlers
Einaktexerfolge „Komödie der Worte“ schreibt die
31. Oktober 1915.
„Deutsche Tageszeitung" unter anderem: Mancher
Vorzug des Schriftstellers Schnitzler ist auch an die¬
ser Stelle willig anerkannt worden. Aber allmählich
erstarrt seine Kunst, geistreiche Worte zu setzen, in
Greisenhaftigkeit, und seine psychologischen Bohr¬
versuche wagen sich an immer untauglichere Gegen¬
stände. Selbst seine besten Freunde und überzeugte. 0
sten Anhänger werden die breite, selbstgefällige Ge¬
schwätzigkeit dieser mit Fug als „Wortkomödien“ be¬
zeichneten Dichtungen übel empfinden, werden die
den Abend eröffnende Tragödie als mühsam kon¬
struierten Schwindel belächeln und für die Ge¬ Te
schmacklosigkeit des letzten Einakters, der Ehebruch
und Frömmigkeit in ganz ernsthaft gemeinte, breit
ausgesponnene Beziehungen bringt, die Achseln
zucken. Damit ist alles Erforderliche über den Kunst¬
wert der drei Stücke gesagt. Vom national=sittlichen
Standpunkt aus wird vielleicht noch mehreres hin¬
öf
zuzufügen sein. Schnitzler hat zu Anfang des Krie¬ T
ges angeblich einige Torheiten über uns und unsere
Feinde gesagt. Wer die Ideenwelt dieses Dramati¬
kers aus seiner „Komödie der Worte“ kennen lernt,
der wird ihm keinen Vorwurf wegen irgendeiner
9
scheinbar nicht in diese Zeit passenden Redewendung
machen. Denn Schnitzler hat offenbar kein Organ d
für diese Zeit und ihre Notwendigkeiten. —
Nur
eines: Schnitzler spottet im ersten Stücke der Leute,
die in vorgerücktem Alter noch immer Verse machen.
Ihm selber ist das Haar schon stark übergraut. Sollte
er nicht manchmal ganz heimlich auch der Leute spot¬
ten, die im vorgerückten Alter noch immer die Me¬
lodie ihrer Pubertätsjahre wiederholen und nicht
über das ausschließliche, knabenhaft fieberische In¬
teresse am Ehebruchsreigen hinauskommen?" Der
Schauspielreferent der Berliner „Täglichen Rund¬
schau“ äußert sich folgendermaßen: „Wenn die
Augenblickswirkungen eines glänzend gewebten
Dialogs verflogen sind, sagt man sich doch, daß drei
tändelnde Ehebruchstücke an einem Abend in der
heutigen Zeit, wo Hunderttausende von deutschen
Frauen um ihre Männer sorgen oder gar trauern,
so fehl am Orte sind wie nur möglich. Wer dafür
kein Gefühl hat, mit dem ist natürlich nicht darüber
zu streiten. „Gefühl ist alles.“ Schnitzler selber wird.
vermutlich die Achseln zucken über solche Einwände;
er hat einmal das Bekenntnis abgelegt: „Wir spielen
immer; wer es weiß, ist klug.“ Aber es ist ein großer
Irrtum, daß solche Klugheit wirklich das Höchste im
Leben sei.</Unicode>
            </TextEquiv>
        </TextRegion>
        <TextRegion orientation="0.0" id="r3" custom="readingOrder {index:2;}">
            <Coords points="2075,247 2075,405 2512,405 2512,247"/>
            <TextLine id="r3l1" custom="readingOrder {index:0;}">
                <Coords points="2065,354 2137,375 2180,350 2205,365 2290,353 2334,357 2362,381 2430,349 2521,353 2521,316 2442,286 2387,304 2368,289 2333,303 2302,285 2263,319 2182,283 2136,298 2103,286 2066,308"/>
                <Baseline points="2075,348 2100,348 2126,348 2152,349 2177,350 2203,350 2229,351 2254,352 2280,353 2306,354 2332,355 2357,355 2383,355 2409,354 2434,354 2460,352 2486,350 2512,347"/>
                <TextEquiv>
                    <Unicode>box 32/9</Unicode>
                </TextEquiv>
            </TextLine>
            <TextEquiv>
                <Unicode>box 32/9</Unicode>
            </TextEquiv>
        </TextRegion>
    </Page>
</PcGts>
