3344 4352
243 219 1458 270 man „Untreue“ nennt. Das klingt so gewichtig, so un¬
247 268 1480 323 umstößlich. Vermag eine Verirrung des Blutes wirklich
244 310 1474 356 alles zu vernichten, was wertvoll und bedeutsam ist in
247 364 1483 415 der Gemeinsamkeit von Mann und Frau? Gibt es in
246 402 1483 453 ihrer Liebe nichts, was sich darüber erhebt, was reiner
252 453 1474 497 ist, größer und von währendem Bestand? Schnitzler
242 502 1479 546 hat die Untreue nie verteidigt, gewiß nicht! Scharfe
252 598 1475 652 Ibsen ist für seine Forderungen stets in irgendeiner
247 644 1482 688 Szene seiner Werke vernehmlich laut geworden.
248 694 1476 744 Schnitzler hat auch in der Kunst Angst vor der Komödie
243 742 1473 783 der Worte gehabt. Er hat jeden Begriffspopanz ge¬
241 800 1476 853 scheut. Nur Fragen hat er gestellt, und der betrogene
247 833 1475 885 Teil hat bei ihm immer einen leisen Schimmer von
246 885 1475 930 Unrecht oder zumindest von Unduldsamkeit, auch in
244 936 1462 987 diesen drei Einaktern, die er „Komödie der Worte“
240 986 418 1042 nennt.
292 1018 1489 1088 Im ersten Stück, „Die Stunde des Er¬
250 1081 1472 1127 kennens“, bleibt der hintergangene Gatte als
243 1125 1483 1187 Schuldiger zurück. Die Frau geht aus dem Leben, weil
249 1175 1486 1230 sie erkennt, daß ihre Untreue in ihrem Mann, den sie
240 1222 1480 1283 trotz allem liebt, zwanzig Jahre geteilten Schicksals,
239 1270 1477 1321 hingebungsvoller Kameradschaft ausgelöscht hat, die
248 1321 1477 1370 doch auch Treue, Treue tieferer und ernsterer Art, ge¬
249 1369 485 1433 wesen ist.
594 1372 1482 1427 Im zweiten Dramolett „Die große
241 1426 1483 1477 Szene“, wirkt die Frau des berühmten Schauspielers
240 1466 1484 1516 ein bißchen spießerisch, weil sie die an sich belanglosen
243 1513 1475 1562 Seitensprünge des Gatten, sein Schauspielern auch in
244 1559 1479 1611 amourösen Dingen nicht begreift. Sie fühlt nicht, daß
244 1613 1488 1668 es vor allem seine Eitelkeit ist, die ihn von einer
246 1659 1483 1702 Liebelei in die andre treibt, daß er auch bei den Frauen
244 1702 1493 1751 Erfolg und Publikum sucht. — Im dritten Spiel
243 1764 1477 1815 „Das Bacchusfest“ sind beide, er und sie, untreu
243 1820 1482 1864 gewesen. Ort der Handlung: Bahnhof, Durchzugs¬
251 1847 1494 1905 station — das scheint symbolisch. Und beide fühlen, daß
249 1899 1484 1952 sie trotz dieser Entgleisung unlösbar zusammengehören.
257 1948 1476 1997 Kein großes Wort fällt. Schnitzlers unerhörte Leichtig¬
252 1988 1484 2055 keit des Dialogs jongliert über alles, was sich zum
257 2054 1480 2103 „Problem“ verdichten könnte, meisterhaft hinweg.
247 2092 1487 2153 Man spürt: wichtig ist nur die Verbundenheit dieser
253 2142 1480 2187 Ehe. Wozu erst das Komödiantentum der Worte? Sie
254 2187 1484 2250 würden nur Unwiderrufliches und Mißverstehen
258 2237 1473 2292 schaffen. „Glücklich machen ist besser als schuldlos sein.“
297 2286 1490 2329 Arthur Schnitzler ist vielleicht der erste Psycho¬
254 2328 1487 2386 analytiker gewesen und hat trotz aller Behutsamkeit
257 2390 1501 2443 mit seinem seelischen Seziermesser manchen Schaden
250 2432 1504 2498 angerichtet. Man hebt nicht ungestraft die Schleier,
255 2481 948 2535 auch nicht den der „Beatrice“
297 2532 1486 2583 Balser hatte einen ausgezeichneten Abend als be¬
249 2563 1490 2639 trogener und betrügender Ehemann. Namentlich „die
251 2610 1495 2695 große Szene", ein fetter Komödiantenbissen, hat
262 2676 1497 2729 stürmisch eingeschlagen. Im ersten Stück war er ein
244 2721 1498 2784 wenig zu laut, im letzten aber überlegen in der Führung
1267 2766 1330 2805 2.
261 2771 1498 2820 der Szene. Er ist von eminenter Wandlungsfayigkeit.
248 2806 1491 2878 Vor etwa zwanzig Jahren hat Harry Walden im Burg¬
245 2877 1493 2931 theater, vor neun Jahren Korff im Volkstheater dieses
255 2914 1493 2963 Ehetriptychon meisterhaft dargestellt. Auguste Pün¬
250 2975 1498 3026 kösdy ist von innerlich gestaltender Kraft, wenn sie
258 3015 1499 3069 auch in der Erscheinung nicht ganz die richtige
257 3080 1498 3161 Schnitzlerische Frau ist. Und sie ist eine wunderbare
257 3153 1495 3223 Sprecherin. Maria Mayen unaufdringlich nobel, die
257 3199 1515 3253 Wagener geistig behende im Dialog. Höbling
266 3245 1503 3293 verlangt andre Aufgaben, vor allem Handlung. Das
259 3303 1506 3362 Schleierspiel der nur aufs Wort gestellten Schnitzler¬
260 3345 1509 3407 schen Sprache liegt ihm nicht. Sehr klug und wirksams
264 3403 1491 3457 Schmidt als Theaterdirektor, Philipp Zeska als
262 3439 1499 3491 gehörnter Bräutigam, Bettac als kläglicher
257 3498 1489 3551 Bacchant. Die kleine Rolle des Theaterpflänzchens,
269 3536 1493 3605 einst von Paula Wessely entzückend geschnattert, hat
265 3597 1500 3644 diesmal ein wenig versagt. Evbner ist immer köst¬
273 3643 1513 3696 lich, wenn er eine seiner Charaktertypen stellt, ein.
273 3686 1295 3746 moderner Schönpflug oder Thöny der Szene.
313 3749 1491 3801 Man hat die Einakter, deren dramatische Form
265 3785 1495 3844 auf Mussets Proverben zurückgeht, mit Franz
263 3844 1497 3895 Herterichs Stilsicherheit im Zeitkostüm gespielt,
255 3881 1500 3936 also mit feinem Vergangenheitsduft. Nicht die
259 3923 1490 4003 „Komödie der Worte“ ist veraltet — die ist ewig —,
266 3990 1498 4034 nur die Menschen darin sind zeitgebunden, diese
258 4023 1500 4101 Schnitzlerschen Vorkriegsmenschen, denen nichts auf der
272 4082 1007 4155 Welt so wichtig war wie Liebe.
1280 4108 1482 4182 H. T.
1919 989 2788 1082 CASINOS IN ÖSTERREICH
2014 1071 2696 1128 BadenSalzburg Semmering
1904 1119 2779 1172 Roulette — Baccara — Chemin de fer
1909 1187 2770 1245 Österreichische Casino A. G.
1917 1224 2789 1283 Wien III, Schwarzenbergplatz 5a
1912 1336 2409 1432 „OBSERVER“
2142 1411 2779 1464 I. österr. behördlich konzessioniertes
2144 1461 2772 1507 Unternehmen für Zeitungs-Ausschnitte
2142 1499 2774 1551 Wien I. Wollzeile 11, Telephon R-23-0-43
1901 1652 2273 1717 Ausschnitt aus:
2505 1655 2706 1773 #
2058 1703 2315 1804 I I. KUS¬
2220 1741 2647 1851 3.0KT. 135
1892 1854 2042 1931 vom:
1932 1960 2835 2094 „Komödie der Worle“
2189 2063 2654 2150 Akademietheater
1879 2116 2998 2184 Wahrheit und Lüge, Traum und Wachen fließen in¬
1839 2165 3010 2252 einander. Wo ist Sicherheit? Was wissen wir von uns?
1847 2196 3008 2276 Wie wenig können wir dann von anderen wissen! Leben
1839 2253 3008 2331 heißt lügen. Der Klügere ist, wer erkennt, daß wir vor
2639 2290 3008 2350 Spielen ... wer
1849 2303 2639 2375 einander nur Theater spielen. Sein ...
1846 2337 3004 2417 fände da den Unterschied?! Wo verbirgt sich der tiefste
1847 2394 3006 2450 Kern unseres Wesens? Was gilt am Ende: unsere Wünsche,
1845 2425 3018 2489 die sich schlafend stellen, oder das, was wir getan haben?
1890 2458 3014 2546 Die Welt Schnitzlers ist die Welt solcher und ähnlicher,
1852 2500 3019 2572 bald wirklichen, bald rein rhetorischen Fragen. „Wir haben
1851 2557 3017 2616 aus dem Leben, das wir leben, ein Sviel gemacht, und
1860 2585 3026 2665 unsere Wahrheit gleitet mit unserer Komödie durcheinander
1860 2624 3012 2712 wie eines Taschenspielers hohle Becher“ schrieb ein Zeit¬
1857 2668 3013 2764 genosse Schnitzlers, dessen Welt damit genau umgrenzend,
1868 2731 3015 2797 eine Welt, in der die Dramatik der Tat abgelöst wurde
1856 2767 2509 2829 von der — Komödie der Worte.
1905 2792 3030 2874 Unheimlich fremd ist uns diese Komödie geworden, deren
1863 2842 3037 2915 Lebensstil man einst genoß; der Schall ihrer Worte tönt
1867 2886 3027 2957 von weither, ohne tiefer zu dringen, an unser Ohr. Die
1876 2925 3030 2997 unmittelbarste Wirkung geht noch von dem Mittelstück der
1874 2963 3034 3042 Dreiheit aus. Hier hat auch Balser seine glücklichste
1877 3019 3028 3082 Stunde, in der er seine große Szene zu einer geistreichen
1873 3047 3026 3133 Parodie auf das Komödiantendasein gestaltete. Minder
1880 3094 3043 3175 ausgeglichen erschien mir das Verhältnis von Rolle und
1871 3133 3034 3208 Darstellung im ersten Einakter. Prachtvoll die Ueber¬
1881 3196 3028 3255 legenheit in dem Sketch vom Bachusfest. In Frau
1879 3240 3039 3291 Pünkösdy und Hilde Wagener fand der Künstler ideale
1875 3262 3034 3323 Partnerinnen. Frau Mayen tastete nur am Rande der
1888 3307 3035 3381 Rolle, ebenso Herr Höbling. Die Herren Bettac und
1884 3359 3032 3420 Ph. Zeska zeigten erquickliches Verständnis für die un¬
1892 3390 3037 3467 freiwillige Komik, in deren Licht die Gestalten des Doktor
1881 3434 3036 3505 Wernig und Edgar Gley stehen. Sehr nett der humorige
2657 3476 3045 3537 — Franz Herterich
1888 3484 2615 3547 Theaterdirektor des Herrn Schmidt.
1894 3527 3043 3598 führte Regie und verließ sich im wesentlichen auf seine
1895 3549 3044 3636 Schauspieler. Das nette Bildwerk entwarf Willi Bahner.
1922 3613 3041 3664 Den Eindruck des Abends zu bestimmen, zitieren wir
1885 3645 3046 3707 noch einmal Schnitzlers Zeitgenossen: „Manche hören zu,
1871 3689 3048 3796 nicht alle ... manche träumen, manche lachen.“ N—r.
