3344 4352
939 145 1013 196 —
1094 139 2120 189 „Fliedermühle“ in Zizkow Landsturmmusterung statt.
1070 179 2133 235 Vor dem Schwure der Rekruten stellte der Bezirks¬
1080 216 2140 269 gendarmeriewachtmeister fest, daß die Angeklagten an
1078 265 2132 322 dem Rocke schwarze Bänder befestigt hatten.
1077 309 2133 365 Sie hatten die Bänder in dem Geschäft der Husak
1074 348 2142 389 von der Verkäuferin Cerny gekauft. Der Gerichtshof
1078 389 2141 435 erkannte sämtliche Angeklagten schuldig und verurteilte
1068 432 2135 494 Petrasek zu einem Jahre, Vyschka,
1067 482 2132 530 Soustruznik und Myslicek zu acht Mo¬
1075 528 2129 586 naten schweren Kerkers, die Husak zu
1066 574 2147 637 zwei Monaten und die Cerny zu einem
1077 607 1477 672 Monat Kerker.
2021 650 2225 759 ##
1134 685 2072 777 Annst und Bühne.
2092 745 2263 841 #
1702 746 2104 830 Wien, 13. Oktober.“
1162 816 2145 866 Burgtheator. Zum ersten. Male: „Komödie.
1058 867 2125 908 der Worte“, drei Einakter von Artur Schnitzler.
1110 910 2115 962 Zunächst eine Frage: weshalb „Komödie der Worte“
1062 954 2132 1002 und nicht „Komödien der Worte"? Es handelt sich doch
1067 991 2135 1055 um drei stofflich verschiedene Einakter, die nur insoferne
1065 1045 2133 1097 zusammenhängen, als in jedem von ihnen Herr Wal¬
1074 1079 2141 1134 den die männliche Hauptrolle spielt und die Lüge das
1077 1126 2135 1186 letzte Wort hat. Der tiefe Sinn des Rätsels, weshalb
1078 1168 2145 1216 statt der Mehrzahl die Einzahl gesetzt wird, ist ungleich
1076 1215 2143 1258 schwerer zu erraten als die Absicht des Verfassers, durch
1057 1253 2143 1300 den Titel von vornherein die Kritik zu entwaffnen.
1068 1307 2135 1346 Stellt man die Forderung nach einer straffer geführten
1065 1343 2151 1387 Handlung, setzt man sich selbst ins Unrecht. Es ist doch
1068 1398 2134 1450 eine Komödie der Worte, also Handlung Nebensache. Sehr
1053 1444 2132 1488 klug erdacht, zu schlangenklug fast, als daß man
1059 1483 2134 1521 die Absicht nicht merken und darüber nicht ver¬
1062 1514 2138 1574 stimmt werden sollte. Oder wollte Artur Schnitzler
1324 1559 1799 1620 drei Einaktern; gar
1058 1562 1323 1621 mit seinen
1810 1562 2142 1623 beweisen, daß
1060 1612 2137 1656 das Wort lügt und nur gilt, was sich hinter ihm
1059 1654 2141 1705 verbirgt und was jeder sich aus ihm herauszulesen ver¬
1053 1692 2135 1750 mag? Möglich. D inn aber war die Bühne wohl nicht
1059 1751 2150 1794 der rechte Ort dazu. Wieviel die Bühne die Welt des
1066 1782 2139 1840 schönen Scheines sei, so verlangt sie doch nach Wahrheit
1062 1831 2140 1875 und Klarheit, und mit welch gutem Recht der Dramatiker
1068 1873 2136 1912 nach Objektivität strebe, so muß er doch irgendwie Partei
1056 1911 2137 1976 ergreifen und erkennen lassen, wem sein Herz gehört,
1056 1962 2144 2020 denen, die aus Gewohnheit sich selbst und die anderen
1060 2000 2138 2054 belügen und betrügen, oder denen, die es aus Not tun.
1067 2041 2134 2099 Seit dem „Weiten Land“ liebt es Schnitzler, seine
1066 2092 2136 2133 Bühnengestalten mit dem Reiz des Ungewissen zu um¬
1055 2132 2137 2179 gürten und sie zwischen Wahrheit und Lüge das Leben
1053 2176 2147 2224 buntschillernder Sumpfpflanzen führen zu lassen. Und diese
1057 2217 2144 2268 Ungewißheit, wo die Wahrheit aufhört und die Lüge beginnt,
1049 2257 2136 2317 bildet auch das Hauptmerkmal der drei Einakter. Künst¬
1062 2319 2142 2362 lerisch berechtigt ist sie nur in der „Großen Szene“ dem
1057 2342 2137 2403 zweiten Stücke, das auch gestern den größten Erfolg
1062 2396 2140 2455 davontrug. Es handelt vom Doppelleben des Schau¬
1061 2430 2139 2486 spielers, der sich nicht nur auf der Bühne mit schönen
1054 2493 2133 2545 Worten und schönen Leidenschaften behängt. Er hat die
1066 2529 2135 2575 Braut eines braven jungen Mannes verführt und ist dar¬
1062 2569 2130 2619 über mit seiner Frau in Zwietracht geraten. Solange er
1066 2614 2130 2660 kleinen Liebschaften mit Philinchen nachjagte, glaubte sie
1058 2662 2131 2720 ein Auge zudrücken zu dürfen. Nun er aber daran ist, in
1068 2704 2136 2763 ehrbare Bürgershäuser einzubrechen, wird es ihr zu viel.
1060 2751 2135 2807 Da kommt der betrogene Bräutigam und fordert Rechen¬
1070 2788 2130 2845 schaft und Gewißheit. Nur einmal noch erbittet sich der
1074 2830 2130 2883 Schauspieler von seiner Frau das Recht, lügen zu dürfen.
1064 2874 2135 2929 Und er spielt dem jungen Mann, um ihn zu beschwichtigen,
1067 2925 2139 2971 eine Szene des Edelmutes mit solcher Meisterschaft vor,
1060 2956 2135 3008 daß der horchenden Frau vor dem Lügengewerbe graut
1068 3015 2121 3057 und sie auf und davon will. Aber der Komödiant spielt
1065 3056 2117 3102 auch ihr eine Szene vor, die sie in seinen Bann zwingt,
1057 3103 2131 3162 und alles ist wieder gut. Hier, wo das Leben
1065 3136 2123 3190 zum Theater und das Theater zum Leben wird,
1065 3186 2133 3228 kann Schnitzler seinen artistischen Witz in allen Strahlen¬
1064 3231 2133 3290 brechungen der Ironie aufleuchten lassen, und man folgt
1066 3271 2128 3321 ihm willig in die kleine Welt seiner halben, heimlichen
1058 3325 2123 3379 Empfindungen. Um so gequälter wirkt das erste, um so
1061 3357 2133 3408 peinlicher das letzte Stück. Da und dort wird Abrechnung
1055 3404 2122 3452 gehalten. In der „Stunde des Erkennens“ hat ein Arzt
1065 3455 2126 3498 zehn Jahre gewartet, bis die Tochter aus dem Hause ist
1062 3497 2126 3538 und er seiner Frau die Wahrheit sagen kann. Aber er hat
1064 3537 2116 3587 nur die halbe Wahrheit. Er glaubt, seine Frau habe ihn
1052 3593 2119 3642 mit seinem Freunde betrogen. Den hat sie indes nur
1061 3622 2123 3672 platonisch geliebt. Wirklich betrogen hat sie den Mann
1056 3669 2114 3715 mit einem Dritten, den sie aber gar nicht liebte. Und sie
1058 3715 2124 3769 läßt in der Stunde der Abrechnung und des Auseinander¬
1058 3755 2118 3807 gehens ihren Gatten bei der halben Wahrheit. Im
1062 3799 2120 3852 „Bacchusfest", dem dritten Stücke, erobert sich ein
1059 3843 2112 3895 Schriftsteller seine Frau zurück, indem er ihr von dem
1050 3892 2114 3948 religiösen Brauch der alten Grirchen erzählt, der allen
1056 3932 2120 3991 Liebenden eine Nacht frei gab, nach der die Paare
1051 3981 2122 4057 auseinander mußten und nie wieder von dem Erlebnis
