3344 4320
311 126 1281 180 staltung des gleichen dramatischen Charalters aus¬
304 165 1264 227 einandergehen können, damit sie immer' wieder an¬
296 192 1273 265 geleitet werden, durch die zufällige jeweilige Ge¬
302 260 1270 313 staltung hindurchzusehen auf den Kern der Dich¬
301 303 1271 356 tung selbst und damit zugleich auf die Erscheinungen
303 330 1271 396 des Lebens, mit denen der Dichter sich hat
301 377 1274 439 auseinandersetzen wollen. Nur so bietet das
307 417 1271 489 Geben und das Genießen im Theater jenes schön¬
297 472 1272 528 geistige Uebungsfeld, auf dem die Kräfte wachsen
303 505 1280 582 und die wechselseitigen Anregungen Genuß und
305 554 1269 623 Freude werden. Und für die jenseits von Gut und
297 614 1283 665 Böse thronenden Halbgötter „vom Bau“ gab es noch!
296 639 1279 711 einen köstlichen Spiegel ihres besonderen Wesens
304 688 1268 753 in dem Schauspieler Konrad Herbot („Große
310 730 1283 796 Szene"). Die Kulissenwelt bildet ja ihre eigenen
300 782 1283 850 Charaktere heraus. Das Leben, das sie führen und
303 833 1277 886 das andere, das sie spielen, verwischt sich gelegent¬
307 849 1286 926 lich in seinen Grenzgebieten, so daß zuweilen auch
305 905 1282 973 sehr ernste Dinge spielerisch genommen und be¬
312 954 1282 1027 urteilt werden, die großen Worte r Rolle in die
310 1003 1282 1064 Szenen des täglichen Lebens übergehen und gemachte
314 1041 1280 1107 Gesühle sich bis zur Unkenntlichkeit mit den echten
301 1093 1278 1143 vermischen. Dazu kommt die Verwöhnung durch
305 1138 1278 1201 junge Mädchen und Frauen aller Gesellschaftskreise,
304 1183 1281 1237 denen in schwärmerischer Romantik die Rollen und
312 1220 1282 1285 ihre Träger in eins verschmelzen und die darum
308 1262 1281 1332 den Schauspieler grundsätzlich für den interessan¬
313 1303 1286 1373 testen Menschen halten. Unzählige Herzen fliegen
306 1350 1286 1422 hm zu, und es bleibt natürlich nicht immer bei
316 1403 1284 1458 dem heimlichen Feuer. Da muß denn ein Künstler
312 1445 1293 1513 schon sehr wesensecht und charakterstark sein, wenn
307 1488 1293 1552 er sich unter solchen Umständen nicht für
314 1531 1293 1595 einen Ausnahmemenschen halten soll, für den auch
314 1581 1302 1659 eine besondere Moral zu gelten hat. „Der dritte
305 1681 1300 1758 Rausch, das ist der Rausch des Künstlers“, er um¬
301 1725 1277 1802 glbt ion mit Weihrauchsdunst, er steigert sein
305 1779 1283 1840 Erleben zu höheren Wonnen, und zuweilen muß
311 1822 1266 1885 dabei die burgerliche Moral ihr Haupt verhüllen,
306 1862 1266 1942 so daß es nicht an burgerlichen Konflikten fehlen
307 1914 1276 1986 kann. Schnitzler hat seinen Schauspieler ähnlich
300 1969 1271 2052 gesehen, wie Bahr im „Meister“ seinen Müstler:
297 2017 1265 2084 die Frauen reißen sich um ihn und die eine be¬
293 2065 1268 2121 neidete „Glückliche", die seinen Lebensweg am
297 2090 1274 2186 grauen Alltag zu teilen hat, geht in Enlsagung
290 2128 658 2207 den Tornenpfad.
362 2176 1278 2276 Albert Bassermann erfüllte die ihm gebotene
295 2238 1279 2323 Rolle mit sprühendem Leben, einem Leben, das
303 2285 1274 2373 für den Kenner in wesentlichen Zügen die liebe¬
285 2325 1271 2398 vollen Studien am ledenden Objekt deutlich und
285 2367 1266 2451 erfrischend offenbarten. Selbst die in Worte nicht
288 2427 1268 2490 zu fassenden Urlaute fehlten nicht, die des Ueber¬
294 2466 1278 2538 menschen gewaltiges Behagen in seiner eigenen
293 2515 1268 2572 Sprache überwältigend auszudrücken hatten. Und
287 2560 1279 2625 das Pathos der großen Tragödie quoll mächtig
283 2605 1267 2670 von seinen Lippen, wo es galt, den eigenen Hals
291 2646 1273 2714 aus einer bösen Schlinge zu ziehen. Dankbar
288 2695 1263 2766 empfand man auch die kleinen Ausflüge in das
280 2736 1263 2809 Gebiet des dramatischen Sängers. Auch solchen
285 2792 1264 2856 Luna hatte man schon einmal irgendwo erlebt.
287 2826 1263 2906 Rauschenden Beifall und wiederholte Hervorrufe
289 2874 1259 2931 gab es nach diesem mitlleren Stücke, das sich als
287 2920 1258 2992 das zugkräftigste erwies. Frau Else Basser¬
276 2971 1254 3049 mann hatte daran verdienten Anteil, denn sie
282 3016 1260 3095 stellte den Gegensatz der natürlich und wahr emp¬
286 3062 1253 3119 fndenden Frau mit sicherer Einfachheit der ge¬
283 3097 888 3169 spreizten Komödie gegenüber.
337 3157 1255 3220 Eine schauspielerisch mindestens so hoch stehende
281 3175 1250 3257 Leistung schuf Bassermann in dem Arzte des ersten
281 3245 1248 3304 Stückes, in dem kühlen Manne, der den Triumph
275 3289 1253 3352 der nach zehn Jahren kalt genossenen Nache mit
280 3326 1255 3402 außerordentlicher Klarheit veranschaulichte, ohne
279 3364 1252 3452 damit den Mann, der im Grunde doch Unrecht
269 3427 1253 3482 hatte, mit seinen künstlerischen Mitteln sympa¬
279 3474 1248 3529 thischer machen zu wollen. So wurde denn auch
280 3509 1251 3586 der dramatische Ausgleich wirksam herausgehoben.
279 3556 1252 3619 der darin besteht, daß die gedemütigte Frau sich
274 3606 1251 3679 entschließt, den Stachel in seiner Wunde zu belassen
277 3654 1254 3722 und ihn über seinen Irrtum in Bezug auf die
274 3687 1242 3765 Person des damals Beglückten nicht aufzuklären.
286 3737 1246 3811 Frau Leiko spielte diese Frau mit großen
265 3784 1240 3855 Können. Im letzten Stücke ließ Bassermann die
266 3837 1245 3892 Ueberlegenheit des zielbewußten Mannes durch
271 3871 1240 3931 einen krästigen Zusatz grimmigen Humors wirken.
281 3925 1251 3995 Daneben ergab sich dann das Vorhaben der beiden
265 3959 1201 4034 Andern als entschuldbare Kindlichkeit. So spar¬
275 4004 716 4084 ja wohl auch gedacht.
1029 4023 1222 4102 M. f.
3174 1446 3259 1507 old.
2701 1480 2779 1529 schni
3191 1493 3260 1536 ie
3190 1531 3280 1604 lang
3144 1608 3262 1658 fertig,
3190 1648 3262 1694 der
3193 1680 3292 1739 erzsch
3174 1728 3263 1775 hlen
3195 1807 3294 1853 , al
3175 1880 3276 1933 ß Hei
3179 1921 3279 1971 Als
3180 1960 3277 2009 und
3138 1999 3285 2050 endlsche,
3116 2041 3297 2089 manchen
3049 2069 3282 2132 skysche Erhal
3020 2107 3286 2169 ermannsches R
2686 2111 3293 2211 Bassermann nahm die Sache
2674 2177 3253 2244 Ihre Künstlers=Gattin hätte
2686 2223 3278 2291 sein dürfen. Im „Bacchusfest",
2679 2260 3267 2325 steller Staufner spielte, gab er
2671 2305 3291 2365 alles wohldurchdacht und ausgegli
2677 2348 3296 2413 Bewegung und Geste war überze
2677 2380 3295 2451 ihm angemessen zur Seite, Herr
2675 2417 3296 2484 Rolle des armen, gutmütigen Dr.
2671 2456 3294 2519 sehr ins Possenhafte hinübergleite
2670 2495 3298 2563 Zuhörer, die nach dem ersten Stü
2665 2541 3291 2603 hatten, gaben nach der „Großen
2671 2571 3284 2642 so stärker ihrer Verehrung für
2727 2616 3297 2698 Munbartliche Spiele haben fa
2668 2643 3304 2732 stätte einen Theater=Enfolg Den
2670 2707 3306 2774 matik kommt es weniger auf ein
2673 2736 3295 2814 und eine künstlerische Gestaltung
2668 2772 3302 2850 senes Quantum von Lokal=Humor
2660 2821 3267 2890 heiten, das ihr beigemischt ist.
2665 2861 3292 2935 Frankfurter Mundart: „Geleg
2658 2909 3303 2960 Liebe“, das gestern hier seine
2665 2931 3292 3001 diesen erdgeborenen Humor und d
1504 2927 1785 3017 10 JAN 1916
2669 2976 3294 3043 hat aber noch mehr: einen auf d
1841 2956 2394 3066 Frankturter Zeitung
2653 3022 3306 3096 gegliederten Aufbau und eine rich
1896 3025 2341 3132 Frenk#urt u. M.
2657 3055 3306 3123 lung, bei der sogar der letzte Akt
2668 3092 3304 3161 #heiten der heiteren Stücke) noch e
2724 3137 3297 3197 ne bringt. Daß die Sache am
1589 3146 3308 3236 [Frankfurter Neues Theater.] Arther Schul##l##menke gerät, tut dem Ganzen
1516 3196 2650 3248 „Komödie der Worte“ gibt dem Zuhörer nur das,
2659 3221 3299 3275 hört dazu. Denn der Rentier Kri
1515 3248 2639 3305 was der nach einer Entschuldigung klingende Titel vorspricht:
2668 3254 3287 3318 bejahrter Witwer sich entschließt,
1507 3288 2649 3341 Worte. Des Dichters überpsychologische Bühnenpuppen suchen
2653 3277 3291 3353 ist trotz seiner äußeren Raubein
1508 3323 2643 3371 den schweren Kampf des Lebens durch den leichteren Streit
2661 3333 3306 3394 rät an eine ihm gegenüber wohnen
1511 3355 2652 3408 der Worte zu ersetzen. Sie reden, anstatt zu handeln. Und
2658 3378 3309 3434 vom Fleck weg, ohne sich nach ihre
1525 3405 2642 3451 „Worte lügen“; sie verklingen, unser Herz bleibt leer. Dem
2661 3410 3310 3478 kunft zu erkundigen. Durch diese
1519 3442 2632 3490 Schauspieler bietet die Komödie ungleich mehr: drei
2658 3454 3297 3519 seiner ganzen Sippschaft. Seine
1512 3483 2640 3538 ühnenwirksame Rollen auf einmal! Die mögen denn wohl
2666 3490 3264 3540 große Ausgaben und läßt sich
1518 3521 2641 3560 uuch Herrn Albert Bassermann, der am Samstag mit
2665 3536 3310 3592 machen. So ist ein Konflikt unver
1515 3557 2646 3612 en führenden Partien „der drei Einakter sein Gastspiel
2652 3578 3307 3624 kommt, als die Zirkus=Verwandten
1512 3592 2642 3654 eschloß, gelockt haßen, an diesen neuen Schnitzler
2664 3611 3308 3666 Künstlerin anrücken. Die Komik
1520 3630 1807 3688 seranzugehen.
1913 3637 2645 3691 her „Stunde des Erkennens“, dem
2658 3651 3311 3726 so drastisch, die Zeichnung der Figu
1527 3690 3299 3759 chwächen der ## Stücke, spielte er den von Beruf und I so echt „Frankforderisch“, daß die
