3392 4352
1617 266 1657 300 7
2099 231 2566 325 box 32/9
239 234 1950 310 26.1. Kongedie der Norteyklus
490 917 1649 1024 Ausschnitt aus: Peutsche Tageszeitung. Be
879 1015 1167 1110 15061.1915
497 1038 664 1112 vom:
455 1098 1634 1174 Komödie der Worte. Zu den Großen unseres neuzeitlichen
375 1159 1617 1230 Schrifttums gehört, wie man allerorten liest, Herr Arthur
382 1200 1617 1261 [Schnitzler. Dieser berühmte Zeitgenosse dichtet natürlich auch
385 1247 1619 1311 wahren des Krieges weiter, und spornstreichs führen natürlich die
379 1281 1617 1342 von den heiligen Schauern des großen Jahres geschüttelten
380 1331 1616 1390 deutschen Theater seine Offenbarungen auf. Eine ganze Reihe
378 1373 1606 1430 von hervorragenden Bühnen des Reiches hat bereits ihrer Ehren¬
375 1424 1619 1477 pflicht genügt; Berlin folgt nächstens. Hören wir nun, wie nach
389 1448 1619 1503 dem Urteile eines in dieser Beziehung wirklich ganz unparteiischen,
382 1500 1614 1564 höchst modern gesinnten Blattes Herr Arthur Schnitzler seine
380 1544 1610 1599 Dichteraufgabe im Jahre 1915 auffaßt, und was für Probleme
1841 1551 2287 1632 Ausschnitt aus:
379 1577 1617 1653 dies gewaltige Hirn wälzt. Ueber seine Einakterfolge „Komödie
2005 1604 2812 1700 lnOKT 1915 Die Wage, Wien
381 1632 1307 1703 der Worte“ schreibt die „Frankfurter Zeitung“:
1844 1659 2019 1715 vom:
467 1666 1614 1742 „Es gibt Dinge, die man tut, aber über die man nicht spricht.
373 1727 1621 1789 Das gilt auch für die Bühne. Was aus der Tat geboren ist, darf
389 1772 1612 1831 grausig, darf brutal sein, aber als Inhalt einer Ueberlegung, als
380 1814 1610 1871 kühl ausgerechnetes, nicht gelebtes Experiment wirkt es unerträg¬
380 1840 1618 1914 lich. Das wurde Schnitzler, der die „Komödie der Worte“ schreiben
1672 1875 1945 1962 Notizen.
386 1898 1607 1958 wollte, zur Tragödie. Wenigstens in dem ersten und künstlerisch
2755 1933 3040 2004 16. Oktober.
388 1942 1613 2003 ernsthaftesten (I) der drei Einakter dieses Namens. Er wollte
1674 1942 2144 2017 Wiener Theater.
379 1990 1624 2039 die Unzulänglichkeit des Redens und falschen Schweigens beweisen,
1776 1982 3059 2046 Gluck, Weber, Marschner, Lortzing fehlen im Spielplan der Hofoper,
388 2014 1624 2088 und fand für den Beweis nur — Worte. Ein Ehepaar im etwa
1668 2041 3071 2094 aber Direktor Gregor greift in diesem Jahre nach einem verblaßten, unserem
378 2065 1620 2134 20. Jahre seiner Ehe, ein scheidender Freund, dem die stille,
1676 2075 3056 2131 Geschmacke bereits entfremdeten italienischen Werke, Donizettis: „Liebestrank“,
1672 2121 3069 2171 das man überhaupt nur aufführen soll, wenn man es entweder von Italienern
378 2115 1623 2175 tugendhafte Frau beim Abschiednehmen eröffnet, daß die
1672 2163 3065 2208 darstellen lassen kann, die den nationalen Geist und die ursprünglichen Reize
388 2148 1624 2224 Ergebnislosigkeit des Werbens um sie einen Grund
1670 2190 3067 2254 des harmlosen Spieles rein und restlos zur Erscheinung bringen oder wenn
384 2214 1620 2269 darin hatte, daß sie ihn siebte und darum nicht ihm, sondern
1673 2238 3067 2292 man wenigstens einen Darsteller hat, der gerade im „Liebestrank“ seine volle
388 2241 1614 2304 (o sonderbare Frauen!) einem dritten angehören mußte;
1678 2269 3064 2327 Persönlichkeit entfaltet; denn nur dann ist theatermäßige Wirkung zu erzielen.
389 2277 1621 2346 daran anschließend Auseinandersetzung der Ehegatten, bei der der
1678 2321 3068 2365 Statt dessen hat sich das Publikum diesmal höchlich gelangweilt und einer
393 2322 1616 2392 männliche Teil eröffnet, daß er seit 10 Jahren um die
1679 2344 3078 2419 einzigen kleinen Szene, in der Fräulein Jovanovié mit dem Frauenchor ganz
386 2367 1621 2426 Untreue der besseren Häifte weiß (natürlich mit dem
1672 2385 3002 2466 vortrefflich waren, warmen Beifall gespendet. Im ührigen nermacht##s
386 2419 1620 2464 Falschen! O sonderbare Männer!) und auf die für den jetzigen
385 2455 1628 2505 Termin (Verheiratung der Tochter) im geheimen längst festgesetzte
1688 2457 3089 2525 schöne Gesang des Herrn Piccaver (der so schläfrig und täppisch spielt, wie
379 2506 1627 2559 Trennung bringt. Begreifliches Entsetzen der Frau über die plan¬
1694 2503 3091 2559 nur möglich), die tadellose Gesamtleistung der Frau Kiurina (die jedoch über den
2615 2549 2758 2581 Phrnc. n
380 2551 1620 2593 mäßige Lüge und tiefe Erniedrigung dieser sogenannten Gemein¬
1706 2557 3092 2597 Begriff des „Tadellosen“ wenig unmittelbaren Einorum macht), die redliche
1703 2586 3098 2638 Mühe des Herrn Haydter (der gar keinen Humor hat) und die provinzmäßige
392 2591 1611 2645 schaft (siehe Ibsens übertünchte Gräber und feelische Frauenmorde).
1700 2624 3097 2681 Unbedeutendheit des Herrn Rittmann schon deshalb nicht zünden, weil die allzu
386 2626 1628 2692 Er triumphiert über die Demütigung der Frau, genießt die Nache
1694 2664 3092 2716 „deutsche“ gründliche und pedantische Leitung dieser uritalienischen Oper durch
382 2679 1618 2740 des in seiner Männchen=Ehre Gekränkten. Sie gesteht ihm nun¬
1702 2701 3092 2757 den Dirigenten, Herrn Tittel, sich wie ein Bleigewicht an die Schwingen der
380 2717 1618 2782 mehr, um sich zu revanchieren, nicht die richtige Untreue,
1695 2745 3094 2793 Darsteller und an die vergnügte Empfänglichkeit der Zuhörer hängte. Bei dieser
382 2760 1616 2814 sondern die, die er irrtümlicherweise von ihr annimmt (angenehm
1699 2779 3097 2842 steifen Rhytmik, dieser Trockenheit des Melos mußten freilich aller Witz und
388 2802 1618 2863 für den armen unschuldigen Freund! Noch angenehmer für den
1694 2817 3097 2875 alle Empfindsamkeit, die noch in den schwächsten Teilen des Werkes wohnen,
389 2844 1617 2910 eigentlich Schuldigen!). Der Gatte bläst, nachdem er seinen
1699 2858 3089 2929 zum Teufel gehen. Wie ist es übrigens zu verstehen, daß Mottl die Partitur
390 2896 1607 2954 Triumph in der Tasche hat. leise zum Rückzug, sie aber, an¬
1752 2892 3102 2949 nach Angabe des Theaterzettls — „für den Bühnengebrauch“ revidiert und
380 2945 1628 3005 gewidert, verläßt den Ort und begibt sich — weiter fort. Eine¬
1702 2931 3105 2997 eingerichtet haben soll? Ein Bühnenwerk kann man für den Konzertgebrauch
1701 2975 3090 3029 einrichten, für den Bühnengebrauch ist es — auch ohne Einrichtung — von
376 2985 1135 3035 ungemein komplizierte Angelegenheit.“
1699 3011 3100 3059 Anfang da. Doch wir wollen das seltsame Wort gelten lassen, wünschen uns
464 3006 1614 3070 Zu billig wäre es, den Gegensatz „wischen den deutschen
1704 3047 3103 3110 aber einen Wundertäter, der den Bühnenleiter Gregor endlich einmal für den
380 3065 1622 3139 Männern im Felde und „ihrem“ Dichter daheim auszumalen,
1712 3092 3104 3146 Bühnengebrauch einrichtet. Vielleicht treibt ihm dieser Zauberer auch die Vor¬
1272 3119 1338 3177 KN
1706 3131 3103 3189 liebe für Kinostücke gründlich aus. Die erste Novität: „Mona Lisa“ über
370 3165 1595 3234 zwischen der Gedankenwelt eines unsere Zeit wirklich Mit¬
1703 3154 3096 3232 deren Erstaufführung an anderer Stelle ausführlich berichtet wird, verdient voll¬
372 3201 1596 3267 erlebenden und eines in Dumasvorstellungen Versteinerten,
1696 3204 3097 3270 auf diese Bezeichnung. Auch über die erste Neuheit dieses Spieljahres am
1701 3251 3102 3302 Burgtheater, überSc## „Komödie der Worte“ berichtet die vorliegende
377 3249 1601 3320 zwischen wahrhaft fortschrittlich, zukunftsfroh gesinnten Deutschen
1698 3301 2078 3350 Nummer eingehend.
377 3293 1598 3355 und diesem Rückständigen aus Wien, der nichts versteht, als im
3024 3304 3162 3411 8
365 3347 1595 3388 übelriechenden Sumpf unwahrscheinlicher, auch innerlich unwahre
376 3378 1593 3458 haftiger Ehebruchsphe tasien herumzurühren. Es genügt, seine
383 3417 1600 3495 Ideenwelt in freundlicher Spiegelung wiederzugeben. „Der Zus
1419 3463 1465 3492 —
383 3484 1604 3537 kunft Kündiger sind die Poeten, was küngest du uns, Sänge:
380 3513 639 3595 Schnitzeler?“
