3344 4320
2123 230 2617 312 — Folge 17 — Seite 13
767 234 1092 319 Volks=Zeitung
1818 299 2729 357 deren Held der berühmte Schauspieler Herbot
708 297 1816 362 n Schap=fertig war. Mich fragen viele Leute, wieso
1822 347 2731 403 ist, der Komödiant durch und durch, in dessen
705 352 1803 405 effentlich= ich noch neben meinen vielen Agenden Zeit
1815 392 2724 445 Seele Sein und Schein nachgerade ineinander¬
710 398 1805 447 nien steht fand, ein Stück zu schreiben. Darauf antworte
705 437 1805 496 e Korre=sich: Nur der hat viel Zeit, der wenig Zeit hat.
1814 439 2723 488 geflossen sind. Von frühester Jugend an hat
1821 461 2732 524 er Komödie gespielt, tagsüber auf der Probe,
695 483 1818 530 nöge nur Ich sitze eben nicht im Kafseehause, sondern
1816 515 2735 570 abends vor den Zuschauern, so daß es nicht
706 501 1814 566 uchen der benütze jede freie Minute, jede Sekunde der
1821 564 2730 612 zu wundern ist, daß er auch außerhalb seines
699 558 1810 625 ng“ Herr ssonst verlorenen Randzeiten zwischen zwei
922 595 1818 651 Beschäftigungen zur Arbeit. Dieses Training
1813 602 2733 650 Metiers, in den paar Stunden seines wirk¬
696 599 919 663 es Techni¬
925 647 1818 702 verdanke ich Richard Strauß, der mir
1823 640 2732 705 lichen Lebens, von dessen Geist beherrscht
693 650 913 707 ng erhielt,
924 685 1805 741 einmal sagte: „Man braucht kein Jahr Urlaub,
1818 685 2726 750 bleibt. Der Schein, die Lüge wird ihm zur
701 691 913 747 ei voller
923 730 1820 774 um eine Oper zu schreiben. Ich schrieb eine
1824 730 2733 777 Natur, das Leben zur Komödie, und die
727 730 918 788 — zu de¬
694 768 919 828 n Schap¬
918 774 1815 828 Oper auf einer Amerikatournee in der Zeit
1821 773 2735 826 Worte sinken zu seinen Komödianten herab.
706 800 1814 872 perimente zwischen der Ankunft auf dem Bahnhof und
1821 814 2728 865 In diesem kleinen Meisterstück waltet der
704 864 1815 920 portkosten dem Beginn der Vorstellungen, die ich zu
1818 852 2735 903 Schaffensgeist des Dichters Schnitzler in
1213 881 1266 931 1
694 887 1255 966 Einladung dirigieren hatte!“
1813 900 2732 953 wahrer Freiheit. Die beiden Nachbarkomödien
1001 917 1807 996 Auch wollen die Laute wissen, ob das,
1822 942 2728 995 erscheinen ihr gegenüber denn doch mehr oder
1815 983 2728 1049 minder getüftelt. Der allbeliebte Schäuspieler,
908 959 1804 1035 was in den vier Akten unseres Stückes „Der
917 1027 1804 1078 Musikant Gottes“ sich vollzieht, auch wirklich
1816 1027 2724 1078 den Eitelkeit und Genußsucht das erotische
688 1000 884 1126 inst
914 1071 1816 1131 wahr ist. Ich kann sagen: Esist wahr, alles
1823 1067 2740 1135 Abenteuer förmlich zur Gewohnheit machen,
906 1110 1817 1165 ist geschehen, nur nicht so, wie es im Stück
1809 1113 2735 1158 liebt seine Frau derart, daß er nicht spielen
914 1146 1812 1199 vorkommt! Die Hauptwahrheit liegt im
1825 1158 2737 1216 kann, wenn er sie nicht als Zuschauerin im
699 1150 810 1231 t
908 1189 1814 1252 Charakter Bruckners. Er hat wohl nicht alles
1815 1180 2732 1247 Theater weiß. Und sie, diese liebe, feine Frau,
910 1236 1814 1286 wirklich so erlebt, aber er hätte es so erleben
1819 1237 2733 1300 von Grauen erfüllt über die Lügenhaftigkeit
897 1272 1806 1327 [können. Léon und ich wollten keine Bio¬
1815 1284 2737 1347 dieses großen Kindes, sie wird von seinem
688 1288 840 1379 esenl.
914 1321 1808 1381 graphie erzählen, sondern ein fesselndes Stück
1821 1328 2737 1375 Menschentum immer wieder gefesselt — ob¬
921 1369 1813 1418 geben und im übrigen stimmt auch die Bio¬
708 1355 913 1425 btisch mit
1814 1367 2522 1438 gleich sie nicht weiß, wo es wohnt.
917 1399 1816 1464 graphie Götzens von Berlichingen und der
694 1403 908 1462 st, kommt
1892 1403 2730 1471 Ein wahrer Genuß das Gegenspiel
928 1450 1810 1506 Maria Stuart nicht mit den Stücken überein,
696 1451 906 1513 Dr. Ernst
1823 1442 2730 1509 Korffs und Cäcilie Lvovskys. Er, der
930 1494 1811 1542 deren Helden sie sind. Der poetischen Wahr¬
710 1489 907 1565 de, immer
1824 1497 2730 1550 mit so viel glaubhafter Unschuld gemein ist,
779 1540 915 1590 neuen
917 1532 1826 1601 heit zuliebe lebt in unserem Stück sogar
1816 1539 2735 1586 dem die Lügen so munter und rein heraus¬
701 1565 918 1635 bühne,
917 1576 2723 1641 Richard Wagner ein Jahr länger als in sprudeln wie der helle frische Quell dem
922 1614 2734 1686 Wirklichkeit. Dem Publikum ist das ja auch Alpenfels. Und sie — einerseits entsetzt über
696 1608 914 1679 auptrolle.
927 1662 2729 1720 ganz gleich, wenn nur das Stück gut ist. Ob solch gefährliche Kunst der Lüge, andererseits
697 1665 907 1736 Rasch ist
907 1705 2737 1758 dies der Fall ist, darüber war ich lange im voll Bewunderung für dieses Naturschauspiel
923 1745 1105 1816 Zweifel.
1889 1739 2732 1802 schließlich auch in Liebe verzeihend, weil
707 1742 911 1823 Ich war
1005 1768 2735 1833 Ich vertraute unserem ehrlichen und diese denn doch größer ist als das Grauen.
689 1806 917 1874 zu Tische
916 1811 2729 1876 ernsten Willen, ich vertraute der aus= Das machten die beiden Künstler wirklich ganz
707 1847 917 1907 gend auf
919 1870 1815 1928 gezeichneten Theatertechnik Viktor Léons, den
1821 1880 2728 1928 reizend. Vortrefflich Martin Klein als
704 1889 914 1957 erstorbene
924 1924 1810 1982 man den Wiener Sardou nennen muß. Aber
1820 1912 2729 1970 Direktor, Schott als Gley und die kleine
709 1940 916 1995 ssium auf
919 1954 1810 2014 bei der Premiere war er nicht da, und ich
1818 1963 2732 2014 Paula Wesselly als keckes Theaterbaby.
714 1983 923 2039 wir, an¬
921 2007 2704 2055 saß allein im Zuschauerraum, ganz hinten, Dem ersten Einakter „Stunde des Erkennens“
701 2021 920 2087 rau des
925 2025 1826 2111 in der letzten Reihe, wo mich niemand kannte,
1819 2029 2723 2112 gereichte das vornehme Wesen Erika Wagners
697 2063 922 2133 on „Der
915 2088 1809 2136 neben einer Friseurfamilie. Mann, Frau,
1815 2090 2087 2157 zum Vorteil.
724 2114 918 2170 das ich
927 2122 1818 2190 Tochter. Als die Tochter zum erstenmal
1901 2121 2719 2189 Die Aufnahme der Einakter war überaus
712 2148 912 2226 d waren
917 2162 1813 2225 klatschte, stieg meine Seele wie ein Luftballon
1810 2168 2731 2231 freundlich. Korff und seine Partner mußten
709 2200 921 2267 und zer¬
922 2217 1813 2268 hoch, und das erste Lachen durchfuhr mich
1826 2222 2727 2277 oft vor die Rampe. Nichtsdestoweniger erwies
706 2247 926 2304 s, wobei
915 2256 1811 2317 wie ein elektrischer Strom. Ich hatte mir
1822 2255 2728 2319 sich die „Komödie der Worte“ denn doch als
715 2286 914 2346 der An¬
921 2297 1820 2354 vorgenommen, es meinem Freunde Heinrich
1818 2291 2727 2367 allzu wortreich. Der Herr Spielleiter Korff
730 2336 919 2391 f für ein
921 2344 1819 2399 Schrottenbach nachzumachen. Der führte
1814 2340 2653 2415 könnte gar viel streichen — auch sich selbst.
722 2378 919 2436 daß das
2520 2378 2701 2457 J. St.
919 2383 1828 2449 einmal in Graz eine Volkskomödie auf. Im
708 2417 913 2493 doch kein
1772 2424 1830 2479 u
921 2423 1737 2486 zweiten Akt begann das Publikum
733 2467 925 2531 Florian
928 2467 1867 2548 pfeifen. Da setzte sich der Gute ins Parkett E
1868 2443 2731 2563 die 100. Vorstellung.
727 2511 772 2566 n
768 2509 925 2574 ziehen
922 2508 1836 2576 und pfiff mit. Die Leute schrien „Pfui
932 2559 1818 2613 Schrottenbach“ und wer am lautesten schrie,
710 2558 920 2616 ger und
1830 2539 2739 2631 Ein Festtag der Arbeitsgemeinschaft der
936 2602 1820 2652 war Schrottenbach selbst. Er wollte
711 2599 926 2658 n zweiten
2138 2598 2428 2661 Volksoper.
926 2640 1825 2702 sich nicht zu erkennen geben und demonstrierte
708 2633 920 2701 zitete die
1887 2645 2730 2723 In der Volksoper findet am 23. d. die
924 2687 1805 2740 gegen sein eigenes Stuck. Mir ist ein gleiches
703 2675 919 2741 ir immer
1822 2702 2733 2760 100. Vorstellung im Rahmen der Arbeits¬
918 2725 1597 2797 Los zum Glück erspart geblieben.“
1641 2728 1800 2787 E. P.
703 2730 918 2788 Flamme“.
1808 2746 2728 2799 gemeinschaft statt. Das Direktorium bereiret
703 2756 930 2839 jählerisch.
1825 2793 2726 2851 für diesen Abend eine Festaufführung von
703 2817 930 2872 Stuben¬
930 2824 2735 2905 „Komödie der Worte.“ Verdis „Aida“ vor. Als Alda gastiert Frau
701 2860 913 2916 im jeden
1816 2876 2723 2921 Anne Rosells von der Metropolitanoper
717 2902 909 2960 Dirigent
919 2893 1813 2968 Neuaufführung im Deutschen Vollstheater.
1813 2918 2732 2973 in Newyork, die schon bei der letzten Stagione
710 2948 917 3006 ermochte.
1824 2956 2730 3014 in der Volksoper in dieser Partie mit außer¬
996 2949 1810 3023 Es sind just über zehn Jahre, daß das
707 2991 918 3050 die Bühne
1815 2989 2729 3057 ordentlichem Erfolg auftrat. Für die Partie
932 2981 1808 3065 Burgtheater diesen Einakterabend Artur
737 3036 926 3092 drinnen
1822 3040 2729 3092 des Radames wurde Kammersänger Alexander
935 3044 1827 3104 Schnitzlers zum erstenmal brachte. Harry
752 3081 911 3137 fanden,
924 3084 2729 3157 Walden stand damals noch im Glanze seiner[ Kirchner von der Berliner Staatsoper
758 3122 924 3183 keusche
932 3136 2224 3199 männlichen Anmut. Aus ihr sprüht so eigentlichsals Gast gewonnen.
705 3162 925 3222 rin, der
1887 3161 2728 3236 Heute gelangt um ½3 Uhr „Der
928 3182 1820 3230 seine Kraft der Ueberredung. Ihr glaubte man,
1817 3205 2723 3265 Trompeter von Sätkingen“ zur
709 3207 1819 3272 idelt. Es wovon man nicht überzeugt war. Zum Beispiel
710 3257 930 3315 woethe zu
1810 3253 2732 3317 Aufführung. Dirigent Alfred Lieger als Gast.
923 3269 1812 3316 den Schritsteller Staufner, den Helden des
709 3297 924 3357 ius dem
2476 3295 2738 3361 arme
924 3303 2355 3353 dritten Einaliers „Das Bachusfest“ der einer Abends ½8 Uhr geht
1824 3349 2733 3408 Jonathan“ mit Mizzt Weißmann und
720 3346 919 3407 Wunder¬
933 3329 1816 3398 Anekdote zuliebe seine Frau liebevoll um¬
1817 3370 2721 3441 den Herren Louis Treumann und Dr. Josef
929 3393 1816 3445 sängt, obgleich sie sich vor seinen Augen soeben
712 3388 924 3461 ipor: die
1824 3424 2745 3500 Vergauer als Gästen in Szene. Dirigent
911 3435 1820 3501 von einem jungen Mann getrennt hat. der ihr
1818 3468 2118 3539 Walter Hahn.
930 3468 1811 3529 durch sechs Sommerwochen so gut wie Gaue
708 3458 918 3532 ktor Léon
927 3519 1826 3572 geweien. Ein paar vernichtende Witze — das
703 3516 922 3575 llogstellen
924 3561 1833 3631 ist alles, womit der große Schriftsteller an dem
711 3566 923 3627 zesicht ge¬
1844 3557 2705 3653 Tosellis „Serenade“.
922 3603 1512 3669 Räuber der Gattin sich rächt.
704 3608 876 3669 snacht —
1959 3632 2581 3706 Im Buigtheater zu hören.
704 3647 926 3707 u offenen
999 3633 1828 3707 Man hat nicht gut getan, diesen drolligen,
1890 3671 2728 3738 Vittoris Toselli, als Geiger und Kom¬
733 3696 920 3752 und er¬
926 3693 1823 3750 aber schließlich doch um einen geistreichen
712 3739 917 3792 1. Etwa:
1822 3714 2728 3794 ponist, mehr aber noch als der geschiedene
931 3738 1817 3797 Witz herumgelogenen Einakter an den Schluß
1823 3779 2727 3832 Gatte der einstmaligen Kronprinzessin Luise
717 3777 919 3835 Bei aller
939 3785 1823 3833 zu setzen. Gewiß: Arnold Korff (Staufner),
924 3809 1025 3878 die
1823 3814 2736 3875 von Sachsen bekannt, ist, wie berichtet wurde,
1012 3825 1828 3879 Steinsieck (Gattin) und Sima
707 3824 929 3900 von ver¬
1829 3860 2736 3915 in Florenz genorben. In Oesterreich, so hieß
929 3859 1810 3919 brachten Farben echter Heiterkeit. Aber trotz¬
712 3882 916 3960 en Kaffee
1814 3907 2735 3962 es gestern an dieser Stelle im Nekrolog, wurde
924 3908 1045 3955 dem
1104 3912 1819 3980 die kleine Komödie bedeutete den
1817 3945 2721 4005 seine melodiöse „Serenade“ eine Kriegs¬
925 3941 1336 4016 schließlichen Abstieg.
699 3949 918 4007 ichte fort,
1000 3990 2727 4047 Den Höhepunkt ersteigt der Schnitzler=nschöpfung, die, einem Soldatenliedtext unter¬
710 3988 939 4044 etten und
699 4024 2736 4092 as Stück Abend zweifellos mit der „Großen Szene“,legt, seinerzeit in allen italienischen Schützen¬
739 4121 2746 4174 Monate nach unten kugelförmig verlängert, so läge des fünfschiffigen Kölner Domes sich im
736 4164 926 4206 Aaubsalle
2470 4166 2662 4214 Pi
2246 4175 2313 4225 K
3044 4106 3149 4189 #
