3344 4352
191 253 2534 359 26.1. Konoedie der Norte  zuklus box 32/4
2278 857 2695 943 20. November 1915.
1622 877 1817 961 — — —
303 879 551 972 Seite 656.
1182 875 1553 964 „
1503 974 2732 1057 „Der Fremde“, das zum ersten Male vor elf Jahren
253 999 1500 1081 aus dem Hause sei. Zehn Jahre lang hat er der Frau die
1499 1017 2738 1097 an derselben Stelle erschienen war und diesmal wie damals,
264 1055 1493 1117 Komödie eines liebenden Gatten vorgespielt, um seine
1496 1076 2739 1157 recht gefiel, obwohl ja die eigentliche Stärke Lienhards be¬
267 1090 1497 1162 Rache möglichst kalt zu genießen. Ueber die innere Unwahr¬
1499 1119 2745 1208 kanntlich nicht auf dramatischem Gebiete liegt. Den Schluß
263 1147 1493 1211 scheinlichkeit dieser Voraussetzung kann der geistreiche und
1501 1175 2742 1253 machte eine völlige Neuheit, ein Spiel aus dem deutschen
263 1195 1493 1266 raffiniert ausgeklügelte Dialog, dem zu Liebe das ganze Stück
1511 1213 2743 1303 Rokoko „Der verwandelte Komödiant“ von
262 1243 1494 1318 geschrieben zu sein scheint, nur schwer hinweghelfen. Es ge¬
1499 1276 2734 1343 Stephan Zweig, dessen „Haus am Meer“ es vor drei
268 1302 1500 1363 lang doch einigermaßen, aber nur, weil die Herren Steinrück
1512 1324 2733 1397 Jahren zu keinem rechten Erfolg bringen konnte. Diesmal
263 1346 1496 1411 und Graumann, am meisten aber Frau von Hagen, sich
1500 1373 2747 1448 hatte er mehr Glück. Der verwandelte Komödiant ist ein
270 1390 1494 1447 mit ganz ungewöhnlichem Glück in den Dienst dieser Kon¬
1501 1426 2735 1490 artiges Verslustspiel, das uns die Macht des Schauspielers
257 1437 1492 1506 versationskomödie stellten. Verdienter war der Erfolg des
1511 1466 2746 1545 über die Gemüter der Menschen an einem drastischen Beispiel
265 1493 1497 1576 zweiten Stückchens, das „Große Szene“ heißt und uns
1510 1540 2733 1597 erläutern soll. Ein armer wandernder Komödiant kommt als
272 1544 1498 1603 einen Komödianten vorführt, einen großen Schauspieler, der
1515 1570 2744 1644 Bittsteller zur Favoritin eines Fürsten und erreicht durch
274 1590 1504 1653 vor lauter Charakterdarstellung seinen eigenen Charakter ver¬
1511 1642 2749 1695 seiner Rede Zauberfluß nicht nur den erbetenen Schutz für seine
274 1645 1501 1705 loren hat. Zum zweiten Male will ihn seine Frau ver¬
1515 1673 2747 1737 Truppe, sondern er spielt sich auch in die Gunst des Fürsten
275 1685 1502 1754 lassen, nachdem sie unerwartet zur Zeugin einer „großen
1514 1722 2743 1788 wie seiner Favoritin hinein. So wie bei dem ersten Abend
263 1737 1510 1786 Szene“ geworden ist, die ihr Gatte einem jungen Manne
1515 1771 2738 1842 Herr Steinrück, so hatte hier unser junger Frankfurter Gast
264 1784 1499 1848 vorspielt, der gekommen war, um von ihm Rechenschaft für
1512 1806 2744 1881 Herr Janssen die dankbare aber schwere Aufgabe, sich dreimal
269 1827 1507 1902 die Verführung seiner Braut zu fordern. Herr Steinrück
1517 1875 2749 1943 zu verwandeln und höchst heterogene Charaktere zu spielen.
275 1898 1510 1950 spielte diesen Schauspieler mit großem Lacherfolg, aber die
1519 1916 2745 1985 Sein Wilhelm in den Geschwistern, sein Till Eulenspiegel als
278 1934 1505 1991 Geschichte hat eigentlich einen sehr ernsten und traurigen
1526 1960 2746 2036 „Fremder“ und endlich sein verwandelter Komödiant zeigten,
277 1990 1512 2047 Hintergrund. Ganz verunglückt ist das dritte Stück „Das
1518 2012 2738 2081 daß wir an diesem jungen und feurigen Schauspieler, der
282 2026 1502 2093 Bacchusfest“; es konnte auch am Wiener Burgtheater
1515 2059 2747 2125 mich an Joseph Kainz in seiner Jugend erinnert, wohl eine
280 2070 1503 2149 nicht durchdringen. Die junge Frau eines Schriftstellers ist
1516 2111 2751 2205 höchst willkommene Bereicherung unseres Personals erhalten
281 2130 1513 2183 im Begriffe mit einem Anderen durchzugehen. In der Bahn¬
1526 2156 2750 2233 würden. Der sollte uns einmal den Torquato Tasso vor¬
273 2168 1507 2249 hofshalle, wo sie, für sich, leider aber auch für das Publikum
1530 2215 2750 2290 spielen. Dieses Goethesche Drama ist wohl am längsten nicht
273 2231 1506 2295 viel zu lange auf einen verspäteten Zug warten müssen, über¬
1525 2252 2748 2334 mehr aufgeführt worden; ich glaube, seit Possart zum letzten
275 2295 1510 2338 rascht sie der Mann und bringt alles wieder in Ordnung,
1526 2309 2744 2385 Male den Antonio gespielt. Will ihn keiner nachspielen?
284 2337 1516 2396 indem er seine Frau zu ihrer Pflicht zurückführt. Schnitzler
1533 2364 2418 2441 Herr Jacobi wäre der richtige Mann dafür.
281 2374 1516 2437 hat vielleicht nichts Langweiligeres und Geistloseres ge¬
1599 2395 2750 2471 Nur kurz möchte ich noch erwähnen, daß im Hoftheater
285 2417 1517 2506 schrieben als diese öde Szene im Salzburger Bahnhof¬
1519 2459 2742 2529 Hugo von Hofmannsthals „Altes Spiel von Jedermann“
286 2464 1507 2541 restaurant: sie verdarb den ganzen Abend und jagte manche
1536 2497 2763 2572 wiedereinmal aufgeführt worden ist, nicht nur eine der wert¬
292 2533 1342 2599 Zuschauer noch vor dem Schlusse aus dem Theater.
1526 2537 2767 2624 vollsten Gaben des Wiener Aestheten, sondern auch der letzten
377 2579 1516 2638 Wertvollere Gaben brachte der zweite Einakterabend:
1527 2604 2765 2666 Jahre überhaupt. Auch hier führte die Uebernahme des
280 2622 1509 2681 vor allem nach längerer Zeit wiedereinmal Goethes „Ge¬
1533 2641 2762 2721 Jedermann durch Herrn Janssen zu einer recht erfreulichen
289 2671 1512 2741 schwister“, dann zur Feier des 50. Geburtstages unseres
1511 2693 2772 2780 Verjüngung in der Besetzung. — Auf dem Gebiete der Oper
290 2707 1523 2786 Heimatdichters Friedrich Lienhard, dessen Schelmenspiel
2486 2913 2830 3000 NUNCHEN
2036 2945 2283 3096 giche
1669 3007 1768 3094 ge
1390 2988 1680 3099 pestgpen
2066 2962 2371 3158 ge
781 3015 962 3127 6638
902 3020 1072 3149 ∆
2309 3025 2378 3159 3
1885 3044 2087 3154 #00
1396 3041 1709 3232 gue de
1326 3068 1544 3207 G
828 3088 936 3192 zer
1570 3118 1725 3198 60 #
855 3076 1132 3240 ee
2455 3125 2860 3227 Seiderr
2024 3144 2142 3236 S##
695 3136 836 3239 18
1971 3135 2260 3306 geree
1306 3176 1439 3282 +
768 3201 864 3271 ge
723 3202 976 3345 9 6 0
2493 3242 2974 3338 GEBR•
832 3326 971 3415 1
1600 3456 2766 3544 Es sol gezeigt werden, wie man dratisch mit dinreichender Genauigleit
323 3480 1489 3575 energe en en den ene den den den den e den en en
1546 3517 2761 3595 denjenigen Punkt eines zu beschießenden Gegenstandes bestimmen kann, der,
1542 3561 2765 3630 als Zielpunkt benutzt, die meiste Gewähr dafür bietet, daß der Schütze den
469 3560 1380 3661 Von unseren Hochlchulen
1551 3601 2757 3678 Gegenstand überhaupt irgendwo trifft. Dabei kann das Ziel als eine ebene
1548 3638 2768 3719 Scheibe angesehen werden, deren Form allerdings noch ganz beliebig ist. Der
1545 3687 2768 3757 gesuchte günstigste Zielpunkt ist nicht etwa der Schwerpunkt der Scheibe, er
322 3704 1520 3804 Sitzungsberichte der K. Preuß. Akademie der Wissenschaften.
1551 3722 2771 3792 hängt auch nicht nur von der Gestalt der Scheibe, sondern ganz wesentlich
1553 3764 2771 3833 auch von der Treffsicherheit des Schützen, d. h. von seinem durch Probe¬
440 3772 1412 3845 28. Oktober. Sitzung der physikalisch=mathematischen Klasse.
1547 3797 2776 3871 schießen feststellbaren wahrscheinlichen Fehler ab, aus dem sich nach einer
557 3826 1293 3898 Vorsitzender Sekretär: Herr Waldeyer.
1551 3841 2772 3914 bekannten Formel der Wahrscheinlichkeitsberechnung der Genauigkeits¬
376 3857 1534 3963 Herr Müller=Breslau las „Elastizitätstheorie des starren Luft¬
1545 3868 2782 3948 koeffizient des Schützen berechnen läßt. Die Schwierigkeit der Aufgabe liegt
1546 3920 2781 3988 darin, die Koordinaten zo und „6 des günstigsten Zielpunktes aus zwei
309 3927 494 3994 schiffes“.
375 3942 1535 4010 Die Versteifung eines starren Luftschiffes gehört zu den hochgradig
1558 3955 2782 4028 Gleichungen zu ermitteln, in denen #o und „0 als Konstanten in den
317 3992 1534 4058 statisch unbestimmten Stabwerken; ihre genaue Untersuchung verlangt die
1552 3995 2773 4070 Integralen zweier nicht in geschlossener Form auswertbarer Integrale auf¬
315 4031 1538 4092 Aufstellung einer außerordentlich großen Zahl von Elastizitätsgleichungen,
1557 4031 2778 4106 treten. Die Lösung wird erreicht, indem der Aufgabe eine dynamische
314 4074 1535 4127 deren jede einzelne eine große Zuhl von Unbekannten enthält. Hierzu tritt
1549 4071 2778 4144 Teutung unterlegt wird, wonach in jedem Punkte der Scheibenebene eine
312 4108 1533 4173 die große Zahl der zu untersuchenden Belastungsfälle. Die strenge Lösung
1561 4111 2772 4188 gewisse Kraft wirkt und es darauf ankommt, denjenigen Punkt zu finden,
323 4156 1541 4211 wird dadurch sehr erschwert, daß die Verspannung der Felder des Fachwerk¬
1564 4155 2770 4226 für den diese Kraft gleich Null wird. Es zeigt sich, daß der günstigste Ziel¬
327 4206 1550 4243 wantels und der Ringe zur Erzielung eines geringen Schiffsgewichtes soweit
2134 4200 2768 4235 " Bensnigleitskeefsizienten des Schützen
1857 4213 1953 4273 B
2943 3161 2998 3208 3
2998 3074 3053 3131 900
