3392 4256
1323 62 2155 128 beigischen Archttektaomit. ereisticher
1337 120 2170 178 ist fesselnd. Er zeigt, wie erst die Kirchen¬
1341 153 2178 216 kunst in Belgien der Raumkunst Bahn
1338 199 2174 264 brach, wie dann dabei allmählich der Sinn
1330 232 2180 301 für Schönheit wuchs und sich die Gotik
1337 283 2179 357 eine dominierende Stellung errang. Im vier¬
1332 330 2172 393 zehnten Jahrhundert schon fesselte die bürger¬
1343 369 2183 443 liche Baukunst alle Kräfte. Es wächst der
1341 409 2175 471 Sinn für malerische Form, und wird mit
1332 458 2174 512 bildnerischem Schmuck begonnen. Die äußerste
1347 504 2179 567 Steigerung der Lebenshaltung gibt der Kunst
1345 546 2179 611 eine lebendige Frische. Die Raumgruppierung
1343 590 2185 655 drängt aus dem Zwange der mittelalterlichen
1347 647 2190 690 Gebundenheit heraus. Es wird der Einheits¬
1346 674 2179 738 der Renaissance, der Saal. geboren.
1303 1003 1559 1068 Rundschau.
1425 1121 2260 1195 stammel der kleinen „Liliendiebin“ rührend¬
568 1133 1424 1207 rascht von der wirklich lebendigen Auf¬
1434 1195 2263 1240 innigen Ausdruck verleiht. Dem Gastspiel der
583 1202 1409 1245 führung der selten und zumeist nur verstüm¬
1425 1234 2274 1293 Frau Helene Thimig im Stadttheater ver¬
580 1237 1423 1297 melt gegebenen Komödie „Maß für Maß“,
1433 1272 2281 1333 dankten wir außer der „Kronbraut“ noch
575 1282 1424 1338 die man auf der Volksbühne zu sehen
1420 1312 2276 1372 die Erneuerung der Bekanntschaft mit dem
584 1322 1415 1379 bekam. Es war ein glücklicher Einfall, das
1429 1370 2281 1419 Schauspiele „Lady Windermeres Fächer“ von
580 1370 1417 1414 Werk in die Rechte seiner ursprünglichen
1430 1404 2274 1465 Oskar Wilde. Noch sel samer als bei der
573 1415 1412 1457 Fassung und Szenenfolge wieder einzu¬
1434 1441 2277 1502 ersten Bekanntschaft berührt uns heute der
572 1451 1426 1496 setzen, und der Versuch, die ethische Wirkung
1435 1490 2273 1553 Widerspruch zwischen dem altmodischen Cha¬
570 1509 1420 1551 der Komödie durch ein zielbewußtes Heraus¬
1438 1533 2282 1592 rakter der wie für das englische Gouver¬
578 1544 1413 1598 arbeiten des Gegen= und Ineinanderspieles
1440 1578 2285 1634 nantenheim berechneten Handlung und dem
582 1586 1419 1635 der ernsten und heiteren Szenen zu erhöhen,
1441 1631 2286 1677 geistreichelnden Fangballspiel, das zwischen
578 1636 1413 1691 darf als in jeder Hinsicht gelungen be¬
1431 1665 2285 1725 den Rühreffekten mit satirischen Aphorismen
576 1673 1411 1731 zeichnet werden. Auch die wienerische Fär¬
1435 1712 2295 1775 getrieben wird, und es gehörte die große,
571 1718 1415 1760 bung, die den Rüpelszenen gegeben wurde,
1433 1747 2285 1804 mit den einfachsten, kaum wahrnehmbaren
577 1769 1418 1817 stand dem in Wien spielenden Stück nicht
1435 1801 2282 1855 Mitteln verinnerlichende Kunst der Frau
572 1807 1420 1859 übel zu Gesicht, zumal Herr Lackner als
1432 1834 2284 1889 Thimig dazu, um die gegenstandslosen Leiden
579 1856 1414 1900 Bierzapfer den vorteilhaftesten Gebrauch da¬
1440 1888 2281 1952 der Lady Windermeres in die Sphäre,ünseres
584 1889 1421 1938 von machte. Hans Ziegler, der sich nun mit
1440 1932 2294 1988 Mitgefühles zu rücken. War sie, vielleicht
580 1942 1423 1990 Artur Rundt in die Leitung der Volksbühne
1432 1970 2284 2043 auch keine englische Lady, um so reiner und
578 1989 1425 2041 teilt, hätte sich nicht besser einführen können,
1442 2021 2285 2072 eindringlicher trat das „Dramg eines guten
576 2022 1426 2078 als mit der Inszenierung dieser unterhalt¬
1447 2065 2286 2130 Weibes“, wie Oskar Wilde sein Gesellschafts¬
576 2069 964 2131 samen Vorstellung.
1445 2107 2129 2181 stück bezeichnet, in die Erscheinung.
661 2099 1423 2166 Durch den Weltkrieg scheinen auch die
1833 2151 2249 2221 Theodor Antropp.
583 2162 1430 2210 Jahreszeiten und Kalenderfeste in Unordnung
584 2199 1424 2264 geraten zu sein, sowohl in der Natur
1443 2232 2291 2304 Zur Frage der /Kohlenversorgung
586 2245 1429 2299 wie auf den Brettern, die im Lärm der
1480 2281 1678 2335 Wiens.
575 2287 1427 2346 Waffen den Weltfrieden bedeuten. Hat sich
1507 2298 2275 2378 In derletzten, Völkswirtschaftlichen Rund¬
590 2328 1423 2387 das Burgtheater mit seinem „Fasching“ um
1434 2365 2290 2425 schau“ von Walter Federn (Bd. I., Heft 5 vom
576 2379 1434 2428 einige Wochen verspätet, so beeilte sich die
1442 2422 2277 2476 1. März 1917) wird unter anderem der Kohlen¬
574 2423 1432 2474 Neue Wiener Bühne im umgekehrten
1443 2455 2281 2509 versorgung der Stadt Wien gedacht, wobei
573 2468 1423 2519 Maße, das Osterfest einzuläuten, bevor noch
1448 2505 2278 2557 gegen die Tätigkeit der Gemeindeverwaltung,
587 2510 1420 2571 Strom und Bach, Feld und Flur von Eis
1437 2559 2283 2601 besonders gegen die Leitung der städtischen
587 2557 1422 2601 und Schnee befreit waren. Gemeinsam war
1445 2595 2286 2644 Elektrizitätswerke Vorwürfe erhoben worden
579 2602 1429 2647 der Zeitverschiebung nur die stille Wehmut,
1438 2634 2283 2695 sind. Wie man uns nun von autoritativer
586 2640 1421 2696 so wenig sonst Molnar und Strindberg eine
1438 2691 2290 2732 Seite mitteilt und dies auch durch eine Zu¬
588 2690 1427 2744 Proportion geben. Man kennt des schwedi¬
1438 2726 2286 2791 sammenstellung aller auf die Kohlenversor¬
580 2732 1421 2787 schen Dichters Passion „Ostern“ vom Josef¬
1450 2761 2289 2824 gung der Stadt Wien Bezug nehmenden
590 2767 1434 2836 städtertheater her und man weiß, in welch
1448 2817 2287 2867 Schritte der Gemeinde (Amtsblatt der Stadt
587 2819 1422 2874 mystisches Helldunkel er da eine bitter trau¬
1439 2852 2277 2905 Wien vom 6. März 1917) nach unserer, von
588 2862 1419 2908 rige Alltagsgeschichte tauchte, um seinen reli¬
1437 2899 2283 2958 unserem Mitarbeiter freilich nach wie vor
580 2913 1423 2964 giösen Neigungen nach den bösen Tagen
1440 2938 2283 2998 nicht geteilten Auffassung nachgewiesen ist,
577 2951 1420 3008 des „Inferno“ Genüge zu tun. Klänge aus
1443 2985 2276 3041 hat der Bürgermeister ebenso wie die Direk¬
590 2986 1421 3048 Haydns Oratorium „Die sieben Worte des
1444 3022 2289 3082 tion der städtischen Elektrizitätswerke seit
579 3041 1423 3095 Erlösers“ müssen die realen Vorgänge des
1444 3068 2283 3125 Jahr und Tag nichts unversucht gelassen,
582 3082 1434 3140 Österspieles weihen und auch sonst erfordern
1438 3118 2284 3176 um die Versorgung der Elektrizitätswerke
591 3127 1422 3176 diese drei Akte einen großen Aufwand von
1440 3144 2296 3228 mit Kohle zu sichern, eine Bemühung, deren
590 3174 1434 3235 Stimmungsbehelfen. Die Neue Wiener
1450 3192 2298 3272 Ergebnis durch Verhältnisse, welche sich der
586 3217 1433 3271 Bühne scheute weder Kosten noch Mühe,
1445 3249 2286 3312 Einwirkung der Gemeinde entziehen, nicht
583 3258 1438 3319 um den Anforderungen des Dichters gerecht
1444 3288 2296 3362 in dem angestrebten Ausmaß erreicht werden
591 3304 1438 3366 zu werden, und sie besitzt jetzt in Lia Rosen
577 3353 1620 3414 eine Darstellerin, die dem verzückten Ge= konnte.
1171 3467 1716 3518 „Österreichische Rundschau“, Ll., 1.
917 3506 1949 3556 Redaktionsschluß am 29. März 1917. — Ausgegeben am 1. April 1917.
596 3518 659 3562 □
2199 3543 2242 3584 1
937 3546 1934 3614 Herausgeber: Leopold Freiherr von Chlumecky, Dr. Karl Glossy,
587 3551 673 3599 6
1149 3587 1718 3641 Dr. Felix Freiherr von Oppenheimer.
594 3589 675 3641 □
2200 3616 2276 3660 □
912 3631 1960 3675 Chefredakteur: Dr. Glossy. Verantwortlicher Redakteur: Karl Junker.
586 3633 672 3680 □
940 3665 1951 3710 Unverlangte Manuskripte ohne Rückporto werden nicht zurückgestellt.
583 3692 2280 3747 □ Verlag: Wien und Leipzig: Buchdruckerei und Verlagsbuchhandlung Carl Fromme, Gesellschaft m. b. H. □
2191 105 3018 157 Scheffler in seinem Buche über den belgischen
2180 139 3031 197 Künstler sagt, daß seine Reigung „sich mit
2190 183 3024 248 klammernden Organen an karge Wirklich¬
2196 227 3011 287 keiten, an die nächstliegenden Zwecke heftet“
2188 271 3032 332 einer anderen Neigung „vom Zwecke zu ge¬
2201 317 2630 382 nesen, wiederstreitet“.
2271 343 3034 412 Lüthgen aber sagt von Van de Velde:
2199 392 3037 461 „Hier lebt die alte schöpferische Formkraft
2198 440 3042 505 des belgischen Landes auf, die aus der reinen
2189 484 3035 554 Sinnlichkeit eines Rubens ebenso spricht wie
2198 530 3048 581 aus der unbestechlichen Ehrlichkeit und dem
2195 566 3038 645 schweren Ernst eines Van de Velde.“ Kann
2200 611 3038 672 man wohl objektiver dem künstlerischen
2205 667 3042 726 Schaffen eines Landes gegenübertreten, das
2230 707 3049 777 ch uns feindselig erwies, als es hier Lüthgen
2216 762 2321 816 1t?
2278 784 3042 859 Die Bilder, die er dem Buche beigege¬
2216 840 3043 901 #en hat, sind ein Abbild aus dem reichen
2228 878 3050 938 schatz der Formen, die in der architektonischen
2227 930 3045 983 unstentwicklung Belgiens bedeutsam wur¬
2232 959 3046 1038 m. Kurze Erläuterungen geben in knapp¬
2241 1015 3064 1089 r Form das Wissenswerte über jedes Bild
