3344 4352
1991 246 2521 344 box 32/9
221 256 1926 342 26.1. Konoedie der NorteZyklus
1567 1224 2178 1335 00 01
2160 1360 2223 1444 7
941 1420 1293 1523 Nachlese
2263 1426 2502 1518 „O
963 1500 2287 1557 Twischenspiel'. Nach zehn Jahren; oder nach neunen und einem, das
939 1544 2282 1628 D) länger als ein Jahrzehnt schien und einem Dichter wie Schnitzler
959 1600 2283 1665 schon Eintrag tun konnte. Aber wenn der Theaterspielplan die Be¬
947 1656 2284 1708 gierden des Volkes wiederspiegelt, so kommt auf niemand, der sich in
955 1695 2289 1764 dieser Zeit die „Hermannsschlacht und „König Heinrich den Fünften“
942 1744 2283 1796 wünscht, immerhin mancher, der für eine psychologische Komödie Sinn
943 1782 2284 1855 hat. Wahrscheinlich waltet das Gesetz des Gegensatzes. Das vater¬
950 1833 2275 1901 ländische Gefühl braucht keinem heut gestärkt zu werden — die Er¬
943 1880 2282 1930 innerung an eine andre als die kriegerische Welt fast jedem. Wie
947 1914 2282 1982 wir einst so glücklich waren, müssen's jetzt durch Euch erfahren. Durch
949 1963 2278 2045 den Kapellmeister Amadeus Adams und seine Frau, die Sängerin
935 1988 2285 2066 Cäcilie Adams=Ortenburg. Den Mann, nach siebenjähriger Ehe, ziehts
930 2062 2284 2130 hu einer Gräfin; zur Frau ziehts einen Fürsten. Mann und Frau
931 2095 2283 2172 strauen sich die Kraft zu, als „Mann“ und „Frau“ getrennte Wege zu
938 2149 2286 2222 gehen, ohne die Gemeinschaft ihrer Seelen zu gefährden. Sie lassen
931 2188 2278 2247 sich gleichzeitig treiben und gelangen zu sehr verschiedenen Zielen. Er
942 2241 2275 2296 hat sie in Wirklichkeit betrogen und kehrt als der Alte zurück; sie hat
942 2284 2279 2356 ihn in der Phantasie betrogen und keyrt als eine Neue zurück. In
941 2331 2274 2380 ihr sind, fern von Hause, Blüten fremder Art und fremden Duftes auf¬
928 2374 2278 2443 geschossen, die den Mann berauschen. Sie erliegt dem eigenen Mann,
933 2424 2276 2490 und das wird ihr Verderben. Denn sie kommt nicht darüber weg, daß
937 2460 2268 2536 er sie nicht als Cäcilie genommen hat, sondern als die berückend ver¬
927 2515 2274 2558 änderte Frau, die dem vermeintliche: Nebenbuhler wieder abzujagen
926 2561 2273 2635 eine Sensation mehr für ihn ist. Sie wird nie darüber wegkommen,
932 2602 2267 2650 daß sie, mit ihrer Glut im Blut, nur der obsession du sexe, dem
929 2644 2270 2718 désir de lhomme erlegen ist, und daß dieser homme nicht grade
926 2690 2274 2765 Amadeus hätte zu sein brauchen. Sie ist plötlich hellsichtig geworden.
926 2736 2274 2804 Sie sieht die tiefe Unsicherheit aller Beziehungen zwischen Mann und
922 2775 2268 2848 Weib. Sie weiß jetzt, daß es keine Treue in der Liebe, keine Reinheit
930 2831 2263 2888 in der Freundschaft gibt. „Ist nicht gemischt in unserm Lebenssaft
926 2866 2267 2935 so Menschentum wie Tier zentaurenhaft?" Sie schaudert davor.
934 2909 2254 2983 Andre finden sich ab. Sie nicht. Sie erkennt und spricht aus, daß sie
926 2956 2271 3015 beide gelogen haben, als sie einander volle Freiheit gewährten, statt
917 3004 2269 3055 ihre Eisersucht auszutoben und sich dann um so fester an einander zu
918 3040 2262 3120 krampfen. Diese Lüge hat ihre Liebe zugrunde gerichtet. Sie müssen
934 3087 1197 3158 sich trennen.
996 3111 2258 3206 Der Verlauf dieses intimen Konflikts, gegen den ich vor neun
925 3169 2247 3240 Jahren und einem Jahrzehnt leider nichts einzuwenden hatte — dies¬
923 3229 2251 3276 mal hat er mich gar nicht überzeugt; und die Lösung ebensowenig.
924 3275 2265 3334 Ich weiß allerdings keine andre, wenn Schnitzler zu beweisen plante,
925 3318 2266 3386 was er tatsächlich bewiesen hat: daß die Liebe im Leben der Frau alles,
920 3366 2255 3426 im Leben des Mannes nicht alles bedeutet. „Die Frau will den Mann,
919 3412 2248 3477 der Mann will sein Werk“ so hat es Moritz Heimann einmal
915 3444 2252 3505 formuliert. Amadeus komponiert und dirigiert und findet nichts da¬
918 3502 2251 3569 bei, sich von der heiligen Cäcilia nicht immer bei seiner irdischen
916 3548 2261 3597 Cäcilie, sondern ab und zu bei noch viel irdischern Friederiken zu
905 3602 2266 3662 erholen. Soweit er nicht Künstlex=ist, ist er leichtlebig. Sie ist durch
