3344 4320
2085 113 2535 202 box 32/4
222 134 1940 247 26. 1. Konoedie der Norte—Zykius
1892 354 1998 432 1
317 377 1405 470 Ausschnitt aus: Neues Wiener Abendblatt.
1865 416 3140 479 tümlich empfundenen und künstlerisch vorgetragenen Prosadichtungen greift
1865 465 3131 505 Wiesebach als Hauptgegenstand einen heraus, der gerade jetzt von höchster
972 441 1159 538 Wien
512 453 793 544 N011915
1860 498 3137 546 Wichtigkeit ist. Die Wehrkraft unseres Volkes und damit die Zukunft
323 482 482 557 vom:
1861 524 3141 567 des deutschen Wesens und Geistes beruht auf jenem Höchststande der Sittlich¬
1854 561 3139 604 keit, dessen Folgen sich u. a. in der Zunahme der Bevölkerungsziffer er¬
1866 601 3138 650 weisen. Auf die Wichtigkeit dieses Punktes aufmerksam zu machen, ist eine
1865 636 3135 686 der Aufgaben des Buches. In ergreifender Art schildert es deshalb die
1865 672 3140 722 Heiligkeit des Muttertums und der Kindeswürde. Teis realistisch, dem
1863 705 3129 752 Leben des Tages abgelauscht, teils in hohem Schwunge einer ins Außer¬
554 665 1173 794 Theater und Kunst.
1861 738 3141 787 gewöhnliche gehenden Phantasie führen Wiesebachs Erzählungen dieses
1857 775 3138 813 Thema durch. Sie leiten uns dabei außer in vaterländische Gebiete auch
512 772 1371 853 Man berichtet uns aus München
1864 809 3126 856 in solche des farbenglühenden Südens, nicht minder in jene der rein dichte¬
368 826 1378 877 SchnEinakterzyklus „Komödie der
1856 842 3132 883 rischen Eingebung. Das Buch wird jedem reiche Freude bereiten. Ganz
1856 874 3130 921 besonders zu wünschen wäre ihm auch eine ausgiebige Verbreitung unter
346 873 1379 937 Erstaufführung im König¬
1852 909 2359 961 unseren Soldaten im Felde.
2855 915 3097 958 E. Weigand.
341 922 1380 983 lichen Residenztheater beifallfreudige Aufnahme ge¬
1979 941 3124 985 Die neuen Regensburger Breviere. Dritte Ausgabe (Brev. 9):
337 979 1387 1028 funden. Dem Publikum gefielen die Einakter sowie
1865 966 3142 1039 Das vierbändige Miniatur=Brevier mit dem vergrößerten Satzspiegel
1858 1010 3124 1054 der bisherigen 48° Ausgabe. Größe des gebundenen Exemplars 83:135 mm.
338 1011 1383 1058 auch die vorzügliche Darstellung durch die Damen
1866 1048 3143 1095 Nur auf Dünndruck (indischem) Papier. 4 Bände ungeb. N 18, geb. A 28.50
343 1055 1384 1123 Bierkowski, v. Hagen und Ritscher und die Herren
1867 1082 3132 1132 bis J 41.10. Regensburg, Pustet, 1915. Von den in der „Allgemeinen
343 1101 1388 1150 Steinrück, Schwannecke, Graumann und Alten.—
1861 1113 3127 1156 Rundschau“ schon zweimal näher gekennzeichneten Regensburger Brevier¬
1857 1143 3140 1197 ausgaben (1914 Nr. 26; 1915 Nr. 34) liegt nunmehr auch die sogenannte
331 1143 1380 1197 In ganz besonderem Maße hat Steinrücks reife
1862 1184 3134 1229 Miniaturausgabe vor. Sie weist durchgängig, was Ausstattung und Text¬
342 1193 1366 1253 Kunst sich gezeigt. — Im Volkstheater hat die Posse
1853 1222 3140 1270 anordnung betrifft, die Vorzüge der übrigen Ausgaben auf, die schlechthin
330 1251 1382 1307 „Die schwebende Jungfrau“ von Arnyld
1867 1257 3129 1296 als mustergültig bezeichnet werden müssen. Ihr besonderer Zweck liegt in
1864 1291 3130 1344 größtmöglicher Handlichkeit. Die reformierten Proprien einer Reihe von
337 1286 1389 1364 und Bach, mit Herrn Kopp in der Hauptrolle grbße
1861 1322 3133 1366 Diözesen und Orden liegen auch zu dieser Ausgabe bereits vor. So ist
348 1329 691 1398 Heiterkeit erregt.
1865 1358 3131 1394 allen berechtigten Forderungen der Brevierbeter Rechnung getragen. Es
1867 1389 3144 1428 wird sich nun eine Editio prima Ratisbonensis post typicam der Horae
1869 1427 3144 1483 Diurnae anreihen, für die jedoch ein bestimmter Erscheinungstermin noch
1857 1457 2374 1510 nicht festgestellt werden kann.
2917 1466 3108 1510 O. Heinz.
1973 1492 3135 1548 Wilh. Dederichs: Unserer Gefallenen Los. Verlag H Pott¬
1867 1514 2413 1576 hoff, Bochum. Preis 15 Pf. —
2411 1530 3138 1579 Wieder eine bereichernde Arbeit auf dem
1863 1563 3144 1615 Gebiete der religiösen Kriegsliteratur, ihrer knappen und doch gemein¬
392 1565 820 1648 Nusschnitt aus:
1865 1597 3142 1632 verständlichen Zusammenfassung wegen besonders für Massenverbreitung
1869 1632 3139 1685 bestens geeignet. Ein Schreiten ists vom Riesenfriedhof des Schlachtfelds
888 1613 1219 1698 er Tagblatt,
1863 1668 3142 1728 ins Totenreich, ein liebevolles Suchen nach den Seelen unserer gefallenen
399 1668 571 1737 vom:
657 1577 974 1750 unig.
1867 1702 3139 1752 Helden. Unter Zugrundelegung der verheißungsvollen Worte aus der
1866 1735 3147 1779 Heiligen Schrift „Wir wollen euch nicht in Ungewißheit lassen über eure
1863 1773 3139 1810 Toten“ entsteht eine sichere Mutmaßung über ihren Aufenthaltsort. Und
1870 1804 3145 1858 wer besonders von denen, die um einen tapferen Krieger trauern, möchte
1868 1837 3143 1900 sich über diesen Punkt nicht unterrichten? Des Büchleins Leitung wird
300 1808 1151 1896 zasschen-10 und s aht berneinen ja lassen.
1870 1874 2292 1929 es tröstend vollbringen.
2812 1874 3105 1935 C. v. Mühlen.
380 1886 1614 1959 Münchner Theater. „PonSchnitters Elfäklerzyklus „Die
1874 1927 3142 2001 WSANEAHANHHHNHNHNEHZEHEERAHEHHENHHGEEAHHEAHEEAHHETHHTHEAHEHNAEE
309 1929 1622 2004 Komödie der Woche“ fand bei der Erstaufführung am Münchner
303 1966 1595 2033 Kgl. Residenztheater nur der mittlere Einakter „Die große Szene“
1947 1981 2068 2062 N0
309 2004 1624 2077 einen ausgiebigeren Beifall. Daß der Abend bis zum Ende inkeressierte,
2087 1990 3121 2113 Bühnen= und Musikrundschau. 72 74
302 2046 1632 2123 war vornehmlich Dr. Steinrück zu danken, der mik animlerendem,
306 2085 1619 2166 von kleinen Eigenmächtigkeiten nicht immer freiem Spiel den Abend
1974 2098 3129 2174 Kgl. Residenztheater. Zum ersten Male: „Komödie der Worte“.
303 2119 458 2184 führte.
1289 2137 1544 2215 Dr. K. M.
1863 2158 3139 2212 drei Einakter von Arthur Schnitzler. Das Haus ist ausverkauft,
644 2158 1167 2249 1. Opli
1862 2191 3147 2234 auch für die Vorstelluchgehöre nicht zu den lieben
1864 2235 3138 2286 und meist so braven Kollegen, denen eine Karte zurückgelegt wurde.
1873 2275 3137 2333 Ich muß warten, drei Tage, ja vielleicht auch vier. Vor mir liegt
1857 2312 3133 2366 das Buch. Soll ich es aufschlagen? Ich lese es lieber nach als vor
1863 2353 3139 2386 einer Aufführung. Ich halte dies für richtiger, denn der Kritiker ist
1858 2398 3145 2450 nun einmal kein naiver Leser, er kennt die Bühne und die Schau¬
1869 2434 3133 2482 spieler und unwillkürlich, er mag wollen oder nicht, setzt er sich an das
1865 2472 3144 2532 Regiepult. Kommt er dann ins Theater, dann bringt er schon eine
1867 2512 3137 2555 festumrissene Bilderreihe mit. Ist nun die Aufführung des Spielleiters
1863 2551 3145 2611 eine andere, als die seine, so tritt er mit dem Mann der Praxis in
1859 2588 3142 2646 Gedanken in eine Polemik. Möglich, daß er sich am Ende zur Auf¬
1871 2627 3150 2683 fassung des Spielleiters bekehrt, aber jedenfalls ist er nicht der un¬
1865 2667 3137 2727 beeinflußte Genießer eines Kunstwerkes und dies soll nach meiner Mei¬
1870 2708 3093 2747 nung der Kritiker sein, solange die Gardine nicht geschlossen ist. —
1863 2748 3142 2803 Ich will im Theater zum Publikum gehören; aber wenn ich eben
1875 2788 3134 2849 warten soll, tagelang, vielleicht gar auf Erkenntnisse und auf
1870 2826 3143 2885 ästhetische Werte warten soll, die mich möglicherweise bereichern,
1871 2865 3134 2914 nun so lasse ich die guten Vorsätze fahren und schlage das Buch auf.
1875 2905 3144 2960 „Die Stunde des Erkennens“, ein guter Titel. Ein Arzt weiß
1872 2945 3143 3001 seit zehn Jahren, daß seine Frau ihn betrogen; er ver¬
1870 2984 3138 3038 schloß jedoch seinen Groll in sein Herz bis zur Stunde, da seine
1871 3020 3136 3091 Tochter verheiratet das Elternhaus verlassen Sein Verdacht ist
1865 3063 3154 3122 auf einen Unrichtigen gefallen. Wohl liebte seine Frau diesen,
1873 3099 3145 3156 seinen Freund, den er auch aus anderen Gründen stets beneidet hat,
1864 3140 2816 3183 aber sie liebte ihn so sehr, daß sie sich mit einem
2809 3141 3140 3199 — anderen ver¬
1868 3178 3144 3232 gangen hat. Die Frau läßt ihren Gatten in dem Irrtum und geht
1869 3223 3143 3265 aus dem Hause. Ich kann es mir bei der Lektüre lebhaft vorstellen,
1873 3257 3141 3303 wie Herr Steinrück den lange verschlossenen Groll entladet, mir ist's,
1867 3295 3142 3359 als hörte ich die Töne, die Kunstpausen und sähe die psychologischen
1872 3335 3142 3377 Finessen, mit denen er und Schnitzler das Publikum zu überreden
1876 3376 3146 3416 sucht, daß das menschliche Herz einer Konservenbüchse gleicht „erst bei
1865 3413 3146 3462 Bedarf zu öffnen“. Und ich sehe Frau v. Hagen, als elegante,
1862 3451 3140 3494 leidenschaftliche Frau; sehe die hoheitsvoll verächtlichen Gesten,
1867 3490 3145 3541 mit denen sie angewidert sich zum Gehen wendet. Das Publikum,
1872 3532 3140 3594 gutmütig, wie es ist, wird dabei an den peinlich komplizierten Ehe¬
1869 3572 3148 3625 bruch kaum mehr denken. Ich höre das Plätschern des Beifalls.
1866 3608 3145 3641 Nr. 2. „Die große Szene“. Ein großer Bühnenkünstler hat die
1871 3640 3144 3705 Braut eines anderen verführt. Der Betrogene stellt ihn zur
1871 3686 3141 3731 Rede und nun spielt der Mime dem Harmlosen eine vorbereitete
1871 3727 3134 3771 „Szene“ vor, indem er sich reinzuwaschen weiß. Die Gattin des
1874 3765 3146 3814 Schauspielers hat dieses Bravourstück hinter der Szene belauscht. Sie hat
1874 3802 3136 3861 über die Untreue des Mannes oft duldend hinweggesehen. Jetzt ergreift
1865 3842 3135 3906 sie jedoch der Ekel, sie will endgültig mit ihm brechen. Nun erscheint der
