3344 4352
1230 226 1332 299 No
2119 220 2589 328 box 32/1
263 227 2091 330 26.1. Konoedie der vorte  ZykIus
2846 964 3168 1054 — .
153 965 3172 1095 nmen; einer, der besonders man wird die strengste Untersuchung einleiten. Man wird Notenbank stärken, sondern auch die Mittel mehren wird, die die
160 1046 3170 1130 lchien Schloß ereignet hat. vor allem einen Lakai verdächtigen, man wird ihn ver= Linderung der Kriegsnot heischt. Wer der offiziellen Kriegshilfs¬
145 1141 742 1212 it mir eine um ihre tiefste
830 1162 3166 1231 „Große Szene.“ Hier in der Welt des Schau=der Entschuldung zu schaffen. Da, wo ihr Liebe und
163 1194 1947 1279 verkümmerte „Dyonisia“. spielers verliert die Feststellung, daß Worte, die Menschen
1925 1211 3176 1291 Mitleid die Worte eingeben: „Es war manchmal ein
151 1241 718 1313 Eckdals, den Forscher zum
715 1247 1954 1311 einander sagen, nur dazu dienen, sich irrezuführen, jede
1935 1262 3178 1329 Schein von Dir, der durch Deine Maske leuchtet, aber Du,
161 1290 724 1358 gen aus der „Hirtenflöte“
716 1295 3166 1376 Bitterkeit. Denn hier ist die Komödie der Worte heimat= Du selbst warst es nicht. Du steckst ja so tief in Dir, so tief.
174 1317 715 1409 das seelische Experiment
707 1347 1939 1417 lichem Boden entsprossen. Ist eine Blüte, die den Erd¬
1924 1344 3163 1410 Und ich fühle doch, daß das, was Du bist, irgend was
171 1371 1940 1470 Versuches mit der Seele geruch der Scholle ausatmet. Die Tragik des Bühnen¬
1928 1405 3171 1484 Gutes ist, etwas, an das man glauben könnte. Ganz tief
155 1430 1939 1516 hm, Eckdal einstens gesagt künstlers, aber auch sein Glückszauber besteht in der Ver¬
1932 1452 3167 1544 in Deiner Seele, ich fühl' es ja, Konrad, da bist Du ein
149 1486 1940 1552 Weg deines unbewußten wandelbarkeit seines Ich. Die oft und oft in einem Ver¬
1937 1491 2490 1583 Kind, wirklich ein Kind.“
160 1537 1948 1616 Wahrheit in dir, die wirlieren des eigenen Ich gipfelt. Fremdes Leben erlebend
2033 1531 3171 1622 Auch dieser zwei Menschen Sein kann man in anderen
148 1576 1939 1665 aus der im Irren halben, als eigenstes; eigenstes Leben zu Phantasien verwendend
1928 1584 3186 1677 Zusammenhängen, auf anderen Lebenswegen in Schnitz¬
166 1632 1942 1704 nsich selbst und der Treue wie fremdes, so steht der Schauspieler außerhalb der
1932 1650 3182 1714 lers Werken begegnen. Der Schauspieler Ferdinand Hei¬
156 1684 1943 1756 nkenden Frau die „große Wirklichkeit. Wahrheit und Dichtung oder Wahrheit und
1936 1690 3171 1743 nold in der „Frau Beate“ ist das Urbild des Herbot, ist
147 1727 733 1790 Unentwegtedes Erlebens.
709 1728 1952 1800 Täuschung sind das Handwerkzeug, mit dem seine Seele
1931 1737 3177 1811 die erste Fassung des Kind=Mannes (frei nach Fritz Wittels
174 1769 722 1840 Seele und ihres Leibes
720 1779 3167 1868 arbeiten muß, um über sich selbst hinweg zu kommen und Bezeichnung des Kind=Weibes), der alle Vorrechte der
153 1822 3174 1893 liet, daß sie vor allem ihm in fernste Menschheit sich einzunisten. Was ihm gehört, Unverantwortlichkeit besitzt und alle Ueberrechte des
153 1867 1948 1954 Lebens stimmen allerdings was er fremdem Leben entwendet, weiß der Bühnenkünstler
1923 1878 3173 1958 Lebensgenießers. Frauen, die solche Männer lieben, finden
158 1910 725 1981 zte überein. Denn die
714 1923 3165 1995 nicht auseinanderzuhalten, dessen Kunst es sein muß,nicht mehr zurück zu klareren Seelen. Und deshalb ist auch
155 1964 3177 2057 ede Komödie des Daseins Dichtertraum zu verkörpern. Deshalb wirkt die „Große die reine, keusche, wahrhaftige Gefährtin Herbots, ist auch
155 2005 3169 2109 dem Gesetz ihrer Seele zu Szene“, die der berühmte Darsteller Konrad Herbot Frau Sophie (eine der edelsten Frauenfiguren, die Schnitz¬
172 2065 1941 2138 verzweifelnd und frei= einmal in eigener Angelegenheit virtuos herunterspielt, als
1924 2076 3181 2161 ler geschaffen) dem Zauber verfallen. Denn der, den sie
176 2106 3179 2188 Stunde des Erkennens“, hätte ein Dramatiker ihm die Rolle auf den Leib geschrieben, liebte, war nicht ihr Gatte gewesen. „Hamlet war es und
171 2160 730 2223 ihres Daseins Sinn ent¬
721 2163 3172 2250 nicht abstoßend. Was man im bürgerlichen Leben Cyrano und der königliche Richard und der und jeyer,
167 2198 730 2273 wie immer er das Leben
719 2216 3174 2274 unverzeihlich finden würde, die kalt ersonnene und wohl Helden und Verbrecher, Sieger und Todgeweihte, Geseg¬
154 2243 725 2321 gener Betrüger fühlt, und
718 2264 3184 2353 vorbereitete Lüge, kann man ohne Widerwillen hier hin= nete und Gezeichnete.“ — So hatte sie ihn stets betrogen,
151 2303 1945 2381 nung es verwünscht, nicht nehmen, wo die Notwendigkeit, Täuschung zur Kunst zu
1938 2320 3173 2377 wie er sie. Hatte, eine Verlorenz von Anbeginn, ein Dasein
180 2352 1941 2426 der Begrenzte aber dem erheben und Leben in Spiel zu wandeln, Verantwortungs¬
1939 2364 3178 2461 phantastisch wilder Lust geführt; nur daß es niemand
171 2378 728 2471 t nicht genießen ließ, diese
715 2405 1932 2469 lose schaffen muß. Schnitzler webt und lebt im Theater.
1929 2412 2713 2489 ahnen konnte, nicht einmal sie selbst.“
200 2447 730 2506 Weltanschauung eines
719 2455 1946 2517 Alles, was mit der Bühne zusammenhängt, lockt ihm Zärt¬
2036 2457 3170 2532 Solche tiefe, letzte Dinge sind es die in der „Großen
154 2490 721 2573 er und überall von einem
712 2499 1940 2583 lichkeit ab. So steht er dem Schauspieler=Problem auch
1936 2498 3175 2578 Szene“ welche Herbot als das Meisterstück seines Komö¬
703 2542 1938 2638 menschlich gütig gegenübex. Den vernichtenden Versen,
1926 2551 3165 2630 diantendaseins spielt, Mann und Frau unlösbar anein¬
724 2595 1504 2673 die Stephan George geschrieben hat:
1929 2604 3179 2678 anderschmieden. Und auch hier, hinter diesem blendenden
152 2586 731 2689 ler die Enthüllungen der
819 2651 1875 2744 „Du horchtest ängstlich aus am Weg, am Markte,
1938 2655 3177 2723 Feuerwerk geistreicher Laune, gleitet das Problem der
154 2650 736 2731 hon dem Drama der Ver¬
826 2711 1670 2782 Daß keine Dir verborgene Regung sei,
1931 2711 3174 2776 „Komödie der Worte“ hinüber in das Rätselvollere „der
156 2709 743 2789 n Schleier wegzieht. Alle
1934 2748 3181 2832 menschlichen Beziehungen, die gerade so ihren Krankheiten
822 2741 1678 2809 In allen Stellen einzuschlüpfen gierig,
188 2759 740 2826 aus den retrospektiven
1931 2796 2760 2867 unterworfen sind als Menschen selbst.“
831 2802 1675 2876 Blieb Deine eigne unbebaut und öd'.“
170 2796 737 2863 und aus der Schluß¬
944 2845 1945 2920 Könnte man jetzt diese tiefere, erkennende und
146 2833 728 2922 enigen Szenen, nur durch
715 2883 1940 2971 verzeihende Deutung entgegenhalten, welche Artur
153 2890 725 2965 Vorgängen, die außerhalb
2032 2916 3185 2992 „Das Bachusfest": Hier schickt ein Mann sich an, mit
723 2940 1929 3015 Schnitzler, von Sophie, von Herbots Frau, aussprechen
154 2951 729 3015 gen, ändern und entwickeln
1927 2953 3174 3039 der Frau eines anderen davozulaufen. Der andere aber steht
721 2990 1934 3065 läßt. Es ist die schönste Stelle des Stückes, dieser Augen¬
149 3012 721 3063 inens“ Charaktere, treiben
1935 3007 3174 3090 wie aus einer Versenkung gehoben, plößlich hinter den
718 3039 1953 3118 blick, wo eine nach Wahrheit dürstende, der ewigen, täglichen
168 3060 717 3115 Der Rückblick ist hier
1927 3057 3184 3114 beiden. Packt mit eisernem Griff die Frau, gibt mit kalter
156 3091 727 3168 Krisis und die Liquidierung
726 3085 3185 3181 und stündlichen Marter der Lüge sich wehrende Frau Wucht dem Fremden einen Fußtritt und — das Weib geht
714 3134 1957 3211 nach einem Ausweg ringend sucht. Wo sie, die Gattin des
197 3142 717 3238 in die Gegenwart ein¬
1933 3158 3175 3207 wieder mit dem, der der Stärkere war. So ist der innerste
147 3190 285 3275 ung.
704 3170 3167 3286 großen Schauspielers, die daran zugrunde geht, daß sie Rhythmus des „Bachusfest“ eigentli chder eines Mario¬
699 3241 3169 3301 lieben muß, was ihr verächtlich dünkt, in ihrem wunden nettenspiels, dessen behende Drastik, dessen lautlos ein¬
630 3286 3186 3352 — Herzen doch wieder die Kraft schöpft, eine erlösende Formel schnappende Dramatik die knappe Artikulation einer brutalen:
