3344 4320
196 273 2037 351 26.1. Kongedie der Forte zuklus
1525 1148 1811 1228 Ml e
265 1222 1202 1264 — wie sie selbst sagt — mehr noch als Flöding. Und
1210 1224 2167 1275 hat tatsächlich zehn Jahre lang gewartet, um seiner
235 1262 1198 1312 trotzdem? Eben deshalb, deutet der Dichter uns an.
1204 1260 2060 1318 Gattin ihren Betrug ins Gesicht zu schreien.
229 1296 1194 1357 Eben weil Ormin ihrem Herzen so teuer war,
1269 1299 2159 1365 Das Wiener Burgtheater=Publikum befand sich
245 1339 1199 1380 konnte, durfte sie ihm nicht angehören. Sie sagt es
1196 1339 2155 1399 bisher in derselben Lage wie Ormin, dem so vieles,
248 1378 1200 1428 klar: „Hätte ich Sie weniger geliebt, so hätte ich
102 1377 185 1433 el.
1205 1395 2160 1441 das er wissen möchte, dunkel bleibt. Nun wieder
238 1415 936 1479 die Ihre werden können — vielleicht.“
99 1418 224 1487 AR
1203 1430 2165 1487 können die Zuschauer Klara nur recht geben, wenn
1217 1470 2160 1515 sie ausspricht, was jeder von ihnen empfindet: „Du
286 1460 1198 1528 Das alles aber erklärt uns noch nicht, aus welchen
1214 1506 2166 1554 hast es über dich gebracht, zu schweigen, zehn Jahre
240 1519 1201 1570 Motiven sie sich Flöding zugewendet hat. Wir wissen
734 1566 802 1591 #—1
1202 1545 2168 1613 lang? ... Ich glaub' es nicht. Solche Selbstbeherr¬
235 1563 1192 1613 nur, weshalb sie nicht Ormins Geliebte wurde,
1215 1589 2161 1643 schung trau ich keinem Menschen zu ... Wir auch
243 1607 1202 1655 nicht aber, was sie veranlaßt hat, sich Flöding hin¬
1210 1627 1331 1680 nicht.
242 1639 1192 1695 zugeben. Wir wissen es nicht. Wir möchten es aber
1271 1646 2169 1719 Dieser Karl Eckold hat also zehn Jahre lang
246 1681 1194 1729 gerne wissen. Und Ormin ist in diesem Punkte
1203 1705 2169 1748 geschwiegen. Nun redet er, und es hat ganz den An¬
96 1686 220 1762 nlen.
246 1719 1193 1772 ebenso neugierig wie wir. Frau Klara speist ihn und
1214 1748 2159 1789 schein, als sei es ihm gar nicht so schwer gefallen,
95 1753 233 1803 sder
236 1759 1192 1811 uns mit halben Andeutungen, mit geistvollen Be¬
1205 1787 2159 1830 diese, uns fürchterlich lang erscheinende, Zeit zu er¬
111 1790 223 1842 auch
248 1805 1201 1852 merkungen über die Ehe im allgemeinen und ihre
2100 1808 2145 1852 1
1214 1820 2162 1867 tragen. Er hatte eben „seine bestimmten Pläne für
99 1831 227 1881 Die
246 1837 1192 1890 Ehe im besonderen ab. Wenn man mit halbem Ohre
1201 1862 2167 1904 die Zukunft", und der Gedanke an diese Zukunft
103 1871 213 1925 ht so
240 1877 1195 1927 hinhört, klingt alles ungeheuer deutlich. Paßt man
1208 1900 2167 1946 half ihm, die Gegenwart zu ertragen. Man sollie
105 1908 224 1963 Kon¬
241 1922 1196 1970 jedoch genauer auf, so kann man sich nicht verhehlen,
1214 1938 2160 1997 meinen, er habe sich weiß Gott welche barbarische
120 1950 230 1998 den
238 1962 1191 2019 daß man über den Beweggrund ihrer Untreue und
1214 1983 2162 2033 Rache für diesen Tag aufgespart. Dabei macht er
129 1987 234 2046 das
239 1998 1196 2055 all das, was damit in Zusammenhang steht, höchst
1204 2021 2154 2073 ihr aber schließlich nur den Vorschlag, nach Berlin
125 2030 219 2073 ein
234 2037 1202 2098 nebelhafte Aufklärungen erhält. Ormin versteht sie
1214 2061 2154 2127 zu übersiedeln, was man ja füglich gar keine so
118 2068 229 2122 will,
245 2081 1193 2131 offenbar auch nicht, und das ist keineswegs zu ver¬
1213 2095 1813 2154 furchtbare Strafe nennen kann.
120 2101 237 2163 Ge¬
246 2120 1189 2165 wundern. Was Frau Klara ihm sagt, sind Worte,
1267 2132 2160 2188 Nicht mit Taten, doch mit Worten weiß er sie
120 2134 225 2200 man
246 2148 1198 2223 wirklich nur Worte. Sollte sich der Gesamttitel
1208 2169 2164 2232 schmerzlich zu treffen. Klara und Eckold haben mit¬
251 2192 580 2257 darauf beziehen?
1207 2222 2161 2275 einander gelebt, wie Mann und Frau miteinander
107 2215 234 2283 arauf
114 2266 227 2309 wird
1210 2262 2165 2311 zu leben pflegen. Nach der „schlimmen Zeit der Ent¬
284 2252 1195 2300 Zu der Tatsache dieser „Untreue" nimmt jeder
1218 2303 2152 2346 fremdung“ nach der Zeit ihrer Untroue waren wie¬
124 2297 234 2351 stellt
249 2294 1188 2347 in seiner Art Stellung. Ormin mit verbindlicher
1207 2341 2166 2389 der Jahre der „Hingebung und Zärtlichkeit“ ge¬
243 2327 1202 2398 Melancholie, Frau Klara mit einem Aufwand von
1206 2374 2156 2422 kommen, Jahre, in denen sie sich, stärker als zuvor,
110 2382 221 2438 agen:
238 2380 1197 2432 Aperaus, der darauf schließen läßt, daß sie in den
1214 2417 2162 2469 geliebt und begehrt von ihm glaubte. Nun aber sagt
250 2421 1191 2466 gesammelten Werken Arthur Schnitzlers voll In¬
110 2422 227 2471 auch
241 2454 1193 2509 teresse, oft und gern geblättert hat. Es bleibt nur
104 2462 234 2515 efolg=
245 2495 1190 2548 noch die Frage offen, was Dr. Eckold sagen würde,
105 2481 241 2566 ndere
1211 2538 2138 2590 ganzen Zeit weder Frau noch Geliebte, sondern —
113 2543 235 2596 halten
245 2533 1199 2590 wenn er es wüßte. Oder weiß er es gar? Natürlich
1199 2578 2049 2624 höchstens ... Und darin besteht ihre Strafe.
246 2584 1192 2625 weiß er es. Neuerdings wissen es die Ehemänner
111 2592 236 2672 karl
250 2617 1200 2670 immer. Ahnungslosigkeit ist gänzlich aus der Mode
1265 2612 2158 2671 Nun aber stellt es sich plötzlich heraus — und
105 2662 231 2710 ung:
246 2661 1185 2707 gekommen. Gleich anfangs, wenn er so nebenher
1199 2665 2110 2715 dieser Spaß will bitterernst genommen werden —
102 2697 236 2763 nende
245 2693 1198 2753 äußert, daß er „nichts Besonderes“ mit der Gattin
1206 2706 2149 2753 daß der Gatte die Gattin zehn Jahre lang mit einem
245 2729 1202 2791 zu besprechen habe, und hinzufügt: „Keineswegs eilt
119 2738 233 2789 sagt
1211 2747 2159 2795 Falschen im Verdacht gehabt hat. Er hat damals
103 2762 233 2828 rmin
244 2779 1201 2832 es“, fühlt der in der dramatischen Kniff=Kunde nicht
1210 2783 2160 2838 offenbar einen Detektiv von geringer Verläßlichkeit
109 2820 229 2866 gegen
243 2819 1199 2864 ganz Unerfahrene sofort, daß es sich um etwas höchst
1219 2819 2164 2882 in Sold gehabt, und so kommt es, daß er Ormin für
104 2859 226 2912 dlung,
240 2856 1195 2897 Bedeutsames handeln muß. Das stimmt denn auch.
1213 2853 2163 2908 seinen glücklichen Nebenbuhler hält. Das aber ist
114 2899 235 2948 r, als
240 2893 1196 2956 Die Mitteilung, die er Klara zu machen wünscht.
1203 2906 2151 2957 ihm ein unerträglicher Gedanke. „Wär's nicht er
108 2936 233 2988 ldert.
239 2936 1188 2988 hat — das muß man zugestehen — allerdings keine
1205 2939 2158 2982 gewesen", sagt er, „ich glaube fast, daß ich dann
116 2979 227 3033 zehn
245 2975 1195 3023 Eile. Hat man sich zehn Jahre lang Zeit gelassen,
1203 2977 2164 3030 hätte vergessen, verzeihen können. Daß mein Zorn
112 3015 228 3067 kt sie
240 3020 1194 3063 so kommt es freilich auf ein Stündchen mehr oder
1199 3016 2154 3073 längst verweht, mein Haß irgend einmal erloschen
128 3057 1196 3119 und weniger nicht sonderlich an. Und dieser Karl Eckold
1201 3058 2165 3114 wäre. Aber daß gerade er es war, dem du dich
2065 264 2525 356 box 32/1
2181 1226 3142 1271 gabst, er, dem allen zuflog von Jugend auf, alles,
2181 1266 3140 1307 was sich mir versagte, so verzweifelt ich mich auch
2173 1304 3139 1353 darum mühte, daß er es war, er, der sich immer den
2181 1344 3131 1384 Größeren dünkte, nur weil ihm die Natur einen
2173 1382 3136 1439 leichteren Sinn gegeben — das hat mein Herz mit
2181 1420 2697 1479 Bitternis gegen dich erfüllt.“
2233 1441 3136 1522 Klara schweigt. Warum? Vermutlich weil sie
2176 1506 3147 1548 sich „erniedrigt“ fühlt. Aber hat er, nach den land¬
2169 1549 3147 1595 läufigen Begriffen, nicht gleichfalls das Recht, sich
2175 1582 3141 1647 erniedrigt zu fühlen? Sie brauchte nur den Namen
2186 1637 3146 1678 „Flöding“ zu nennen, und der Stachel im Herzen
2185 1665 3137 1706 Karl Eckolds würde — so seine Worte mehr als
2175 1696 3139 1739 Phrasen sind — nach einem qualsollen Dezennium
2182 1742 3139 1792 endlich aufhören zu schmerzen. Doch sie nennt den
2178 1783 3132 1828 Namen nicht. Wahrlich, dies ist keine Komödie der
2177 1820 3052 1870 Worte, sondern eine Komödie des Schweigens.
2228 1859 3139 1923 Klara verläßt das Haus ihres Gatten. Wohin
2180 1905 3128 1954 geht sie? In den Tod? Wir ahnen es nur. Vorher
2181 1944 3141 1985 will sie noch ein paar Worte zu Papier bringen, doch
2169 1977 3133 2029 sie führt diese Absicht nicht aus. Grund: „Worte
2173 2029 3133 2074 lügen". Es scheint dies eine fixe Idee der Dame
2177 2057 3131 2128 zu sein, denn schon im Gespräch mit Ormin hat sie
2179 2096 2570 2152 Aehnliches geäußert.
2236 2120 3132 2192 Weit reizvoller als dieses erste ist das zweite
2167 2179 3137 2235 Stück des Zyklus. „Große Szene“, das ist die
2169 2214 3130 2270 Szene, die der berühmte Schauspieler Konrad Herboi
2164 2258 3137 2315 dem jungen Edgar Gley vorspielt, der zu ihm kommt,
2180 2303 3133 2356 um die Beantwortung einer Lebensfrage zu er¬
2172 2339 3138 2391 bitten. Was er wissen will, was er wissen muß, ist
2177 2385 3125 2433 Wahrheit, Wahrheit um jeden Preis. Konrad Her¬
2315 2408 2359 2434 11
2175 2421 3125 2483 bot soll klipp und klar anlworten, ob Edgars Braut,
2174 2457 3122 2503 die junge Daisy, seine Geliebte war. Das meister¬
2170 2494 3124 2543 haft gesteigerte Zwiegespräch der beiden Männer ent¬
2178 2541 3124 2593 wickelt sich rasch zur großen Szene, wie sie virtuoser
2166 2578 3127 2619 kaum je geschaffen worden ist. Wie der geniale Ko¬
2167 2618 3132 2668 mödiant, Wahres und Unwahres vermischend, alles
2163 2659 3123 2716 leugnet, indem er vieles zugesteht, wie er mit aal¬
2173 2702 3130 2751 glatter Gewandtheit in eine Rolle hineinschlüpft, die
2171 2728 3128 2782 er nicht memorieren konnte und ohne Probe spielen
2173 2782 3117 2828 muß, wie er mit applausgewohnter Sicherheit einen,
2179 2819 3118 2865 bis ins innerste Mark aufrichtigen, Ehrenmann mar¬
2176 2857 3124 2907 kiert, all das sind Momente von so überwältigender
2176 2889 3117 2951 Lebendigkeit und Kraft, daß man diese, mit grellen
2172 2932 3131 2979 Tinten hingevinselte Komödie mit Fug und Recht
2174 2976 3058 3021 den besten Schnitzlerschen Worken zuzählen darf.
2221 3011 3128 3074 Der dritte Einakter (sie sind als Buch bei
2170 3041 3116 3122 S. Fischer=Berlin erschienen) heißt „Das Bacchus¬
3002 3109 3137 3173 —.—
2182 3127 3132 3201 fest". Ein hübsch pintiertes Lustspielchen, das
2182 3188 3128 3242 öfters zum Lächeln reizt. Sein Schauplatz ist der
2178 3225 3119 3270 Salzburger Bahnhof, wo eine Ehe, die in die Brüche
2181 3266 3117 3332 zu gehen droht, bei Kaffec und „Guglhupf“ gemüt¬
2181 3316 2661 3377 lich wieder geleimt wird.
2229 3322 3136 3404 Den Erfolg des Abends entschied die großes
2184 3376 3134 3456 Szone der „Großan Szerc“ die von Hayry Wall
2174 3410 2768 3495 den hinreißend gesvielt wurde.
2932 3470 3091 3555 ER
