3392 4256
2076 152 2539 254 box 32/1
222 159 2098 262 26.1. Kongedie der NorteZuklus
1678 1103 2335 1199 stußaufwarts Raum gewinnt.
2884 1105 3294 1187 englischen Schrift
439 1135 1690 1234 Serbien und Griechenland durch die Teilung Albaniens,
2878 1170 3317 1247 herrlichen Trauben
1766 1155 2897 1247 Die übrigen Kriegsschauplätze bieten inzwischen un¬
445 1204 1685 1293 das eine zum Mitgehen, das andere zum Nachgeben Bul¬
3001 1216 3316 1286 Serbien, das
1665 1229 2898 1289 verändert das Bild, wie wir es schon seit einiger Zeit zu
2886 1259 3310 1337 hat, setzt heute die
444 1263 1688 1327 garien gegenüber bewogen werden konnten. Hätte Serbien
1667 1283 2889 1343 sehen gewohnt sind. Die Franzosen unternahmen zwar
2886 1317 3306 1384 als Murad gegen
444 1335 2883 1413 Nordalbanien behalten, so hätte es Mazedonien an Bul= neuerdings verschiedene Angriffe, nicht nur in der Cham¬
2896 1358 3317 1443 dert durch zehn Jah
440 1371 2896 1452 garien abgetreten, und dieser Staat wäre dann nicht den pagne, sondern auch im Artois, also am westlichen Abschnitt
2876 1411 3314 1478 unterstützt vom ung
2889 1462 3310 1526 dria zurückkehren
573 1498 2895 1562 In dieser seiner Welt aber besitzt Schnitzler nun eine wartet, den Darsteller ein wenig übertreiben zu sehen. Das
2885 1512 3309 1578 Wladislaw im Jah
443 1527 3288 1590 Fülle, einen Reichtum an vertiefter und heiter abgeklärter sind aber gerade immer diejenigen Momente, während Brankowitsch ihm
448 1590 3293 1656 Weisheit. Wie laum ein anderer neben ihm. Wundervoll welcher man beobachten kann, wie in Herrn Walden das dessen Niederlage
454 1640 3302 1717 ist die sichere Anmut seiner formenden Güsse. Erquickend künstlerische Maßgefühl funktioniert. Für Frau Medel=das Schwert gegen
439 1671 2902 1745 die hohe, adetige Kultur seines Geistes. Die unbedingtesskyist die Frau des Schauspielers wohl keine Rolle, die ihr
2890 1705 3307 1770 gewährt hatte. Ge
450 1738 1687 1819 Echtheit seines Wesens. Und wundervoll die absolute
1674 1740 2907 1814 ganzes Talent in Anspruch ninmt. Aber das Gewicht ihres
2888 1737 3319 1836 die er in einem G
437 1770 1077 1855 Meisterschaft seiner Dialoge.
1676 1791 2902 1860 Wesens ist doch für diese Gestalt notwendig. Ihr glaubt man
580 1831 1691 1898 Daß ihm die Darsteller bis zu einer beträchtlichen
1679 1837 2898 1894 die gefunde einfache Ehrlichkeit und Kraft der bürgerlichen
3102 1822 3241 1944 Die
454 1869 2899 1942 Höhe gefolgt sind, macht diesen Abend zu einer Art von Natur. Ein Hauch von Theatralik kam erst durch Herrn
450 1922 2913 2005 Burgtheaterfestlichkeit. Die alte Kunst der Konversation] Tiedtke in die Aufführung. Sein Direktor war auf eine
2983 1914 3140 1999 Die E
459 1972 3135 2021 schien, besonders im ersten Stück, zu einer neuen Blüte er=theatralische Weise natürlich. Er war der einzige, der be= peinlichste u
3184 1991 3257 2052 rasch
459 2021 3138 2096 wacht zu sein. Besseres ist lange nicht geboten worden, als ständig die Front zur Rampe nahm, der einzige, der nicht daß der Vie
451 2067 3229 2117 das Zusammenspiel von Harry Walden, Devrientl zu vergessen schien, daß ein Publikum da ist, und der denn erfolglos und sch
459 2113 3290 2189 und Frau Bleibtreu. So bis ins Aeußerste verfeinert, auch keine. Gestalt schuf, sondern eine Rolle spielte. In einers so wenig Früchte si
463 2166 3315 2245 so vollkommen (im künstlerischen Sinn) natürlich wurde dakleinen, aber markanten Episode zeigte Frl. Kutscheral verspricht, so arg di
456 2216 3318 2287 der Dialog gesprochen, so mit gänzlicher Ueberwindung des eine knappe und mit ein wenig Schärfe vermengte Drollig= Unbilden der Witter#
455 2262 3314 2345 Theatermäßigen, daß man es schon merkte, wenn Frau keit. Im letzten Stück Frl. Wolgemut, die Frau des anderer Kälteschutzm
458 2302 1702 2383 Bleibtren dann und wann mit einem helleren Aufklang im
1691 2320 3309 2406 Schriftstellers. Wie immer, entwickelt sie auch hier ihre englischer Unterstützu
454 2354 3317 2403 Beginn ihrer Reden das Uebernehmen des Wortes mar= besten Gaben im Lustspiel. Sie ist nie besser, als wenn war — so ist doch
453 2400 3312 2501 tierte. Herr Devrient als Ormin hatte eine fast verblüffendel sie Frauengestalten charakterisiert, in deren Wesen sich ein bruch der Haltung
454 2453 3310 2506 Einfachheit, zeichnete mit mühelosem Gelingen einen wirk= bischen Nervosität und ein bischen Verlogenheit zu an= figuration noch nig
452 2496 3314 2606 lichen Menschen und ein ganzes Schicksal. Es war eine mutiger Komik vermengen. Da hat Frl. Wolgemut Anmut, Mißstimmung kennz
459 2549 3318 2633 Leistung, die man, ohne Uebertreibung, als eine meisterhafte ein wenig Charakterisierungsgabe und Komik zugleich, was der Italiener, auch
466 2605 3307 2696 ansprechen darf. Meisterhaft war auch Herr Walden, eine reizvolle Mischung ist. Herr Romberg, der den be¬ lage wirtschaftlichen
469 2645 3318 2757 fast in allen drei Stücken. Am besten im ersten, wo er als langlosen Liebhaber spielte, traf die anständig bürgerliche an Anregungen, um
466 2694 3300 2744 Dr. Eckold eine Kunst der Charakterisierung und eine Herb= Unwichtigkeit vorzüglich. Im ganzen genommen: es war es nicht. Indessen
463 2740 3308 2789 heit zeigte, die man sonst noch nicht an ihm bemerkt hat. ein Abend, an dem man sich eines österreichischen Dichters energische Vorbereitu
455 2793 1710 2873 Hier und später, als Schauspieler Herbst, zuletzt auch als
1686 2799 2906 2869 und des Wiener Burgtheaters freuen konnte. Solche Abende
2901 2821 3314 2890 ist noch ausgeblieben
461 2839 1698 2916 der Schriftsteller, erfreute er wieder durch die noble Art,
1689 2846 3314 2927 sind uns nicht oft beschieden. Das Publikum gab denn auch fähigkeit, welche die
450 2874 2787 2986 mit der er immer den wohlfeilen und größeren Wirkungen seine Freude durch stürmischen Beifall zu erkennen.
2892 2912 3313 2979 schleppt sich alles v
464 2945 1705 3035 ausweicht. Es gibt Momente, in denen man geradezu er¬
2423 2948 3318 3059 Felix Salten, handhabt die Zeujur
