3392 4320
2182 150 2643 255 box 32/1
327 154 2051 259 26.1. Konoedie der Norte zyklus
908 983 2667 1047 folgenden Vorstellungen ebenso wie im stiller Nachklingenlassen dieser „Ko¬
909 1047 2672 1119 mödie der Worte“ zeigt es sich mehr und mehr, daß hier Werke sind, die
916 1110 2668 1184 nicht den Lärm der Sensation wecken, sondern die sich langsam einsenken
917 1173 2669 1240 und die sich mit leiser, aber unnachgiebiger Gewalt aller Seelen bemächtigen,
904 1226 2671 1292 in denen jemals die gleiche Trauer über die Unüberbrückbarkeit der Einsam¬
908 1278 2675 1333 keit jedes Menschen, über die Fiktionen aller Konvention, über die Unmög¬
909 1334 2683 1408 lichkeit, je einen andern ganz zu erkennen und über das schwankende, ewig
915 1406 2671 1474 bedrohte, niemals auf sicherem Grunde ruhende aller Zusammenhänge mit
915 1454 2671 1512 anderen Menschen, auch mit den nahest verbundenen, laut geworden ist. In
919 1516 2673 1575 dieser stillen Nachwirkung liegt die Gewähr des Werts dieser kleinen Kunst¬
921 1576 2669 1625 werke, die so voll klaren Geistes sind und dabei so beziehungsreich vieldeu¬
917 1634 2682 1684 tig, daß sie sich der kritischen Formulierung immer wieder entziehen, weil
917 1694 2673 1758 ein unausgeschöpfter Rest bleibt, wo immer man sie anfassen mag. Und bei
909 1749 2678 1822 denen es deutlich wird, daß auch wiederspiegelnde Kritik meist zu einer
919 1808 2331 1890 Komödie, oft aber auch zu einer Tragödie der Worte wird.
1192 2099 2389 2211 JOHANN PETER LYSER.
1718 2197 1870 2256 VON
1316 2238 2259 2356 HANS TESSMER (BERLIN).
1039 2362 2675 2452 Wir heben den Schleier von einer Tragödie und blicken in das Leben Johann Peter
904 2412 1098 2493 Lysers.
1055 2445 2673 2536 Das war ein deutscher Musiker, Schriftsteller und Maler — ein Bohèmien, wie
908 2525 2678 2587 die Menge jemanden nennt, dessen künstlerisches Schaffen sie nicht genau bezeichnen
916 2568 2677 2625 kann. Und doch einer, dessen Begabung trotz ihrer gefährlichen Vielseitigkeit weit über
918 2620 2677 2686 die Bohème hinausragt, einer, den ein wechselvolles, tief ergreifendes Geschick in
927 2675 2023 2730 manchen Augenblicken zum echten Dichter stempelte.
1027 2707 2678 2768 Im Jahre 1803 wurde Johann Peter Lyser als Sohn des Dresdner Schauspielers
913 2757 2674 2820 Friedrich Burmeister geboren. Zwei Jahre später heiratete die inzwischen geschiedene
918 2818 2676 2864 Frau Burmeister den Schauspieldirektor Mertens, der eines Ehrenhandels halber den
916 2861 2670 2925 Namen Lyser angenommen hatte. Er nahm den kleinen Johann als Kind an und ließ ihn
920 2913 2674 2963 später musikalisch ausbilden. Während der folgenden Jahre wurde die Familie weit ver¬
927 2972 2679 3026 schlagen, und der junge Lyser lernte früh ein unregelmäßiges Wanderleben kennen, das
922 3010 2671 3061 wohl auch den Beginn seiner Lebenstragödie beschleunigt haben mag: eine Ohrenkrank¬
922 3058 2683 3109 heit führte in seinem 22. Jahre zur völligen Ertaubung. So war er, gleich Beethoven, ein
910 3121 2675 3178 tauber Musiker, ein tauber Hörer. Und weiter: 1821 starb die Mutter, zwei Jahre später
912 3152 2686 3223 der Stiefvater. Der junge Künstler war nun gänzlich auf sich angewiesen. In Flensburg
914 3208 2683 3265 gab er schlechtbezahlte Zeichenstunden, in Hamburg malte er Theaterdekorationen, und
922 3259 2683 3316 dann wandte er seinem Vaterlande für fünf Jahre den Rücken; er fuhr als Schiffsjunge auf
917 3311 2691 3362 einem Westindienfahrer über die Meere, und während der Fahrt schrieb er Gedichte,
915 3352 2681 3410 die 1834 als „Lieder eines wandernden Malers“ erschienen; es sind ergreifende, wenn
914 3397 1830 3467 auch im Ausdruck einfache Verse darunter.
1735 3461 1871 3555 794
2960 4040 3058 4134 41
3164 4032 3310 4130 S
