3344 4384
2120 207 2584 322 box 3275
263 215 1984 328 26.1. Konoedie der Norte zyklus
747 822 1218 961 Nehiese
990 921 1546 1062 oebe
627 942 1026 1074 42.5.72/.
456 1028 723 1230 G4u
1551 1083 3090 1224 brudt blinkende Verve og i denltil fortreffeligt Komediespil. Det
835 1124 1581 1282 Det kgl. reater.
1563 1186 3082 1270 klegtige og maliciose Forberedel-overraskende Opger mellem Eg¬
1571 1252 3081 1341 se af Pointerne. Naar disse Poin-teparret, som blev spillet af Reu¬
461 1205 791 1368 u Won
1555 1291 3086 1392 ter knalder af, faar de deres Kul-mert og Fru Bloch, var et Strind¬
817 1286 1578 1411 Erkendeisens Komedie
1571 1357 3090 1455 minationspunkter; og naar man bergopger en miniature, Strind¬
839 1389 1556 1484 og Den store Scone.
1551 1418 3096 1523 tenker tilbage paa dem, er det berg havde ikke ladet Kvinden
810 1452 3091 1572 To Enaktere af Arthur Sehnitzler, Ilangt fra med det Behag eller den slippe saa let, men Egtemandens
849 1515 1547 1610 Begge de to Komedier gjorde
1547 1544 2314 1638 Interesse, hvormed man ferste
2315 1554 3075 1641 Had og Hayngerrighed var virke¬
811 1562 1566 1668 Aftes stor Lykke. Hvor Folk var
1579 1591 2041 1672 Gang oplevede dem.
2316 1607 3079 1712 lig i den store, forbitrede Sven¬
814 1643 1589 1723 oplagte! Hvor de anstrangte sig
1595 1628 2314 1732 Schnitzler er ikke overfladisk,
2314 1659 2615 1744 skers Aand.
809 1702 1575 1785 for at faa alting med, hvor de lyt¬
1575 1714 2327 1802 han har en langt finere, mere
2340 1701 3087 1823 Endnu morsommere var den
803 1758 3079 1866 tede opmarksomt og paaskennede sammensat Erfaring end de parisi-anden Komedie: Den store
803 1813 1572 1901 hver aabenlys og hver underfun¬
1567 1822 3084 1917 ske Boulevard-Dramatikere; menScene. Ogsaa her var det Fru
796 1894 3085 1975 Cx. Vittighed, hvert overraskende han er alligevel fremfor alt en! Bloch, som havde den kvindelige
844 1947 3080 2046 eifund, hver vel tilspidset Po-[brillerende Skribent, og det er nu Hovedrolle, og hun gennemferte
842 1988 978 2055 itel
1565 2006 2314 2089 engang ikke med de brillerende
2310 2018 3080 2103 den med Aandrighed og en Inten¬
842 2016 1562 2140 Men Det kgl. Teaters Kunstnere,
1558 2062 2316 2145 Digtere, at Ens Erindring sysler
2313 2069 3091 2171 sitet, der vilde have virket hen
795 2091 1566 2183 disse slagferdige og rutinerede
1566 2120 2310 2210 med inderligt Behag; det opfor¬
2305 2142 3088 2216 overbevisende, hvis den havde
793 2166 3073 2286 Debatterer, boltrede sig ogsaa med drer ikke til Eftertanke og Fordy-kunnet befri sig for Krampagtig.
793 2225 1726 2333 Elegance og med en fuldendt Sik-belse.
2302 2250 2862 2327 hedernes Overdrivelser.
800 2274 1564 2385 kerhed i disse durkdrevne og me¬
1586 2261 2309 2385 Men det teaterinteresserede Pu¬
2330 2299 3073 2392 Hr. Liebman var Egteman¬
800 2340 1461 2425 sterligt turnerede Dialoger.
1547 2330 2309 2450 blikum ber ikke undlade at se
2301 2361 3070 2457 den, den fejrede tragiske Skuespfl¬
838 2403 1553 2486 Det galder om Schnitzlers som
1558 2419 2302 2506 denne Forestilling, der er serdeles
2301 2422 3064 2520 ler, og han vandt i denne tragiko¬
796 2471 1568 2555 om hans franske Aandsfrenders
1554 2465 2311 2571 fengende og saa at sige uafbrudt
2307 2490 3061 2567 miske Rolle en virkelig Sejr. Det
791 2525 1935 2619 Produkter, at de slet ikke egner Funderholdende.
2290 2560 3063 2635 er meget lange siden, denne dyg¬
795 2582 1560 2658 sig til at refererc“. Ikke blot Duf¬
1577 2595 3065 2671 Psykologien i „Erkendelsens #tige Skuespiller har fundet en saa¬
800 2639 1562 2723 ten, men selve Aanden gaar af
1562 2638 2305 2733 Skole“ er sterkt paradoksal, mas¬
2291 2668 3060 2758 dan Anvendelse for sin fantasiful¬
790 2682 1559 2780 dem. De har deres Force ikke i
1553 2708 2296 2800 ske kan den slet ikke staa for en
2304 2722 2578 2802 de Humor.
794 2746 2310 2873 Idéernes eller Personernes Nyhed, nejere Analyse, men den giver
2336 2783 3065 2865 Han gennemferte den store
796 2803 3055 2917 Kraft og Dybde, men forst og[Fru Bloch og Poul Reu-[uhyggeligt komiske Lyrescene
765 2837 3069 2998 Ifremmest i Replikskifternes unf-Imert, ogsaa Roose. Anledning limed fuldendt Bravour: hats Dik.—
2292 2975 3057 3058 tion var i den nejeste Overens¬
2298 3026 3072 3128 stemmelse med hans Maske. Det
2294 3091 3071 3185 var et forferdende mudret Ansigt,
2304 3146 3078 3234 det var dygtigt tilsslet i Legnens
2304 3212 3076 3287 og Forfengelighedens Skarn. Det¬
2305 3275 3074 3351 te Skuespilleransigt var en Plat¬
2306 3319 3077 3410 tenslagers og en Skeges. Og dog
2299 3399 3075 3462 tvivlede man ikke paa, at dette
2306 3441 3072 3532 forkludrede og sjeleligt forsum¬
2293 3509 3082 3611 pede Menneske var et kunstnerisk
2301 3571 2512 3650 Talent.
2343 3613 3087 3732 Hr. Liebman gjorde med Rette
2293 3697 2602 3782 stor Lykke.
2809 3709 3036 3834 Chr. R.
