3344 4320
2070 176 2602 290 box 32/3
284 197 1997 268 26. 1. Komoedie der Vorte—Zykius
539 1264 1284 1357 Dr. Max Goldschmidt
552 1337 1270 1404 Bureau für Zeitungsausschnitte
466 1368 743 1451 BERLIN N. 4
877 1380 1334 1465 Telefon: Norden 3051.
367 1445 1126 1523 Ausschnitt aus: Der Reichsbote, Berlin
681 1593 1077 1695 24. Okt 1915
3011 1689 3246 1773 LREHAIK AE
1449 1729 3259 1815 Das zweite Stück heißt nicht nur „Große [Lossen, Else Bassermann und Traute
679 1729 1207 1813 Theater und Musik.
1402 1759 3248 1841 Szene“, sondern ist es auch, da es in der Haupt=] Dumcke=Carlsen. Auch die Leistungen, die
537 1790 1396 1852 Alf. A. Das Lessingtheater brachte uns am
1405 1810 3251 1893 sache aus der begütigenden Aussprache eines eit= Max Landa, Theodor Loos, Kurt
472 1835 1384 1895 Sonnabend mit der „Komödie der Worte“ einen
1395 1854 2320 1904 len und selbstgefälligen Schauspielers mit dem
2322 1865 3230 1930 Götz und Carl Forest in den Rollen der
484 1890 1389 1940 aus drei Einaktern bestehenden Schnitzler=Abend,
1407 1892 2321 1952 Bräutigam des jungen Mädchens besteht, das
2320 1895 3252 1986 zweiten Liebhaber und eines Theaterdirektors
469 1926 1397 1972 der erst in seiner zweiten Hälfte einen einiger¬
1401 1928 2316 1994 diesen mit dem Schauspieler betrogen hat. Auch
2318 1939 3069 2019 boten, verdienen höchste Anerkennung.
471 1955 1394 2013 maßen anregenden Verlauf nahm und dabei zum
1396 1973 2312 2032 diese große Szene paßt ausgezeichnet zu dem
481 2001 1395 2045 mindesten erkennen ließ, daß der Wiener Dichter
1399 2006 2324 2057 Haupttitel des Zyklus, da sie eine „Komödie der
468 2041 1393 2085 noch immer viel Sympathien in der deutschen
1399 2045 2327 2094 Worte“ ist, wie sie nur im Buche steht, und in
474 2068 1392 2125 Reichshauptstadt besitzt, obschon seine letzten Stücke
1403 2090 2328 2138 der Beschönigung der Schuld, die der gefeierte
472 2110 1386 2166 immer tifteliger und gequälter wurden. Es muß
1400 2129 2324 2186 Bühnenheld und Frauenjäger in seiner Ausein¬
469 2155 1387 2202 das auch diesmal von seinem ersten Stück, der
1398 2169 2330 2223 andersetzung mit dem braven ehrlichen Bräuti¬
465 2189 1386 2254 „Stunde der Erkenntnis“ gesagt werden, das sich
1392 2205 2326 2266 gam versucht, mit ihrer Verlogenheit und dreisten
471 2238 1394 2290 auch tatsächlich auf der Szene zu einer vollen
1387 2240 2314 2310 Verdrehung des Tatbestandes wahrhaft ver¬
472 2286 1389 2332 Zeitstunde auswuchs, und dabei doch kaum mehr
1394 2284 2320 2345 blüfft. — Der dritte Einakter behandelt die Ein¬
476 2321 1383 2371 als Worte und immer wieder Worte produzierte,
1398 2326 2317 2385 renkung der Ehe eines Schriftstellers, die auf
465 2356 1383 2414 die mit großer Plaudergewandtheit um eine
1393 2368 2323 2423 einer Alpenreise ein junger Ingenieur vorüber¬
463 2384 1391 2452 brüchige Ehe so lange herumgesprochen wurden,
1393 2410 2312 2458 gehend gefährdet hat, mit feinem Sarkasmus und
472 2436 1386 2496 bis sie wirklich in die Brüche ging und die Frau
1389 2445 2319 2493 ist nach dem Theaterstück, das der Schriftsteller
467 2470 699 2521 ganz wi
765 2468 928 2527 Ibsens
967 2475 1103 2527 Frau
1136 2475 1279 2533 Nora
1279 2481 1383 2529 zu
1386 2485 2316 2535 auf dieser Reise im Stubaital geschrieben hat,
461 2503 926 2574 nächtlicher Stunde
959 2514 1107 2566 das
1284 2519 1385 2575 des
1098 2512 1297 2567 Haus
1397 2527 2316 2585 „Das Bacchusfest“ betitelt. Er hätte lieber bei
461 2548 1395 2606 Gatten verließ, nachdem er sie und sie
1398 2562 2305 2622 seiner jungen Frau bleiben sollen, statt sie zu
465 2588 1381 2650 ihn in seiner tiefsten Erniedrigung gesehen.
1390 2601 2311 2653 vernachlässigen, und nun erst in letzter Stunde
464 2620 1385 2686 Das ist diese Stunde des Erkennens, der er
1398 2640 2310 2701 dem gefährlichen Rivalen wieder abgewinnen zu
460 2663 1383 2733 angeblich zehn Jahre „entgegengelebt“ hat, und
1398 2684 2308 2741 müssen. Die beiden letzten Stücke bereiteten
462 2704 1378 2756 deren bittren Verlauf er nun mit einer ge¬
1388 2717 2300 2773 dem Publikum ersichtlich wirkliches Vergnügen,
467 2743 1385 2807 wissen sadistischen Wollust genießt, da es seiner
1386 2753 2303 2815 da sie den Dichter wieder einmal als glänzenden
464 2782 1371 2840 inneren Roheit ein Genuß ist, das Weib, das
1387 2796 2308 2851 Causeur zeigten, der mit Witz und wienerischem
471 2822 1390 2886 ihn vor jenem Zeitpunkt mit der Liebe zu einem
1383 2831 2304 2889 Behagen auch gewagten Dingen beizukommen
460 2878 1379 2925 anderen betrogen, nun bis in den Staub zu de¬
1387 2876 2306 2937 versteht und jedenfalls nie um Worte verlegen
457 2901 1385 2960 mütigen. Es ist ein unerquickliches Stück, und
1383 2914 2302 2976 ist, wenn sie auch weiter nichts wie Komödie
453 2947 1379 3001 viel zu breit angelegt, um mit dem sehr spät
1394 2954 2309 3024 sein sollten. Die Darstellung war in den Haupt¬
465 2988 1386 3036 auftretenden Hauptmotiv der vormaligen Un¬
1388 2997 2313 3061 rollen des Arztes, des Schauspielers und
455 3028 1383 3077 treue einer bis dahin sehr ehrbar geschilderten
1382 3034 2308 3083 Schriftstellers geradezu glänzend und gab
453 3069 1380 3111 Frau höher zu interessieren, obschon der Dichter
1388 3063 2316 3128 Bassermann eine willkommene Gelegenheit,
450 3103 1375 3160 alle Künste seiner scharfzüngigen Dialektik sprin¬
1379 3114 2312 3174 sein Genie von der vorteilhaftesten Seite in
451 3133 2304 3218 gen läßt und dabei manches weltkluge und geist= dreifacher Beleuchtung zu zeigen. In den weib¬
464 3182 856 3250 reiche Wort prägt.
1374 3185 2309 3254 lichen Hauptrollen sekundierten ihm Lina
