3344 4352
1284 158 1322 226 V
2174 147 2606 242 box 32/3
302 163 539 253 26.1
533 190 2021 260 Konoedie der -orteVKIIg
2412 429 3321 502 Große Szene": Der berühmte Schauspieler
2375 493 2858 545 Herbot führt sie auf.
2856 486 3329 544 Sein Pariner ist der
2370 528 3325 572 Bräutigam eines Mädchens, mit dem Herbot in
2369 561 3317 635 Verkehr gestanden. Wahrheit will der Bräntigam,
2961 606 3211 664 spielt ihm
2374 602 2936 665 und eine „große Szene“
340 619 1440 685 seine Untreue mied. Sie haßt nichts so sehr wie seinenw
2376 639 3320 700 Schauspieler vor, in ein verwirrendes Gewebe
344 685 1435 737 Verstellungskünste und muß hinter der Tür an=m
2381 684 3321 749 von Dichtung und Wahrheit spinnt er ihn ein,
338 712 1435 794 hören, wie schamlos er den Bräutigam seines letztenge
2373 726 3321 784 wie es vielleicht nur ein Schauspieler weben
2383 766 3323 821 kann. Herbots Gattin aber eben erst wieder
332 768 1368 810 Opfers anlugt. Sie will wieder weg von ihm, wird
1378 770 1443 819 ch
2380 811 3328 852 zu ihm zurückgekehrt, von dem sie sich um des Ver¬
339 809 1364 847 aber vom entsetzten Direktor, der für seine ausver¬
1360 807 1433 867 so
2381 841 3317 904 hältnisses mit jenem Mädchen willen getrennt hatte,
1378 850 1434 906 si
342 844 1378 905 kaufte Hamletvorstellung zittert, zurückgehalten, von
2377 884 3315 934 will 'nnn wieder von ihm gehen, angeekelt von des
343 880 1354 943 dem kostümierten Gatten, der sie um keinen Preis
1372 893 1451 951 de
2383 925 3323 972 Mannes naiverafsinierter Lügenkunst. Und doch bleibt
340 930 1367 974 missen will, ins Theater geschleppt. Leben und Bühne
2379 964 3321 1013 sie; denn ginge sie, er ließe seinen Direktor mit
339 970 1356 1024 schwirren durcheinander und tauschen die Masken.
1367 971 1428 1021 w
2375 1002 3317 1055 seinem ausverkauften Theater sitzen, wo er in dieser
343 1013 1363 1065 Falsches und Wahres, Echtes und Geheucheltes blitzt
1362 1015 1439 1065 H
2388 1047 3037 1103 Stunde noch den Hamlet spielen soll.
343 1049 1364 1110 und glüht durcheinander, und zwischen aufgebauschten
1366 1060 1441 1122 P
2424 1070 3322 1132 „Das Bacchusfest": Auf dem Bahnsteig
344 1089 1358 1138 Konflikten spaziert die nüchterne Figur des Theater¬
1372 1101 1434 1157 n
2370 1112 3321 1163 wird der Schriftsteller Felix Staufner von seiner
331 1136 1356 1184 direktors, der mit seinem Witz die Leidenschaft der
1377 1147 1439 1197 1
2370 1159 3325 1216 Gattin Agnes und deren Geliebtem Dr. Wernig
337 1172 1355 1220 Frau kühlt und das Komödiantentum seines Spielers
1370 1182 1435 1233 in
2586 1207 3219 1269 Sie wollen ihm sagen, daß
2378 1197 2556 1253 erwartet.
344 1214 1359 1263 stachelt. Es ist eine leichtgeschürzte Komödie, nicht
1361 1223 1416 1277 b.
2818 1235 3319 1283 sein Heim zurückkehren
2375 1239 2724 1291 nicht mit ihm
343 1248 1370 1324 ohne tiefere Bedeutung. Und die Situationen
2370 1280 3319 1323 wird, da sie beide nicht von einander lassen können.
341 1287 1050 1343 haben etwas köstlich Schäumendes.
2378 1316 3328 1370 Doch als Felix kommt und ihnen von seinem neuen
405 1337 1402 1388 Innerlich fein, aber zu klug um tiefer zu greisen,
2367 1367 3329 1409 Werke erzählt, „Das Bacchusfest“ betitelt, ist schließ¬
333 1371 1421 1444 ist die Bahnhofskomödie „Das Bacchusfest“.sh
2372 1395 3327 1445 lich der Effekt, daß nicht der Gatte, sondern der
335 1412 1364 1481 Die ungetreue Frau eines großen Schriftstellers er¬
2370 1430 3328 1491 Geliebte' allein bleibt. Die Symbolik des „Bacchus¬
334 1455 1392 1523 wartet mit ihrem Liebhaber ihren Gatten, dem siet
2386 1476 3330 1521 festes“ jenes mythologischen Festes, da in einer Nacht
338 1496 1416 1561 entgegenfuhr. Während die zwei, nicht ohne ihred
2380 1517 3316 1565 Männer, Frauen, Mädchen im Hain sich zusammen
340 1540 1405 1603 Unsicherheit zu verraten, sich für den großen Moment u
2386 1563 3327 1609 fanden, ohne eine Verantwortung für das, was im
339 1574 1382 1643 der Auseinandersetzung rüsten, taucht der Betrogene
2381 1597 3317 1647 Hain und in der Nacht geschah, auf sich nehmen zu
338 1617 1391 1689 hinter ihrem Rücken auf und errät ihre Situation. I6
2374 1634 3327 1691 müssen, bekehrt Frau Agnes wieder ganz zu ihrem
324 1670 1418 1729 Rasch gefaßt manövriert er bei der Zusammen#anft###.
2387 1673 3171 1726 Gatten, den zu bewundern sie nie aufgehört.
331 1703 1407 1782 so gechickt, daß die Frau bei ihm bleibt und der je
2419 1695 3328 1771 Die drei Einakter sind zusammengefaßt unter dem
329 1743 1413 1811 Dritte weggeschickt wird. Auch hier spielt das Theatersu¬
2384 1754 3321 1811 Titel: „Komödie der Worte“. Und Worte sind es,
327 1784 1410 1842 mit dem Theater. Der Schriftsteller formt aus ie
2383 1785 3312 1838 die wir zu hören bekommen, von Taten sehen wir kaum
329 1820 1422 1897 seinem Erlebnis eine Allegorie, die er zum Bestenge
2378 1835 3315 1892 setwas. Aber es sind Schnitzler=Worte, sein gewogene,
334 1879 1420 1939 gibt. Und sie rettet ihm die Frau. Auch hier siegtsse
2370 1874 3327 1909 tief spürende — Worte, die schließlich doch zu Taten
329 1910 1369 1978 die Kunst der Worte, das Spiel mit dem Sinne, der
2375 1900 3317 1967 führen, zu Taten, die nichts Geringeres bedeuten als
2376 1950 3324 2021 Menschenschicksale. Wo diese Taten tragischen Charakter
337 1949 1426 2008 zwischen dem Gesprochenen schwebt. Aber der. Humor u
329 1996 1366 2065 ist etwas gedämpfter als in der „großen Szene“.
2369 1997 3328 2054 annehmen wie im ersten Stück, geht es nicht
2892 2024 3315 2091 — aber wo sie zu
2375 2029 2886 2089 ohne Konstruiertheiten ab,
331 2026 1409 2098 Die Lösung der Dinge hat ihre Willküren. Sie istlde
2380 2064 3322 2132 tragikomischen Sitnationen führen wie in den
320 2075 1409 2139 von Lustspielgesinnung durchzogen, deren Absicht nicht y
2372 2111 3325 2159 beiden anderen, ist Schnitzler ganz in seinem
336 2118 1370 2185 unbemerkt bleibt. Aber Ton und Art dieser drei
2380 2139 3317 2201 Element. Da funkelt ein Dialog, der das Seelen¬
321 2153 879 2214 Menschen hat viel Zauber.
2373 2189 3316 2248 leben bis in die geheimsten Tiefen bloßlegt, das
381 2197 1370 2257 Die drei Stücke wurden mit viel Humor, nicht
2388 2234 3312 2286 Seelenleben vor allem der Frauen. Das gilt auch
320 2224 1373 2300 immer aber überragend gut gespielt. Dreimal trat
3226 2269 3322 2320 auf
2386 2266 3165 2330 vom ersten Stück, ja man muß sagen, daß
321 2283 1362 2344 Herr Bossermann an, meistens mit starkem Ein¬
3187 2298 3314 2375 Frau
2376 2312 3098 2376 die Charakterdurchleuchtung angesehen
316 2316 1365 2369 satz bezwingender Kräfte. Aber auch er wechselte die
2386 2352 3321 2401 Dr. Eckold die reifste und reichste unter allen
327 2367 1366 2411 Grade. Im ersten Stück übersah er die Untertöne sich
1488 2356 2225 2443 Dr. Max Goldschmidt
3199 2389 3321 2441 ihrer
2392 2385 3182 2438 Gestalten ist. Lina Lossen hat in
325 2403 1361 2452 kreuzender Ironien und bloß das Rächeramt voll¬
3198 2432 3316 2480 uns
2378 2424 3196 2477 Kunst das Reise und Reiche, um
1489 2424 2046 2499 Bureau für Zeitungeans
2142 2433 2191 2488 16
321 2434 1360 2521 führte er mit gespannter, eindrucksvoller Energie.
2383 2473 3314 2522 diesen Charakter ganz verständlich zu machen, ganz
1413 2460 1693 2525 BERLI! N. 4
1829 2463 2284 2527 Telelon Norden 3051.
322 2484 1065 2530 Lina Lossen war wertvolle Stütze.
2383 2507 3312 2557 nahe zu bringen. Die Frau des Schauspielers ist
390 2521 1341 2583 Ihre Kunst umhüllte zu nackte Worte mit Seufzern
1354 2543 1646 2605 Jusschnift aus:
2384 2555 2473 2600 die -
2494 2541 3325 2592 wenn man so will — mütterlichste unter ihren
318 2573 1357 2638 und vergrößerte die Gefühlserlebnisse. Herr Landa
2378 2589 3325 2633 Genossinnen, und Else Bassermann überraschte durch
325 2604 1352 2668 sprach, was in der Rolle stand, vornehm und durch¬
2377 2629 3326 2686 die stille, tiefe Resigniertheit, mit der sie sich des großen
1424 2554 2260 2714 Waer Knen #
325 2645 1360 2719 dacht. Es war zu knapp. Er hätte noch ein Stück
2392 2668 3321 2720 „Kindes“ annahm, dem das Lügen Lebenslust ist.
327 2688 972 2750 Persönlichkeit hinzufügen müssen.
2379 2717 3318 2759 Die am wenigsten Komplizierte ist Frau Agnes; ihr ist
393 2725 1365 2785 In der Rolle des Tragöden feierte Bassermann
1532 2715 2168 2819 2K 4. 48.
2392 2743 3329 2802 das Verhältnis mit dem Geliebten kein Erlebnis, nur
316 2763 1352 2837 große Triumphe. Sie waren nicht immer verdient,
2391 2788 3326 2844 ein Getändel, und immer denkt sie des Gatten wie
320 2818 1358 2878 und namentlich die koketten Partien kamen recht
2395 2828 3314 2876 eines Hohen, Herrlichen. Fast möchte man sagen:
1532 2838 2251 2931 Kunst und Wissenschaft.
327 2860 1354 2900 übertrieben heraus. Aber die Szene mit dem Bräu¬
2390 2861 3332 2917 sie hat etwas Gäuschenhaftes, und Trante
325 2897 1363 2961 tigam wurde ein Schauspiel für sich, hatte Spannung
2386 2909 3326 2957 Dumcke=Carlsen bringt das mit köstlicher Naivetät.
1648 2912 2146 2997 „Komödie der Worte.“
320 2945 1367 2986 und Fieber, war ein theatraliches Doppelgewächs an
2414 2951 3323 2995 Der Arzt mit der lange aufgesparten Rache, der
321 2992 1357 3040 Farbe und Temperament. Hier bot auch Herr Loos
1518 2965 2269 3038 Drei Einakter von Arthur Schnitzler.
2380 2981 3320 3037 Schauspieler mit dem unwiderstehlichen Bedürfnis
2385 3036 3324 3080 nach Lüge, der überlegene, seiner Symbolik sichere
311 3027 1358 3082 ein fesselndes Bild eines Gedrückten, der ins Feuer
1700 3024 2113 3084 (Lessing=Theater.)
2391 3060 3333 3128 Schriftsteller ist Albert Bassermann. Alle
316 3065 1356 3125 greift. Es war mitten im Lustspiel ein Stück wahr¬
1482 3056 2366 3132 „Stunde des Erkennens“: Gestern hat der
2382 3108 3326 3154 Register seiner Virtnosenkünste kann er spielen
313 3107 1365 3175 hafter Tragödie. Dagegen war Else Bassermann
1441 3112 2366 3169 praktische Arzt Dr. Eckold seine Tochter verheiratet,
2387 3148 3325 3199 lassen, und in der „Großen Szene“ kann er seiner
319 3152 723 3207 eine Enttäuschung.
2248 3152 2376 3201 ihres
1770 3153 2253 3213 seiner Frau, die Zeit
731 3154 1346 3209 So sieht die Gattin eines be¬
1437 3153 1770 3213 heute erklärt er
2389 3192 3320 3237 Leidenschaft, sich selbst zu überschlagen, mit voller
2257 3188 2371 3240 Seit
324 3193 1353 3231 rühmten Schauspielers bei ihrer häuslichen Drama¬
1442 3193 2259 3257 Zusammenlebens müsse ein Ende haben.
2398 3228 3314 3276 Freiheit fröhnen. Was sind das für Rollen zu
1894 3227 2348 3292 auf diesen Tag ge¬
321 3228 1350 3293 tik nicht aus (auch wenn sie zufällig seine Frau ist).
1432 3231 1850 3295 zehn Jahren hut
2397 3264 3319 3319 Gastspiekreisen! Alle Episoden sind bestes Lessing¬
1614 3270 2376 3329 Auf diesen Tag der Nache, der
306 3262 1359 3341 Den Direktor spielte Forest, sollte an seinem
1436 3282 1590 3332 wartet.
2385 3304 3329 3368 Theater: Landa, Forest, Loos, Götz und ein
1443 3318 2378 3359 Nache dafür, daß, wie er weiß, sie die Geliebte
318 3324 1347 3373 gottseligen Direktor Brahm erinnern, was er mit
2391 3346 2746 3409 Fräulein Binder.
1443 3350 2371 3422 des Professors Ormin gewesen. Aber sie war
315 3361 1345 3409 Geschmack nur ganz obenhin tat. Der Gedanke wäre
2417 3368 3330 3427 Man war bald angeregt und blieb gefesselt bis aus
1448 3390 2375 3444 nicht Ormins Gelirbte, hat sich vielmehr
317 3405 1351 3446 auch schmerzlich, wenn sich der Komiker mit dem
2393 3420 3328 3472 Ende. Und als ein Fehler in der Heizung, der sich
1438 3440 2378 3495 gehütet, das zu werden, weil sie fürchtete, daß er
316 3446 1139 3489 Unvergeßlichen stärker berühren würden.
2389 3453 3331 3521 durch lantes Geräusch bemerkbar machte, im zweiten
1436 3478 2376 3524 ihr Schicksal werden würde. Doch einem anderen
379 3490 1358 3549 Im Schlußstück gesiel Herr Götz als nervöser
2398 3506 3320 3555 Stück zu einer Unterbrechung des Spieles zwang,
1441 3506 2373 3564 ist sie Geliehte gewesen. In dieser Stunde indessen,
307 3530 1356 3591 Liebhaber am besten. Auch Bassermann bot scharfe
2397 3540 3326 3594 nahm man auch das, nachdem sich die erste Auf¬
1447 3550 2384 3600 da ihr Mann ihr Ormins Namen nennt, schreit sie
310 3573 1357 3631 Charakteristik, aber man war nicht immer durch¬
2399 3569 3332 3630 regung gelegt, voll Heiterkeit in Kauf. Solche kleinen
1439 3595 2377 3640 ihm ins Gesicht: Ja, ich war Ormins Geliebte. Weil
317 3611 1353 3652 drungen, daß es das Gehaben eines bedeutenden
2385 3613 3323 3675 Zwischenfälle haben ja nach dem Theateraberglauben
1445 3627 2380 3682 sie weiß, daß der Name dieses vom Gatten immer
309 3653 1358 3723 Schriftstellers war. Nicht einmal das Schnalzen beim
2392 3659 3318 3708 wohl eine günstige Vorbedentung. Das fröhliche Gesicht
1448 3669 2385 3720 Veneideten ihn am empfindlichsten kränkt und
312 3704 1357 3753 Essen überzeugte. Frau Dümke=Carlsen als
2385 3698 3320 3749 des Dichters, der sich nach dem zweiten und dritten
1445 3707 2382 3760 daß er auf ihn, der sich soeben verabschiedet hat, um
311 3741 1346 3789 Gattin war angenehm. In Erscheinung und Sprache.
2389 3728 3335 3794 Stück des öfteren zeigen mußte, dentete an, daß
1449 3748 2389 3799 auf eine weite Reise zu gehen, stets den Verdacht ge¬
2381 3776 3326 3854 auch er sich diese Schlußfolgerung zu eigen machte.
319 3771 1349 3852 Mehr nicht. Das Lessingtheater hat jetzt zugkräftiges
1437 3785 2379 3847 habt hat. Nicht weil der Gatte es begehrt, sondern
3171 3816 3292 3865 Kp.
317 3816 545 3886 Material.
1437 3824 2413 3887 weit sie nun auch innerlich von ihm los ist, geht sie
1011 3852 1298 3932 Emil Faktor.
1446 3876 1753 3936 aus dem Hause.
308 3887 483 3973 Me
467 3958 1194 4037 Wenn zwei Hochzeit machen.
599 4020 1097 4070 Berliner Theater.
348 4048 1363 4122 Bernauers und Schanzers Posse „Wenn
305 4111 1346 4159 zwei Hochzeit machen“ hat in der Buntheit
