3392 4352
2119 172 2602 276 box 32/5
279 182 1998 273 26.1. Konoedie der Norte zuklus
573 695 1623 807 AusschnitGszer Volkeblat:
584 786 1048 882 vom: öft3.1375
1042 854 1140 942 an
630 963 1514 1082 Theater, Kunst und Musik.
880 1067 1235 1141 Schauspielhaus.
592 1109 1535 1213 Schnißlers Kam### der Worte“.
535 1176 1668 1240 Die christlichsoziale Wiener „Reichspost“ führt einen
449 1239 1665 1306 erbitterten Kampf gegen die derzeitige Leitung des Burg¬
454 1277 1674 1348 theaters, gegen das Repertoire, das in dieser schicksalsschweren
449 1347 1673 1396 Zeit alles eher als ethischen oder nationalen vaterländischen
446 1394 1664 1462 Aufschwung bekundet. Über Schnitzlers dichterische Offen¬
445 1438 1671 1498 barung im Weltkriege schrieb sie: „Wir wollen dieser Komödie
2167 1434 2707 1538 (Ouellenangabe Sune Gewant..
437 1492 1661 1537 der ohnedies allzuvielen Worte nicht viele Worte der Kritik
442 1530 1666 1608 widmen. Der Raum ist kostbar in diesen Tagen großer Er¬
1916 1493 2879 1633 Ausschnitt aus: Ipräger Taghiat,
450 1581 1662 1656 eignisse. Kurz und glatt: Dummes, widerliches Geschwätz.
2469 1589 2724 1671 Leipzig
443 1641 1665 1705 Geschwätz von anrüchigen Weiberaffären, von verluderten
1916 1656 2098 1726 vom:
2137 1653 2404 1765 ERRR
450 1676 1670 1735 Frauen, von betrügerischen Freunden des Ehemannes, Ver¬
447 1737 1662 1803 fall der Sitte, Verseuchung aller Reinheit, Verneinung aller
1948 1742 2906 1825 Aus den Wiesbadener Theatern
446 1769 1670 1857 Sugend, Betrug an jedem Glauben, Bruch an jeder Treue,
1866 1786 3076 1888 Aus Wiesbaden wird uns geschrieben: Das König¬
453 1841 1660 1897 ein Faustschlag in das Antlitz aller Wahrheiten. Und alles dies
1764 1852 3083 1945 liche Theaker brachte die Erstaufführung von Ibsens vier¬
441 1886 1666 1959 unter dem Deckmantel einer melancholisch=weltmännischen Geste
1773 1889 3087 1969 aktigem Schauspiel „Helden auf Helgoland' (Nordische
456 1919 1668 1998 der Noblesse, unter dem schwärmerischen Augenaufschlag be¬
1779 1936 3092 2014 Heerfahrt). Dieses frühe Werk Ibsens, dem jedoch nichts von
461 1981 1673 2052 sonderer Kultiviertheit. Zugegeben: Diese Sprache klingt
1773 1978 3084 2049 einem Erstlingswerk anhaftet, so klar und machkvoll entrollt es
454 2031 1670 2097 wohlgefeilt, schön, glänzt und sprüht von scheinbarem Geist.
1789 2016 3109 2104 sich, so gewandt ist die Bühnentechnik, wurde hier vor gut be¬
1785 2059 3102 2153 suchtem Hause, sehr beifällig ausgenommen. Die Darstellerin der
447 2070 1665 2153 Aber so wenig gepflegte Fingernägel einen seelisch verluder¬
1789 2125 3091 2189 Hjördis spielte Fräulein Helene Senken aus Frankfurt a. M.,
445 2132 1676 2190 ten Menschen rein machen können, eben so wenig macht diese
1772 2149 3092 2242 die besonders im zweiten und dritten Akt eine prächtige, über¬
450 2181 1664 2228 rein äußerliche Kultur einen Dichter. Wir sind nun einmal
1783 2191 3103 2263 ragende Leistung bok. Herr Everth war ihr ein ebenbürtiger
458 2225 1674 2293 so altmodisch gründlich, allen Dingen auf den Kern zu gehen
1793 2248 3091 2314 Partner. Herr Legal führte umsichtig die Spielleitung und schuf
441 2291 1670 2341 und uns durch keinen komödiantischen Schein betören zu
1788 2292 3103 2354 im Verein mit den Malern Geyer und Schleim künstlerisch
445 2330 1674 2379 lassen. Der Kern fast aller Schnitzlerschen Dichtungen aber ist:
1784 2342 2234 2409 schöne Bühnenbilder.
440 2371 1662 2451 Tiefernste Wurmstichigkeit. Wollen wir wirklich an deutschem
1864 2358 3088 2436 Das Residenz-Theater arbeitet eben wieder recht gut.
1794 2414 3091 2483 Meist gibt es volle Häuser, und die Jubiläumsvorstellungen häufen
457 2421 1670 2468 Wesen genesen, so werden wir diesen angeblich deutschen
1792 2461 3098 2526 sich. So hai der Schwank „Herrschaftlicher Diener ge¬
449 2464 1667 2538 Dichter mundtot machen müssen.“ Schnitzler, der deutsche
1787 2503 3102 2563 jucht“ die 25. Aufführungsziffer längst überschritten. Dres¬
452 2518 1668 2569 Lieblingsdichter des „neutralen“ Amerika, ist tatsächlich auch
2592 2533 3103 2601 selige Exzellenz'
1909 2557 2468 2616 3 feinkomisches Lustspiel
1787 2551 1832 2615 b
444 2565 1668 2631 im Weltkrieg derselbe internationale Allerweltsdichter ge¬
1792 2570 3103 2660 steuert schnell auf diese Zahl zu. Und als drittes im Bunde wäre
454 2615 1676 2666 blieben. Das mag Ursache sein, daß seine „Komödie der
1787 2623 3117 2688 noch Schniklers „Komödie der Worte“ zu nennen, das
446 2655 1659 2734 der Worte“ auch in nationalen Zeitschriften, wie Thürmer,
1794 2667 3112 2740 immer volle Häuser bringt. Die starken Erfolge der drei ge¬
442 2715 1657 2768 Kunstwart, Tal, schärfste Ablehnung erfuhr. Der stark in pro¬
1792 2709 3129 2789 nannken Stücke sind dem Schauspieler Werner Hollmann zu
1787 2752 3107 2833 verdanken, der besonders als Schauspieler in dem zweiten Ein¬
450 2762 1659 2836 testantischem Freisinn arbeitende Eugen Diederichs (Jena)
1797 2800 3079 2864 akter der „Komödie der Worte', „Die griße Szene einen un¬
453 2813 1663 2867 zum Beispiel sieht in Schnitzlers Komödie „Die Leugnung
1794 2818 3146 2917 gewöhnlichen Erfolg errang. Von den jungen talentvollen“
441 2861 1674 2915 der germanischen Auffassung von der Heiligkeit des Lebens
2953 2884 3017 2937 N.
1801 2895 2573 2983 Künstler läßt sich noch viel erwarken.
438 2912 1664 2973 und der Tragik, die die Verletzung seiner Gesetze nach sich
2063 2927 2875 3032 Gastid. Onssib.
440 2957 1659 3025 zieht. Gut, mag ein negierender Geist auftreten wo er will,
440 3015 1666 3083 warum lehnen ihn aber die Germanen, die im Zuschauer¬
447 3067 1665 3126 raum sitzen, nicht ab?“ Graz hat Schnitzler nie, auch diesmal
440 3106 1664 3175 nicht, abgelehnt. Sind zu wenig Germanen da? Derzeit viel¬
445 3149 1663 3226 leicht, aber auch früher — das vollbesetzte Haus war im Banne
436 3189 1664 3271 der wohlgepflegten Worte, der eleganten Gesellschaftskultur,
432 3257 1667 3323 die über alle sittlichen Begriffe, die uns Philistern aus reli¬
440 3301 1666 3365 giösen oder nationalen Gründen noch heilig sind, dahingaukeln.
440 3355 1666 3432 War im Banne der prachtvollen Darstellung Harry Wal¬
432 3398 1659 3472 dens, der in allen drei Stücken den betrogenen und betrü¬
437 3451 1656 3506 genden Ehemann gab. Er kand in unseren Darstellern würdige
446 3503 1666 3562 Partner, in den Damen Schuhert, Kögl, Schürmann
443 3549 1655 3614 in den Herren Großmann, Kainz, Beraun. Herr
443 3580 1675 3673 Mödlinger gab im Berliner Theater=Direktor und im Sta¬
442 3643 1655 3722 tionsschaffner zwei ganz entgegengesetzte, aber beide charak¬
443 3686 1062 3765 teristisch humorvolle Gestalten.
1530 3699 1628 3758 S.
