3344 4384
2095 282 2559 374 box 32/4
221 325 1942 394 26.1. Konoedie der Norte zuklus
1809 511 2812 621 sprach, den Gegensatz zu ihrem oberflächlichen, die
1816 587 2795 667 Dinge und Menschen um sich ironisierenden Gatten
1820 628 2800 707 schlagend hervorzukehren. Als Frau des Schriftstel¬
644 636 1660 776 hnitt aus: Teplitz-Schönauer Anzeiger
1819 684 2796 770 kers Staufner war Frl. Michel recht unbedeu¬
1817 732 2793 807 tend; dieselbe spielte auch im zweiten Stück eine
1033 717 1509 836 Teplitz, Bohmen
758 729 1052 831 25 0K1191
1815 783 2796 865 Theaterelevin mit sehr wirksamen, heiteren Poin¬
1811 831 2792 919 ten. Von den übrigen Mitwirkenden beansprucht
1811 889 2805 969 noch die Rolle des Theaterdirektors, die Herr
1004 899 1585 996 Theater und Musik.
1805 936 2789 1012 Kraus spielte, größere Beachtung. Der Darsteller
882 975 1789 1053 [„Komödie der Worte.“] Drei Einakter
1815 981 2805 1068 beschränkte sich auf die Wiedergabe dessen, was ihm
1811 1038 2790 1112 der Dichter in den Mund legte und tat dies bei an¬
821 1041 1787 1113 von ArthnDichterist ein Arzt
1806 1070 2788 1169 erkennenswertem Verständnis für den geistvollen
807 1097 1790 1167 und es ist unleugbar, daß d#####uestimmend ist
806 1141 1792 1212 bei den Entscheidungen, die der erstere bezüglich der
1807 1141 2792 1222 Inhalt der Worte, mit bestem Erfolge; dagegen
802 1194 1796 1261 handelnden Personen in seinen Werken trifft.
1808 1188 2794 1257 orwandte er auf die Charakterisierung des Bühnen¬
1813 1235 2793 1312 praktikers keine besondere Sorgfalt. Herr Olden¬
804 1243 1781 1307 Schnitzler behandelt in drei Einaktern, die unter
812 1281 1785 1368 dem vorstehenden Gesamttitel vereinigt sind, das
1811 1286 2792 1362 Brandl hatte sich für die etwas komische Figur
808 1341 1791 1408 Problem des Ehebruchs und zugleich die „Komödie
1798 1324 2786 1419 des Liebhabers im „Bacchusfest“ eine richtige Auf¬
809 1370 1790 1458 der Worte“, die hohle Phrase, die anstelle der Tat be¬
1809 1378 2797 1458 fassung zurecht gelegt. Den Prof. Ormin gab Herr
810 1441 1784 1503 tören soll. Er veranschaulicht den Gedanken an drei
1809 1434 2795 1509 Preiß mit ruhigem sachlichen Ernst, doch
1805 1485 2785 1560 ziemlich uninteressant, während Herr Serbou¬
801 1492 1778 1543 verschiedenen Beispielen, verschieden nicht bloß in
1811 1534 2783 1614 set als Gley zu wenig aus sich herausging,
793 1548 1789 1615 den einzelnen Handlungen, sondern auch durch das
803 1585 1782 1661 Milien, in dem sich diese abspielen und er kommt
1796 1598 2781 1665 um die Vertrauensseligkeit des beschwatzten
1803 1622 2787 1719 Bräutigams glaubhafter zu gestalten. Im ganzen
805 1633 1778 1708 immer zu demselben Schluß: der Ehebruch verläuft
1799 1684 2784 1753 konnte man mit dem Fluß des Dialogs recht
800 1681 1787 1761 sanft im Verzeihen. Man kann dies nicht dramatisch
1803 1730 2775 1809 zufrieden sein. Die Inszenierung war in den
795 1739 1778 1804 nennen und jedem anderen Autor gegenüber würde
1796 1780 2780 1855 beiden ersten Stücken lobenswert, was aber den
798 1773 1773 1848 sich das Empfinden gegen eine Zumutung auflehnen,
1799 1824 2780 1909 Salzburger Bahnhof betrifft, wo sich der dritte
794 1840 1773 1896 daß im Drama der eheliche Verrat so undramatisch
1802 1875 2779 1958 Einakter abspielt, wahrhaft kläglich. Abgesehen da¬
802 1887 1779 1953 ein gutes Ausgehen finden soll. Schnitzler gegen¬
796 1936 1779 2001 über gebietet die weitere überlegung dieser Opposi¬
1798 1933 2778 2000 von, daß es auf diesem Bahnhof zuging, wie in
1787 1985 2775 2051 einem Taubstummen=Institut. Das Publikum nahm
801 1986 1779 2055 tion Halt. Ein Mann wie dieser wandelt nicht ohne
1794 2023 2762 2104 die „Große Szene“ mit lebhaftem Beifall auf, in
800 2036 1779 2102 tiefe Einsicht, daß derartiges G. chehen der Natur
1799 2085 2764 2157 „Stunde des Erkennens“ folgte der guten Darstel¬
791 2090 1774 2140 des Menschen nicht zuwiderläuft,e nen solchen Weg.
1795 2125 2768 2198 lung verdiente Anerkennung. Das letzte Stück machte
791 2129 1779 2204 Der Arzt in ihm dringt tief in die Seele des Men¬
1827 2183 2774 2260 zu nicht geringen Teil aus vorerwähntem Grun¬
797 2177 1776 2236 schen und der Dichter entwirft von der hohen Zinne
1784 2214 2215 2304 de — wenig Eindruck.
794 2223 1778 2295 seiner Lebensanschauung seine Auffassung der Din¬
2660 2234 2743 2287 X.
783 2284 1781 2368 ge, die sich zu dem Herkömmlichen in einem scharfen
800 2339 1785 2412 Gegensatz stellt. Von den drei Einaktern, deren In###
801 2376 1765 2456 halt wir bereits gestern wiedergegeben haben, ist F¬
800 2422 1783 2506 „Große Szene“ in der der Schauspieler den Heldza
793 2477 1786 2553 spielt, der wirksamste, nicht bloß weil hier die „Kill
795 2533 1778 2604 mödie der Worte“ gewissermaßen das Hausrechs,
784 2567 1780 2646 genießt, sondern weil auch das Milieu sich der An¬
795 2623 1776 2693 sicht des Dichters am zweckdienlichsten anpaßt und
790 2670 1780 2746 auch die Vorgänge trotz ihrem, allen grundsätzlichen
783 2726 1772 2797 Annahmen widersprechenden Endverlaufe dem
779 2761 1779 2856 Verständnis des Zuschauers entgegenkommen. Weit
785 2827 1776 2884 unklarer stellt sich die Lösung in den beiden anderen
780 2884 1766 2949 Stücken „Stunde des Erkennens" und „Das Bac¬
785 2922 1771 2991 chusfest“ dar; hier gilt es, sich einigen Zwang anzu¬
774 2968 1765 3046 fun, um mit dem Dichter zu gehen. Doch er weiß in
780 3022 1772 3090 einer Weise zu überreden, wie kein zweiter. Unter
772 3072 1764 3137 dem Eindrucke seiner blendenden Gespräche, seines
778 3122 1770 3181 vielsagenden Humors und des geistvollen Aufklärungs¬
775 3174 1774 3239 dienstes, womit er das Leben, wie es sich in seiner
775 3211 1762 3280 Dichtung darstellt, erhellt, folgt man ihm freudig
773 3262 1769 3336 und gern. Was die Aufführung betrifft, war Herrn
775 3317 1763 3386 Gradnitzer die Darstellung der führenden Rol¬
768 3360 1762 3439 len in allen drei Stücken zugewiesen. Er löste die
779 3410 1762 3473 schwierige Aufgabe mit Geschick, indem er die ein¬
774 3473 1762 3531 zelnen Gestalten gebührend auseinanderhielt und
773 3508 1769 3600 in ihrer Charakterisierung dasjenige zur anschauli¬
771 3562 1761 3632 chen Geltung brachte, worauf es zur Kennzeichnung
779 3611 1763 3683 ihres Wesens inbezug auf die Handlung ankommt.
767 3663 1762 3738 So war in der Wiedergabe der Rolle des Dr.
773 3709 1748 3780 Eckold gleich von vornherein zu erkennen, daß in de
771 3763 1757 3827 Brust dieses Mannes ein düsteres Geheimnis
775 3796 1761 3879 schlummert, während er als Schauspieler Herbot
775 3851 1765 3934 die naive Offenheit des liebenswürdigen Künstlers
769 3907 1759 3972 zur Schau trug, der sich der bösen Dinge gar nicht
771 3948 1750 4023 bewußt ist, die er mit seinem freien Liebesleben
764 3984 1765 4070 anrichtet. Als Schriftsteller Staufner war es die
767 4038 1757 4124 gut gespielte Unbefangenheit des Wissenden, die er
773 4104 1754 4181 zur Schau trug, um sein Ziel, die Gattin wiederzu¬
766 4147 1760 4221 gewinnen, zu erreichen. Als Partnerinnen standen
757 4198 1747 4270 ihm die Damen Wilsen, Trebitsch und Michel gegen¬
