3344 4352
2219 129 2270 189 4
2126 197 2576 293 box 32/1
253 211 2050 309 26.1. Kongedie der Norte—zuklus
489 538 1148 639 Prager Tagblatt Nr. 284
494 617 1468 682 mit ihm verheiratet, nun will sie die Gattin des
487 672 1468 751 Doktors der Chemie Wernig werden, den sie in
490 717 1464 787 zwischen näher kennen gelernt hat. Sie wolle
495 764 1474 828 es Dr. Staufner gleich sagen. Der hat sich in das
488 806 1466 867 Gebirge zurückgezogen, um sein Glück, „Das
484 839 1459 916 Bacchusfest“, zu vollenden. Das Bacchusfest bestan
477 899 1466 951 bei den Griechen darin, daß einenal in jedem Jahre
485 938 1450 1006 zur Zeit der Weinlese, für eine Nacht alle Band¬
475 976 1455 1031 der Familie, alle Gebote der Sitte einfach ausge
478 1027 1452 1088 hoben waren. Bei Anbruch des Tages war da
474 1054 1454 1132 Fest vorbei, und jeder Teilnehmer war verpflichtet
484 1105 1445 1174 zu vergessen, mit wem er für seinen Teil im heili
473 1146 1447 1212 gen Hain das Fest gefeiert hatte. Einander wieder
482 1203 1454 1259 zuerkennen, hätte als frevelhaft gegolten. Die Fest
475 1233 1444 1286 teilnehmer sollen zuweilen etwas ermüdet, abe
482 1283 1452 1346 doch erfrischt, ja gewissermaßen geläutert nac
473 1314 1452 1391 Hause wiedergekehrt sein. Wenn zwei noch an
475 1365 1445 1429 nächsten Abend nacheinander Sehnsucht verspürten
467 1407 1457 1473 so durfte niemand, auch nicht Ehegatten oder Eltern
471 1450 1452 1518 die Verliebten zurückhalten. Aus dieser zweite
2835 1468 3343 1536 Liebesleben, das auch hie
2206 1468 2821 1553 Nachdruck nur mit Quellenangabe gestattet.
478 1497 1455 1554 Nacht gab es keine Rückkehr. Das frühere Hein
2847 1515 3344 1576 Schöpfung erfüllt, es ist
476 1542 1443 1611 war beiden verschlossen „und sie blieben für de¬
1724 1491 1831 1645 7
2856 1567 3351 1631 „vergiftet von Lüge und
463 1580 1439 1643 weiteren Verlauf des Daseins auf einander an
2108 1545 2735 1698 Feuilleton. „
2855 1609 3352 1682 und Angst, von Frechheit
473 1622 1443 1690 gewiesen. Darum sollen so wenige Lust verspür
2844 1663 3345 1737 Lüge geflügelt Werkzeug
471 1663 1451 1736 haben, am zweiten Abend, — außer Haus zu gehen
2636 1684 2780 1783 28,
463 1710 1450 1779 Das Liebespaar verstcht die mythologischen Er
2862 1708 3326 1787 nur gegeben, Gedankenz
1656 1679 2631 1814 A477 Hofburgtheater.
471 1750 1442 1814 klärungen des Herrn Staufner. Dr. Guldo Werni
2858 1761 3322 1836 sachen umhüllt es mit
473 1792 1445 1863 fährt in entgegengesetzter Richtung ab, Herr un
1810 1783 2850 1878 (Am 12. Ottober 1915 zum ersten Male: „Komödie der
2854 1808 3344 1886 was man ausspricht, es
460 1834 1443 1923 Frau Staufner bleiben wieder vereint noch einig
1813 1863 2835 1944 Worte.“ Drei Einakter von Artur Schnitzler. Buch¬
2854 1868 3351 1937 wo es sich zum Satze
467 1883 868 1948 Tage in Salzburg.
2051 1906 2619 1989 ausgabe: Berlin, S. Fischer.)
2853 1909 3340 1985 gesagt ist, es wird da
580 1905 1446 1995 Dem Leben am nächsten kommt „Die groß
2862 1961 3345 2034 bildet, subjektive Wahrhel
465 1960 1444 2040 Szene“; die Psyche des Schauspielers hat Schnitz
1859 1979 2848 2041 Vor dem greisen Bischof stehen der befreite Atalus,
461 2001 1440 2079 ler wunderbar erfaßt. Das Schauspielerstück wa
2858 2008 3352 2083 zu glauben beginnt. W
1810 2029 2849 2084 der rettende Küchenjunge Leon und die kleine Aus¬
461 2044 1440 2123 denn auch der Erfolg des Abends. Recht unwahr
2866 2066 3354 2134 hinter den Dialog sei
1813 2085 2851 2153 reißerin Edrita. Zögernd hat das wilde Fürstenkind
469 2103 1442 2148 scheinlich sind die Vorgänge in den beiden anderei
2875 2112 3336 2181 strömung ihrer verborg
1818 2121 2855 2200 ihre Hand in die des fränkischen Werbers gelegt,
462 2136 1449 2204 Einaktern. Die männlichen Figuren sind ebenso un
2872 2155 3329 2233 und das Gespräch war
462 2182 1436 2251 sympathische Gestalten wie die sündigende Frau
1811 2179 2854 2237 hastig begehrt der treue Geleitsmann Urlaub, erst die
2868 2213 3316 2278 Gewand, das die Haut
465 2231 1446 2292 Eine neue Nüance: die Männer poltern, schlagen
1822 2236 2853 2295 dringliche Mahnung des ahnenden Patriarchen bringt
466 2266 1446 2336 und morden nicht mehr, wenn die Frauen sie betrü
2864 2266 3351 2333 geht weiter, viel weiter.
1814 2287 2850 2353 die wahren Gefühle der Drei ans Licht. Und humorvoll¬
460 2316 1443 2372 gen, sie richten alles mit geistreichen Auseinander
2855 2316 3330 2376 nur, daß die Menschen
1810 2342 2553 2402 weise spricht der greise Kirchenfürst:
462 2355 1442 2434 setzungen. Komödie der Worte: man belügt sich, die
2864 2362 3352 2432 und in dieser Blöße solle
460 2389 1099 2470 Worte werden zu Komödianten.
1898 2384 2682 2452 „Wer deutet mir die buntverworrne Welt?
2871 2422 3352 2482 ob die Decke noch so di
1900 2441 2702 2497 Sie reden alle Wahrheit — sind drauf stolz,
567 2418 1455 2505 Harry Walden hat, der Vorschrift des
2873 2463 3332 2536 Forderungen, die der 2
1909 2483 2681 2544 Und sie belügt sich selbst und ihn; er mich
453 2449 1454 2555 Dichters entsprechend, alle drei Helden gespielt
2865 2518 3311 2585 größere aber, die er
1910 2526 2759 2589 Und wieder sie; der lügt, weil man ihm log —
464 2529 1445 2591 eine gewiß tlcht leichte, sogar anstrengende aber
1909 2567 2544 2633 Und reden alle Wahrheit, alle alle.“
454 2567 1439 2627 auch dankbare Aufgabe. Er hat sich auch Mühe ge¬
2865 2564 3323 2636 Zuhörer muß, was er
455 2621 1445 2670 geben, den inneren Zusammenhang der drei
2877 2613 3337 2687 übersehen, er wird gen
1871 2602 2860 2678 Von Grillparzers „Weh dem, der lügt“ führt ein
467 2659 1458 2702 Stücke, die beabsichtigte Aehnlichkeit der verschie¬
2872 2664 3299 2738 prozeß jenseits der
1822 2672 2865 2740 Weg zu Schnitzlers neuestem Werke, freilich ein weiter
457 2693 1446 2743 denen Charaktere zur Geltung zu bringen. Seine
2869 2713 3333 2782 zumachen Künstlerischer
1828 2730 2862 2787 und beschwerlicher, eingeengt durch dichte Stachelzäune
461 2737 1444 2802 Sprechkunst feierte Triumphe, ebenso die Meister¬
2872 2757 3350 2828 Arbeit, die freilich bei
1831 2770 2861 2845 der subtilsten Psychoanalyse, in denen seine Gestalten,
460 2785 1459 2848 schaft, von einem Charakter rasch in den anderg#
2875 2816 3330 2881 ihren Lohn in sich sell
468 2827 1457 2893 sich umzuwandeln. Die Frauenrollen traten beschei¬
1819 2825 2860 2904 oft mehr seinem Gehirn als seinem Herzen ent¬
453 2863 1464 2945 den in den Hintergrund. Die Aufnahme dex Ein¬
2863 2865 3333 2935 Arbeit, und das naive,
1817 2872 2871 2938 sprungen, hilflos zappeln. Wie Traum und Wirklich¬
447 2906 944 2986 akter war sehr beifällig.
1814 2916 3340 2994 keit, Leben und Vergehen verschwimmen ihm Wahrheit werke will sich nicht rech
1831 2972 3332 3058 und Lüge in ihren Grenzen und Konturen. Unser] Dreimal führt uns
577 3047 1443 3146 — Gastspiel Alexander Girardi. Heute er¬
447 3106 1443 3194 öffnet Alexander Girardi im Neuen Theater
454 3166 1442 3233 sein auf fünf Abende berechnetes Gastspiel als
456 3201 1439 3278 Schuster Weigel in L Arronges Volksstück mit Ge¬
459 3244 1439 3316 sang „Mein Leopold“ (274/II). Morgen
454 3292 1431 3368 donnerstag findet die erste Aufführung des Ope¬
443 3340 1424 3397 retten-Zyklus „Das dumme Herz“ statt. Der
452 3377 1433 3446 Text ist von Oesterreicher und Stärk, die Musik
443 3426 1430 3491 von C. M. Ziehrer. In den drei Bildern des
446 3455 1436 3530 Zyklus spielt Girardi drei Brüder: einen
451 3499 1425 3578 Uhrmacher, einen Abgeordneten und einen Amts¬
442 3546 1425 3606 gerichtsrat, drei Charaktere, bei denen trotz aller
441 3600 1433 3675 Verschiedenheit das „dumme" Herz, die Güte,
445 3629 1432 3711 Sieger bleibt. Neben dem Gast sind die Damen
440 3676 1424 3744 Erna Hübner, Rosa Fasser, Carola Rechberg,
453 3719 1434 3786 Jella Schreiter, Wicki Wallner und die Herren
442 3758 1427 3836 Willi Bauer, Ludwig v. d. Bruch, Otto Frieberg,
444 3815 1433 3865 Fred Hennig, Richard Hold, Hans Ludwig, Ro¬
444 3856 1424 3922 man Reinhardt, Rudolf Mandee, Richard Schauer
450 3894 1420 3961 und Wilhelm Grauert beschäftigt. Die Spiel¬
439 3939 1431 4017 leitung hat Karl Fischer, die musikalische Leitung
448 3979 974 4042 Bruno Zilzer (275/III).
618 4023 1433 4103 Philharmonische Konzerte. Donnerstag
445 4061 1426 4153 den 21. Oktober wird das neue Abonnement mit
444 4126 1436 4189 dem I. philharmonischen Konzert eröffnet. Die
