3344 4384
2104 194 2572 287 box 32/4
247 216 1975 306 26.1. Konoedie der Norte ZykIus
357 966 1059 1111 Llambuiger Fachichten
1209 997 1630 1143 d. 1. 146.
546 1068 878 1169 Hamburg.
1779 1243 3330 1334 liches laut werden, jetzt klingt mit einem Male der Silberton] Völker zusamn
755 1272 1557 1360 deutsches Schaufpielhaus.
1778 1292 3031 1360 der Ironie dazwischen. Die andern beiden scheinen er¬
3007 1307 3342 1377 Tag sogar üb
1774 1338 3328 1412 schrocken zu verstummen, aber wenn sie wieder anheben, lebt Anatoldichter
549 1324 1738 1436 Arthur Schnitzler: „Komödie der Worte.“
1783 1378 3332 1460 der fremde Rhythmus auch in ihnen. In diesem Dreiklang der Zeit läuft
608 1400 999 1471 Alfred Freihe
1125 1420 1779 1492 eer hat einmal gesagt, im
1779 1422 3021 1504 fangen und haschen sich Wirklichkeit und Unwirklichkeit,
3005 1429 3322 1507 Dichter sich ga
522 1431 1767 1539 Grunde handelten alle Theaterstücke und Novellen Schnitzlers
1776 1464 3010 1543 Geist und Seele tauschen die Plätze, und wo wir glaubten,
3011 1490 3335 1554 kleinsie Gefühl
526 1491 1772 1580 samt und sonders nur von drei Dingen: vom Lieben, vom
1772 1507 3020 1594 die eine schluchzen zu hören, kichert plötzlich der andere. Im
3016 1527 3343 1599 schien, wie ein
521 1544 1777 1636 Sterben und vom Komödiespielen. Das ist trefflich be¬
1771 1549 3005 1635 wechselseitigen Anziehen und Loslassen wird die Melodie
3006 1580 3326 1641 Reservat der
519 1580 1778 1687 obachtet, aber nicht ganz endgültig formuliert. Diese
1774 1601 3013 1667 aber immer leichter und freier, kapriziöser und frivoler, das
3001 1617 3345 1683 Mangel an inn
521 1629 1763 1709 Trinität, die so bezeichnend ist für das Schnitzlersche Schaffen,
1773 1639 3007 1718 Kunstwerk verliert nach und nach die Erdschwere und gewinnt
3006 1664 3337 1731 ungerecht, wen
516 1656 1769 1757 besteht nicht in dem selbständigen Nebeneinander gleichartiger
1769 1686 3011 1752 dafür an Laune, so daß wir am Ende den rauhen Lärm des
3011 1696 3339 1781 Schnitzlers ent
511 1734 1771 1799 und gleichberechtigter Elemente. Wirkliche Kunstinhalte sind
1762 1736 3007 1801 tätigen Lebens bereits als etwas Gegensätzliches empfinden
3002 1758 3344 1814 geworden sind.
514 1759 1770 1842 auch für diesen Dichter nur die beiden ersten. In ihnen packt
1763 1772 3005 1852 und die Wirklichkeit durch das dünne Gewebe ihres Abbilds
3004 1790 3331 1860 worden! Und
521 1808 1766 1886 er das, was wir so Leben zu nennen pflegen, gerade an seinen
1765 1815 3018 1881 hindurchschimmert. Die Schnitzlerschen Geschöpfe werden auf
3005 1834 3289 1910 Bewandnis.
508 1841 1764 1923 entgegengesetzten Polen und gestaltet es in seiner stärksten,
1763 1859 3011 1945 diese Weise Zwitterwesen. Zwar der drückenden Enge der
3011 1889 3335 1953 ein Spiel sei,
516 1890 1762 1978 ursprünglichsten Bejahung wie in seiner letzten, endgültigen
1770 1904 3009 1984 Wirklichkeit sind sie entronnen, aber sie bleiben zwischen
3000 1930 3299 2000 Anatolszenen
508 1942 1761 2017 Verneinung. Die Komödie aber ist ja nicht Leben sondern
1769 1951 3010 2034 Himmel und Erde schweben. Ein Rest von der krausen Will¬
3000 1968 3332 2057 Loris, mit fol
519 1985 1761 2058 vielmehr eine Auffassung vom Leben, ja letzten Endes die
1763 1971 3007 2076 kür, dem Widersinn des irdischen Daseins haftet ihnen auch
512 2044 1771 2115 große Frage an das Leben selbst. Sie tritt also den beiden
1766 2037 3004 2108 in ihrem luftigeren Reiche an, und nichts ist ihnen wesens¬
511 2082 1763 2155 andern stofflichen Faktoren in dem Schnitzlerschen Lebens¬
1767 2072 3012 2142 fremder als die eherne Notwendigkeit künstlerischer Gesetze.
515 2112 1767 2181 werke als etwas Subjektives nicht zur Seite, sondern gegen¬
1767 2114 3002 2205 „Was ist nicht Spiel, das wir auf Erden treiben ... Wir
509 2161 1762 2238 über. Ein vom eigenen Ich losgesprengter Wesensteil, eine
1755 2163 3004 2248 spielen immer, wer es weiß, ist klug!“ — sagt Schnitzler selber
516 2204 1762 2271 Ahnfrau der Seele, begleitet sie schemengleich, aber immer
1765 2211 3003 2291 in seinem Paracelsus. Dies seltsame Gefühl von der Ir¬
3084 2233 3199 2308 Aus
512 2247 1747 2328 mit einem fragenden Lächeln den Dichter durchs Leben, sie
3221 2239 3316 2313 dem
1752 2252 3004 2336 realität des Daseins, von dem Schnitzler nie ganz loszukom¬
2994 2273 3183 2361 fühls, ist
3238 2298 3330 2358 unm
506 2293 1762 2383 folgt seinen Liebenden in die bräutliche Kammer und sitzt mit
1756 2300 2994 2381 men vermag, kann aber die verschiedensten Stimmungen aus¬
2986 2341 3064 2390 es
504 2340 1526 2414 derselben Grimasse auch an ihrem letzten Lager.
1748 2339 2994 2429 lösen. Der eine ist vielleicht selig in dem Gedanken, daß,
2993 2387 3071 2436 Tit
591 2382 1751 2465 Die Eigenart der Schnitzlerschen Kunst liegt zunächst in
1756 2390 3006 2468 wenn nun einmal die Welt ein Punventheater ist, wenigstens
499 2405 1752 2500 der Beschränkung seiner Motive. Er hat nicht nur wenige;
1753 2437 2991 2516 die Drähte in der Hand eines großen Meisters zusammen¬
2992 2456 3066 2525 la
510 2468 1737 2542 sie bleiben sich auch immer selbst gleich. Der Tod freilich ist
1746 2485 2998 2554 laufen, während der andere zum schwärzesten Pessimisten
2998 2524 3062 2569 un
506 2516 1747 2591 an sich eindeutig. Aber Schnitzler nimmt ihn überhaupt
1757 2522 2992 2603 wird, weil sein Ich nichts weiter als ein Schattenriß ist, der,
506 2563 1748 2639 mehr als ein isoliertes Phänomen, dichterisch interessiert ihn
3246 2555 3360 2623 rson
1751 2563 2990 2656 aus Weltenfernen auf die nackte Fläche des Lebens geworfen,
2981 2606 3065 2661 pfl
3237 2605 3359 2669 ein e
503 2602 1756 2683 das Sterben als ein Verebben der Lebensgeister, ein letzter
1756 2609 2987 2686 sogleich verschwindet, wenn ein Unbekannter das Licht aus¬
2984 2650 3078 2705 von
3206 2653 3338 2710 rnent
509 2654 1751 2720 Flackertanz der Phantasie. Alles hat jedoch ein rückwärts
1749 2654 2991 2727 bläst. Schnitzler ist kein Weltanschauungspoet — eher haftet
2997 2695 3324 2756 heit, und doch
500 2700 1752 2768 gewandtes Gesicht. Der Tod ist immer nur ein Aufhören,
1745 2694 2983 2774 ihm etwas von der sich selbst beschränkenden Resignation des
2988 2738 3350 2800 Schnitzler um de
1752 2741 2370 2810 modernen Wissenschaftlers an ¬
507 2738 1756 2813 niemals ein Anfang, und am allerwenigsten zugleich auch der
2397 2752 2979 2814 und aus dem großen Kom¬
2976 2783 3360 2856 um Lieben und
504 2775 1749 2862 letzte, höchste Einsatz des Menschen innerhalb der sittlichen
1752 2787 2984 2872 plex dieser Gefühle und Vorstellungen hat er nur einen Zug
2986 2825 3359 2894 Dichter ist. Frei
498 2817 1751 2904 Welt. Die Liebe freilich hat er unendlich oft variiert. Sehen
1755 2832 2983 2913 seiner Kunst nutzbar gemacht, aber so, daß er auch zugleich
2981 2861 3361 2934 je weiter wir leh
494 2856 1743 2945 wir aber genauer zu, so ist auch hier der Wechsel mehr eine
1747 2878 2985 2936 zum beherrschenden Prinzip geworden ist. Das ist die iro¬
2976 2915 3338 2981 am Ende auch d
499 2913 1741 2975 Kostümfrage, und unter Spitzen und Seide bleibt als eigent¬
1749 2927 2973 2994 nische Melancholie über die Irrealität der scheinbar tiefsten,
2976 2955 3348 3022 wenigstens als K
500 2962 1749 3039 lich künstlerisches Motiv einzig und allein die im doppelten
1747 2964 2975 3044 heiligsten Empfindungen. Sein gesamtes Schaffen ist weiter
2980 2992 3361 3074 ein Motiv das an
498 3005 1742 3071 Sinne nackte Tatsache. Das große Gebiet zwischen diesen
1750 3006 2980 3087 nichts als eine einzige große Tragikomödie unseres eigenen
1751 3046 1961 3115 Gefühls.
2980 3040 3353 3111 zieht sich wieder
492 3044 1741 3114 beiden Lebenspolen scheint für Schnitzler kaum zu existieren.
2985 3091 3359 3154 je näher er ihm z
496 3086 1742 3169 Gelegentlich streift er wohl soziale oder politische Fragen.
1821 3113 2992 3187 Jahre kommen und gehen! Wenn Schnitzler heute im
2980 3143 3339 3199 lauscht nur in de
499 3136 1737 3212 Zu einer eigentlichen Ethik hat er sich niemals aufgeschwun¬
1746 3146 2982 3225 grauen Haar, aber noch immer die gleiche dreibesaitete Leier
2986 3182 3359 3244 schon an der Sch
499 3193 1738 3258 gen. Ja selbst die Natur ist ihm gerade gut genug zum
1732 3194 2985 3278 im Arm am Schattenhange einherschlendert und sein altes
2979 3224 3358 3283 die Jugend lädt
502 3231 1737 3300 Blumenstrauß für die Geliebte und die weite Welt nichts
1737 3243 2976 3327 Lied in der gleichen Weise aufs Neue anhebt, dann horcht
2969 3256 3360 3329 der Tür, dann tut
492 3270 1734 3346 weiter als ein einziger großer Rendezvousplatz. Aber wenn
1740 3282 2971 3366 man zunächst wohl etwas erstaunt und befremdet auf. Gerade
2979 3313 3359 3377 ergeht es jetzt Sch
493 3316 1735 3377 auch die eine Saite auf seinem dichterischen Instrumente nur
1739 3331 2977 3421 das, was für Schnitzler nie mehr als etwas Schwankendes,
2970 3342 3351 3419 beiden Hauptmot
492 3357 1730 3428 vom Liebesglück, die andere nur vom Todesleid summt, die
1734 3378 2982 3452 Rätselvolles, im letzten Grunde Unwirkliches gewesen ist, hat
2969 3394 3357 3463 entwendet, und ih
496 3401 1741 3471 echte Schnitzlersche Melodie entsteht doch erst, wenn, als wäre
1743 3405 2981 3485 seine Realität wie in einem vulkanischen Ausbruche uns allen!
2966 3445 3329 3510 Surrogaten zu
491 3438 1736 3515 es unbewußt und ganz von selber, die dritte mitzuschwingen
1729 3468 2978 3543 zum Erstaunen offenbart. Das Gefühl hat das Individuum
2966 3484 3339 3555 Und die Frage i
476 3504 3350 3568 beginnt. Mag dort Menschliches, vielleicht auch Allzumensch= aus dem Sattel gehoben, hat die Parteien enttbront, bat ihrem Rechte we
2920 4122 3029 4199 —.—
