<?xml version="1.0" encoding="UTF-8" standalone="yes"?>
<PcGts xmlns="http://schema.primaresearch.org/PAGE/gts/pagecontent/2013-07-15" xmlns:xsi="http://www.w3.org/2001/XMLSchema-instance" xsi:schemaLocation="http://schema.primaresearch.org/PAGE/gts/pagecontent/2013-07-15 http://schema.primaresearch.org/PAGE/gts/pagecontent/2013-07-15/pagecontent.xsd">
    <Metadata>
        <Creator>prov=University of Rostock/Institute of Mathematics/CITlab/Gundram Leifert/gundram.leifert@uni-rostock.de:name=ONB_Newseye_GT_M1+(htr_id=10810)::::v=2.4.2
prov=University of Rostock/Institute of Mathematics/CITlab/Tobias Gruening/tobias.gruening@uni-rostock.de:name=de.uros.citlab.module.baseline2polygon.B2PSeamMultiOriented:v=2.4.2
prov=University of Rostock/Institute of Mathematics/CITlab/Tobias Gruening/tobias.gruening@uni-rostock.de:name=/mnt/transkribus/LA/DEA/URO/LA_news_onb_att.pb:de.uros.citlab.segmentation.CITlab_LA_ML:v=2.4.2
Transkribus</Creator>
        <Created>2019-10-07T11:09:03.391+02:00</Created>
        <LastChange>2019-10-07T19:34:25.674+02:00</LastChange>
        <TranskribusMetadata docId="223960" pageId="9493991" pageNr="43" tsid="16426200" status="IN_PROGRESS" userId="40391" imgUrl="https://files.transkribus.eu/Get?id=LHCDSLAHZOHZHXKHAOGVYUSG&amp;fileType=view" xmlUrl="https://files.transkribus.eu/Get?id=VTPRGAFJKVVCQHRDQPLSZJSR" imageId="6184218"/>
    </Metadata>
    <Page imageFilename="223960_0043.jpeg" imageWidth="3344" imageHeight="4352">
        <ReadingOrder>
            <OrderedGroup id="ro_1711443076182" caption="Regions reading order">
                <RegionRefIndexed index="0" regionRef="r1"/>
            </OrderedGroup>
        </ReadingOrder>
        <TextRegion orientation="0.0" id="r1" custom="readingOrder {index:0;}">
            <Coords points="118,231 118,3015 3095,3015 3095,231"/>
            <TextLine id="r1l1" custom="readingOrder {index:0;}">
                <Coords points="1207,266 1221,265 1223,268 1236,265 1246,269 1261,257 1272,256 1269,198 1258,198 1253,203 1240,201 1229,207 1224,205 1215,210 1204,210"/>
                <Baseline points="1218,258 1260,256"/>
                <TextEquiv>
                    <Unicode>N</Unicode>
                </TextEquiv>
            </TextLine>
            <TextLine id="r1l2" custom="readingOrder {index:1;}">
                <Coords points="2099,271 2137,283 2171,266 2215,289 2319,268 2449,292 2527,289 2547,284 2548,235 2461,196 2436,207 2389,195 2349,212 2311,203 2270,229 2243,215 2176,225 2100,197"/>
                <Baseline points="2110,261 2135,261 2160,261 2185,261 2210,262 2235,262 2260,263 2285,263 2310,264 2335,265 2360,265 2385,265 2410,266 2435,266 2460,266 2485,266 2510,265 2536,264"/>
                <TextEquiv>
                    <Unicode>box 32/1</Unicode>
                </TextEquiv>
            </TextLine>
            <TextLine id="r1l3" custom="readingOrder {index:2;}">
                <Coords points="235,263 1958,298 1958,226 1864,202 1636,199 1534,259 1328,211 1215,264 1037,194 984,236 583,193 493,248 235,194"/>
                <Baseline points="246,251 331,257 416,262 501,266 586,269 671,271 756,273 841,275 926,275 1011,276 1096,276 1181,276 1266,276 1351,276 1436,276 1521,277 1606,277 1691,278 1776,279 1861,281 1947,284"/>
                <TextEquiv>
                    <Unicode>26.1. Konoedie der orte zyklus</Unicode>
                </TextEquiv>
            </TextLine>
            <TextLine id="r1l4" custom="readingOrder {index:3;}">
                <Coords points="620,1207 1462,1214 1463,1160 1437,1152 1373,1180 1318,1151 1279,1175 1120,1164 1040,1130 944,1177 790,1144 622,1150"/>
                <Baseline points="632,1186 672,1190 713,1193 754,1195 795,1198 836,1200 877,1202 918,1204 959,1205 1000,1206 1041,1207 1081,1208 1122,1209 1163,1209 1204,1210 1245,1210 1286,1210 1327,1211 1368,1211 1409,1211 1450,1211"/>
                <TextEquiv>
                    <Unicode>bungen, den Wer reich. Leerl.</Unicode>
                </TextEquiv>
            </TextLine>
            <TextLine id="r1l5" custom="readingOrder {index:4;}">
                <Coords points="115,1298 346,1306 396,1290 452,1311 485,1293 658,1312 750,1291 750,1252 723,1248 573,1242 528,1262 115,1246"/>
                <Baseline points="127,1290 157,1290 188,1290 218,1290 249,1290 279,1290 310,1290 340,1290 371,1290 401,1291 432,1291 463,1291 493,1291 524,1292 554,1292 585,1292 615,1293 646,1293 676,1293 707,1293 738,1293"/>
                <TextEquiv>
                    <Unicode>ihn das Wort nicht aussprechen:</Unicode>
                </TextEquiv>
            </TextLine>
            <TextLine id="r1l6" custom="readingOrder {index:5;}">
                <Coords points="752,1299 1916,1322 1916,1288 1789,1268 752,1251"/>
                <Baseline points="763,1294 820,1296 877,1298 934,1300 991,1302 1048,1303 1105,1305 1162,1305 1219,1306 1276,1307 1333,1308 1390,1308 1447,1309 1504,1309 1561,1309 1618,1310 1675,1310 1732,1311 1789,1311 1846,1312 1904,1312"/>
                <TextEquiv>
                    <Unicode>derselbe, die Aehnlichkeiten im Vorübergehen hervorzuheben.</Unicode>
                </TextEquiv>
            </TextLine>
            <TextLine id="r1l7" custom="readingOrder {index:6;}">
                <Coords points="1924,1325 3027,1356 3106,1344 3107,1299 1925,1271"/>
                <Baseline points="1936,1313 1997,1315 2058,1316 2119,1318 2180,1319 2241,1321 2302,1322 2363,1324 2424,1325 2485,1326 2546,1328 2607,1329 2668,1330 2729,1331 2790,1332 2851,1333 2912,1334 2973,1335 3034,1335 3095,1336"/>
                <TextEquiv>
                    <Unicode>legenen Phlegma, und indem er den Worten die Spitze ab¬</Unicode>
                </TextEquiv>
            </TextLine>
            <TextLine id="r1l8" custom="readingOrder {index:7;}">
                <Coords points="113,1336 173,1353 276,1333 301,1352 507,1340 566,1359 748,1338 748,1307 717,1297 113,1307"/>
                <Baseline points="124,1337 154,1336 185,1336 215,1336 246,1336 277,1336 307,1336 338,1336 368,1337 399,1337 430,1337 460,1338 491,1338 521,1339 552,1339 583,1340 613,1340 644,1340 674,1341 705,1341 736,1341"/>
                <TextEquiv>
                    <Unicode>wigt als ein Mensch irgendeinen</Unicode>
                </TextEquiv>
            </TextLine>
            <TextLine id="r1l9" custom="readingOrder {index:8;}">
                <Coords points="753,1349 1836,1376 1915,1366 1916,1321 753,1309"/>
                <Baseline points="765,1343 821,1345 878,1346 935,1348 992,1349 1049,1350 1106,1351 1163,1352 1220,1353 1277,1354 1334,1355 1390,1355 1447,1356 1504,1357 1561,1358 1618,1358 1675,1359 1732,1360 1789,1361 1846,1362 1903,1363"/>
                <TextEquiv>
                    <Unicode>Hier wie dort bewährt er sich als Meister der Rede. Sein</Unicode>
                </TextEquiv>
            </TextLine>
            <TextLine id="r1l10" custom="readingOrder {index:9;}">
                <Coords points="1918,1368 3048,1410 3106,1345 1919,1328"/>
                <Baseline points="1930,1366 1988,1366 2046,1367 2104,1368 2162,1370 2220,1371 2278,1373 2337,1375 2395,1377 2453,1378 2511,1380 2569,1382 2627,1384 2685,1385 2744,1387 2802,1388 2860,1389 2918,1390 2976,1390 3034,1391 3093,1390"/>
                <TextEquiv>
                    <Unicode>zubrechen scheint, bringt er sie manchmal, nicht immer, zu</Unicode>
                </TextEquiv>
            </TextLine>
            <TextLine id="r1l11" custom="readingOrder {index:10;}">
                <Coords points="116,1393 275,1399 309,1382 643,1407 668,1389 751,1395 752,1345 117,1341"/>
                <Baseline points="127,1383 157,1383 188,1382 218,1382 249,1382 280,1382 310,1383 341,1383 371,1383 402,1383 433,1384 463,1384 494,1385 524,1385 555,1386 586,1387 616,1387 647,1388 677,1389 708,1390 739,1390"/>
                <TextEquiv>
                    <Unicode>ben diese Erniedrigung ist seine</Unicode>
                </TextEquiv>
            </TextLine>
            <TextLine id="r1l12" custom="readingOrder {index:11;}">
                <Coords points="745,1395 1914,1412 1915,1365 1800,1359 746,1353"/>
                <Baseline points="756,1389 813,1391 870,1393 927,1394 985,1395 1042,1397 1099,1397 1157,1399 1214,1399 1271,1400 1329,1401 1386,1402 1443,1402 1500,1403 1558,1404 1615,1404 1672,1405 1730,1405 1787,1406 1844,1406 1902,1407"/>
                <TextEquiv>
                    <Unicode>Eckhold ist der Mann des verhaltenen Grolles, dessen Inneres</Unicode>
                </TextEquiv>
            </TextLine>
            <TextLine id="r1l13" custom="readingOrder {index:12;}">
                <Coords points="1922,1421 2027,1428 2048,1415 2081,1434 2254,1421 2269,1437 2335,1429 2357,1450 2410,1449 2412,1398 2293,1374 2167,1383 2085,1369 2060,1382 2006,1365 1923,1368"/>
                <Baseline points="1934,1407 1959,1409 1985,1410 2011,1412 2037,1413 2063,1414 2089,1415 2114,1416 2140,1417 2166,1417 2192,1417 2218,1418 2244,1418 2269,1419 2295,1419 2321,1419 2347,1419 2373,1420 2399,1420"/>
                <TextEquiv>
                    <Unicode>noch besserer Wirkung.</Unicode>
                </TextEquiv>
            </TextLine>
            <TextLine id="r1l14" custom="readingOrder {index:13;}">
                <Coords points="130,1444 471,1450 513,1435 603,1450 635,1434 675,1450 733,1433 734,1395 130,1395"/>
                <Baseline points="142,1427 171,1428 200,1428 229,1429 258,1429 287,1429 316,1430 345,1430 374,1430 403,1431 432,1431 461,1431 490,1431 519,1432 548,1432 577,1432 606,1433 635,1433 664,1433 693,1434 723,1435"/>
                <TextEquiv>
                    <Unicode>Gericht in festgefrorenem Zu¬</Unicode>
                </TextEquiv>
            </TextLine>
            <TextLine id="r1l15" custom="readingOrder {index:14;}">
                <Coords points="747,1438 1923,1446 1901,1410 747,1393"/>
                <Baseline points="759,1435 816,1436 874,1438 931,1440 989,1442 1047,1443 1104,1444 1162,1445 1220,1446 1277,1447 1335,1447 1393,1448 1450,1449 1508,1449 1566,1450 1623,1450 1681,1451 1739,1451 1796,1452 1854,1452 1912,1453"/>
                <TextEquiv>
                    <Unicode>von dem einen Gedanken an Rache beherrscht wird. Die</Unicode>
                </TextEquiv>
            </TextLine>
            <TextLine id="r1l16" custom="readingOrder {index:15;}">
                <Coords points="127,1487 713,1494 749,1488 750,1427 678,1449 128,1435"/>
                <Baseline points="138,1475 168,1474 198,1474 228,1475 258,1475 288,1475 318,1475 348,1476 378,1477 408,1477 438,1478 468,1478 498,1479 528,1479 558,1479 588,1479 618,1479 648,1479 678,1479 708,1478 738,1477"/>
                <TextEquiv>
                    <Unicode>peifel an der zehnjährigen Vor¬</Unicode>
                </TextEquiv>
            </TextLine>
            <TextLine id="r1l17" custom="readingOrder {index:16;}">
                <Coords points="753,1486 1466,1514 1915,1490 1812,1451 753,1439"/>
                <Baseline points="763,1476 820,1479 877,1483 934,1485 991,1487 1048,1489 1105,1490 1162,1492 1219,1492 1276,1493 1333,1494 1390,1494 1447,1494 1504,1494 1561,1494 1618,1494 1675,1494 1732,1495 1789,1495 1846,1495 1904,1495"/>
                <TextEquiv>
                    <Unicode>Sprache gebraucht er wie widerwillig, nur um sein Geheim¬</Unicode>
                </TextEquiv>
            </TextLine>
            <TextLine id="r1l18" custom="readingOrder {index:17;}">
                <Coords points="1998,1496 3093,1521 3094,1472 2953,1441 2728,1463 2628,1429 2562,1465 2000,1428"/>
                <Baseline points="2010,1482 2063,1484 2117,1485 2170,1487 2224,1489 2277,1490 2331,1492 2384,1494 2438,1495 2491,1497 2545,1498 2599,1499 2652,1500 2706,1501 2759,1503 2813,1504 2866,1505 2920,1506 2973,1507 3027,1508 3081,1509"/>
                <TextEquiv>
                    <Unicode>Nach den Ehemännern die Ehefrauen. Sorgfältiger</Unicode>
                </TextEquiv>
            </TextLine>
            <TextLine id="r1l19" custom="readingOrder {index:18;}">
                <Coords points="125,1538 397,1522 675,1544 738,1522 738,1489 635,1481 126,1491"/>
                <Baseline points="137,1524 166,1523 196,1523 225,1522 255,1522 284,1522 314,1522 343,1522 373,1523 402,1523 432,1524 461,1524 491,1525 520,1525 550,1526 579,1526 609,1526 638,1526 668,1526 697,1525 727,1525"/>
                <TextEquiv>
                    <Unicode>gen gefunden. Kein erfreulicher</Unicode>
                </TextEquiv>
            </TextLine>
            <TextLine id="r1l20" custom="readingOrder {index:19;}">
                <Coords points="743,1538 1849,1555 1898,1547 1899,1513 743,1504"/>
                <Baseline points="755,1526 811,1528 868,1530 924,1532 981,1533 1038,1535 1094,1536 1151,1536 1207,1537 1264,1538 1321,1539 1377,1539 1434,1539 1490,1540 1547,1540 1604,1541 1660,1541 1717,1542 1773,1542 1830,1543 1887,1544"/>
                <TextEquiv>
                    <Unicode>nis zu verschleiern. Bei ihm sind die Worte wirklich Ko¬</Unicode>
                </TextEquiv>
            </TextLine>
            <TextLine id="r1l21" custom="readingOrder {index:20;}">
                <Coords points="1918,1531 2888,1572 3097,1557 3098,1519 1919,1488"/>
                <Baseline points="1928,1528 1989,1530 2050,1531 2111,1533 2172,1535 2233,1536 2294,1538 2355,1540 2416,1541 2477,1543 2538,1545 2599,1547 2660,1548 2721,1550 2782,1551 2843,1552 2904,1554 2965,1555 3026,1556 3087,1557"/>
                <TextEquiv>
                    <Unicode>ausgearbeitet ist nur die Gattin des Arztes, die Frau, die</Unicode>
                </TextEquiv>
            </TextLine>
            <TextLine id="r1l22" custom="readingOrder {index:21;}">
                <Coords points="130,1589 572,1575 734,1601 734,1524 678,1542 400,1523 130,1538"/>
                <Baseline points="142,1572 171,1572 200,1572 229,1571 258,1571 287,1571 316,1571 345,1571 374,1571 403,1571 432,1571 461,1571 490,1572 519,1572 548,1572 577,1572 606,1573 635,1573 664,1574 693,1574 722,1574"/>
                <TextEquiv>
                    <Unicode>igen; der Dichter verlangt auch</Unicode>
                </TextEquiv>
            </TextLine>
            <TextLine id="r1l23" custom="readingOrder {index:22;}">
                <Coords points="745,1580 1907,1607 1876,1544 745,1536"/>
                <Baseline points="756,1571 815,1574 875,1576 935,1578 995,1580 1055,1582 1115,1583 1175,1585 1235,1585 1295,1586 1355,1587 1415,1587 1475,1587 1535,1588 1595,1588 1655,1588 1715,1588 1775,1588 1835,1588 1895,1588"/>
                <TextEquiv>
                    <Unicode>mödianten, und gleichgültigen Inhalts, aus der Alltäglich¬</Unicode>
                </TextEquiv>
            </TextLine>
            <TextLine id="r1l24" custom="readingOrder {index:23;}">
                <Coords points="1917,1583 3097,1622 3081,1554 2544,1571 1919,1529"/>
                <Baseline points="1928,1575 1989,1577 2050,1580 2111,1582 2172,1584 2233,1586 2294,1588 2355,1590 2416,1591 2477,1592 2538,1594 2599,1595 2660,1597 2721,1598 2782,1599 2843,1600 2904,1601 2965,1601 3026,1602 3087,1603"/>
                <TextEquiv>
                    <Unicode>ihren Fehltritt so spät zu büßen hat. Frau Bleibtreu</Unicode>
                </TextEquiv>
            </TextLine>
            <TextLine id="r1l25" custom="readingOrder {index:24;}">
                <Coords points="146,1622 364,1635 396,1615 674,1637 741,1620 742,1577 450,1573 376,1601 262,1572 147,1582"/>
                <Baseline points="158,1615 186,1616 215,1616 243,1616 272,1617 301,1617 329,1618 358,1618 386,1619 415,1619 444,1620 472,1620 501,1620 529,1621 558,1621 587,1622 615,1622 644,1622 672,1623 701,1623 730,1624"/>
                <TextEquiv>
                    <Unicode>den Mann, und er hat ihn,</Unicode>
                </TextEquiv>
            </TextLine>
            <TextLine id="r1l26" custom="readingOrder {index:25;}">
                <Coords points="746,1623 1847,1654 1908,1643 1909,1605 747,1578"/>
                <Baseline points="758,1619 815,1621 872,1623 929,1624 986,1626 1043,1627 1100,1629 1157,1630 1214,1631 1271,1632 1328,1632 1385,1633 1442,1633 1499,1634 1556,1634 1613,1634 1670,1635 1727,1635 1784,1635 1841,1635 1898,1635"/>
                <TextEquiv>
                    <Unicode>keit hergeholt, gleiten sie über die Tiefe hin, wo seine Rache¬</Unicode>
                </TextEquiv>
            </TextLine>
            <TextLine id="r1l27" custom="readingOrder {index:26;}">
                <Coords points="1924,1622 3043,1667 3093,1619 1924,1584"/>
                <Baseline points="1934,1624 1991,1625 2048,1627 2106,1628 2163,1630 2220,1631 2278,1632 2335,1634 2392,1635 2450,1637 2507,1638 2564,1639 2622,1640 2679,1641 2736,1643 2794,1644 2851,1644 2908,1646 2966,1647 3023,1648 3081,1649"/>
                <TextEquiv>
                    <Unicode>spielt sie, wie nur sie die edlen Sünderinnen dieser Art zu</Unicode>
                </TextEquiv>
            </TextLine>
            <TextLine id="r1l28" custom="readingOrder {index:27;}">
                <Coords points="141,1649 185,1674 235,1663 291,1680 376,1661 443,1680 502,1665 675,1685 731,1672 731,1643 695,1624 673,1638 141,1622"/>
                <Baseline points="152,1660 180,1662 208,1663 237,1663 265,1664 293,1665 322,1665 350,1665 378,1666 407,1666 435,1666 463,1666 492,1667 520,1667 548,1667 577,1667 605,1668 633,1668 662,1668 690,1669 719,1670"/>
                <TextEquiv>
                    <Unicode>vergrämte Seele einpflanzte,</Unicode>
                </TextEquiv>
            </TextLine>
            <TextLine id="r1l29" custom="readingOrder {index:28;}">
                <Coords points="759,1683 1913,1680 1875,1639 760,1631"/>
                <Baseline points="770,1668 826,1669 883,1670 939,1672 996,1673 1053,1674 1109,1675 1166,1676 1222,1676 1279,1677 1336,1678 1392,1679 1449,1679 1505,1680 1562,1680 1619,1680 1675,1680 1732,1681 1788,1681 1845,1681 1902,1681"/>
                <TextEquiv>
                    <Unicode>gedanken kochen. Das Unheimliche, Düstere, was die Gestalt</Unicode>
                </TextEquiv>
            </TextLine>
            <TextLine id="r1l30" custom="readingOrder {index:29;}">
                <Coords points="1917,1691 3091,1693 3092,1653 1919,1629"/>
                <Baseline points="1928,1670 1985,1671 2043,1673 2100,1674 2158,1675 2215,1677 2273,1678 2330,1679 2388,1680 2445,1681 2503,1683 2561,1684 2618,1685 2676,1686 2733,1687 2791,1688 2848,1689 2906,1691 2963,1692 3021,1693 3079,1694"/>
                <TextEquiv>
                    <Unicode>spielen vermag. Und was für eine Sprechkünstlerin ist sie</Unicode>
                </TextEquiv>
            </TextLine>
            <TextLine id="r1l31" custom="readingOrder {index:30;}">
                <Coords points="125,1718 742,1721 729,1669 181,1678 150,1648 125,1653"/>
                <Baseline points="137,1708 166,1708 196,1709 225,1710 255,1710 285,1711 314,1711 344,1711 374,1712 403,1712 433,1712 463,1712 492,1712 522,1712 552,1712 581,1712 611,1713 641,1713 670,1713 700,1714 730,1714"/>
                <TextEquiv>
                    <Unicode>ndet. Merkwürdig, daß der Arzt</Unicode>
                </TextEquiv>
            </TextLine>
            <TextLine id="r1l32" custom="readingOrder {index:31;}">
                <Coords points="743,1724 1908,1739 1908,1685 744,1690"/>
                <Baseline points="755,1714 812,1715 869,1716 926,1717 983,1718 1040,1719 1097,1720 1154,1721 1211,1722 1268,1723 1326,1723 1383,1725 1440,1725 1497,1726 1554,1727 1611,1728 1668,1729 1725,1729 1782,1730 1839,1731 1897,1731"/>
                <TextEquiv>
                    <Unicode>umwittert, bringt uns Waldens Darstellung sehr gut zum</Unicode>
                </TextEquiv>
            </TextLine>
            <TextLine id="r1l33" custom="readingOrder {index:32;}">
                <Coords points="1926,1722 3090,1760 3091,1722 2997,1699 1927,1683"/>
                <Baseline points="1937,1714 1994,1716 2051,1717 2108,1719 2165,1720 2222,1721 2279,1722 2336,1724 2393,1724 2450,1725 2508,1726 2565,1727 2622,1729 2679,1730 2736,1731 2793,1733 2850,1735 2907,1737 2964,1739 3021,1741 3079,1744"/>
                <TextEquiv>
                    <Unicode>auch in diesen farbloseren Rollen? Jedes Wort versteht man,</Unicode>
                </TextEquiv>
            </TextLine>
            <TextLine id="r1l34" custom="readingOrder {index:33;}">
                <Coords points="123,1772 334,1760 381,1783 428,1759 513,1780 736,1774 736,1720 123,1725"/>
                <Baseline points="135,1757 164,1756 194,1756 223,1756 253,1757 282,1757 312,1758 341,1758 371,1759 400,1759 430,1760 459,1760 489,1761 518,1761 548,1761 577,1761 607,1761 636,1761 666,1761 695,1761 725,1760"/>
                <TextEquiv>
                    <Unicode>nicht kennt und einen Professor</Unicode>
                </TextEquiv>
            </TextLine>
            <TextLine id="r1l35" custom="readingOrder {index:34;}">
                <Coords points="748,1768 1906,1785 1906,1740 1796,1730 749,1721"/>
                <Baseline points="759,1757 815,1759 872,1762 929,1763 986,1765 1042,1766 1099,1768 1156,1769 1213,1770 1269,1771 1326,1772 1383,1773 1440,1773 1496,1774 1553,1774 1610,1774 1667,1775 1723,1775 1780,1775 1837,1775 1894,1774"/>
                <TextEquiv>
                    <Unicode>Bewußtsein. Wortreicher, redefertiger, mehr nach Außen</Unicode>
                </TextEquiv>
            </TextLine>
            <TextLine id="r1l36" custom="readingOrder {index:35;}">
                <Coords points="1929,1775 3095,1813 3096,1764 3036,1742 1930,1719"/>
                <Baseline points="1940,1762 1997,1764 2054,1765 2111,1766 2169,1768 2226,1769 2283,1770 2340,1771 2398,1772 2455,1773 2512,1774 2569,1775 2627,1776 2684,1777 2741,1778 2798,1779 2856,1781 2913,1783 2970,1785 3027,1786 3085,1789"/>
                <TextEquiv>
                    <Unicode>selbst das ganz leise, das sich ihr, die Luft kaum bewegend,</Unicode>
                </TextEquiv>
            </TextLine>
            <TextLine id="r1l37" custom="readingOrder {index:36;}">
                <Coords points="123,1810 314,1823 395,1803 516,1822 606,1803 639,1825 736,1808 736,1781 705,1768 418,1761 381,1785 294,1762 123,1771"/>
                <Baseline points="134,1801 163,1802 193,1803 222,1804 252,1805 281,1805 311,1806 340,1807 370,1808 399,1808 429,1809 458,1809 488,1809 517,1809 547,1809 576,1809 606,1808 635,1808 665,1807 694,1806 724,1805"/>
                <TextEquiv>
                    <Unicode>kerkwürdiger, daß seine Frau</Unicode>
                </TextEquiv>
            </TextLine>
            <TextLine id="r1l38" custom="readingOrder {index:37;}">
                <Coords points="747,1811 1875,1837 1905,1792 747,1770"/>
                <Baseline points="758,1810 814,1811 871,1812 928,1812 984,1813 1041,1813 1098,1814 1154,1814 1211,1815 1268,1815 1325,1815 1381,1816 1438,1816 1495,1817 1551,1817 1608,1818 1665,1818 1721,1819 1778,1820 1835,1821 1892,1822"/>
                <TextEquiv>
                    <Unicode>gerichtet, zeigt sich unser Künstler als Schriftsteller Staufner,</Unicode>
                </TextEquiv>
            </TextLine>
            <TextLine id="r1l39" custom="readingOrder {index:38;}">
                <Coords points="1919,1808 3095,1846 3095,1808 3033,1789 1920,1772"/>
                <Baseline points="1931,1808 1988,1809 2046,1810 2103,1811 2161,1812 2219,1814 2276,1815 2334,1816 2392,1818 2449,1819 2507,1821 2565,1822 2622,1823 2680,1825 2738,1826 2795,1827 2853,1828 2911,1828 2968,1829 3026,1829 3084,1829"/>
                <TextEquiv>
                    <Unicode>von den Lippen ablöst: Frau Medelsky und Fräulein</Unicode>
                </TextEquiv>
            </TextLine>
            <TextLine id="r1l40" custom="readingOrder {index:39;}">
                <Coords points="118,1855 407,1855 452,1872 580,1853 703,1870 730,1861 731,1809 302,1823 118,1808"/>
                <Baseline points="128,1847 157,1848 187,1849 216,1850 246,1850 275,1851 305,1851 334,1852 364,1852 393,1852 423,1852 452,1853 482,1853 511,1853 541,1853 570,1853 600,1853 629,1854 659,1854 688,1854 718,1855"/>
                <TextEquiv>
                    <Unicode>eben behauptet, während sie sich</Unicode>
                </TextEquiv>
            </TextLine>
            <TextLine id="r1l41" custom="readingOrder {index:40;}">
                <Coords points="745,1865 1882,1883 1901,1832 745,1815"/>
                <Baseline points="755,1854 811,1855 868,1857 925,1857 981,1858 1038,1859 1095,1860 1151,1861 1208,1862 1265,1862 1322,1863 1378,1863 1435,1864 1492,1865 1548,1865 1605,1866 1662,1866 1718,1867 1775,1867 1832,1868 1889,1869"/>
                <TextEquiv>
                    <Unicode>der nur durch ihn lebensfähig wird. Am besten ist er</Unicode>
                </TextEquiv>
            </TextLine>
            <TextLine id="r1l42" custom="readingOrder {index:41;}">
                <Coords points="1908,1863 3091,1893 3060,1839 1910,1807"/>
                <Baseline points="1921,1852 1978,1855 2036,1856 2094,1858 2152,1859 2210,1860 2268,1862 2326,1863 2384,1864 2442,1865 2500,1866 2557,1867 2615,1868 2673,1869 2731,1870 2789,1871 2847,1872 2905,1874 2963,1875 3021,1876 3079,1878"/>
                <TextEquiv>
                    <Unicode>Wohlgemuth sind die beiden anderen Frauen. Es war</Unicode>
                </TextEquiv>
            </TextLine>
            <TextLine id="r1l43" custom="readingOrder {index:42;}">
                <Coords points="125,1903 731,1904 731,1859 126,1861"/>
                <Baseline points="137,1896 166,1897 195,1898 224,1898 253,1899 282,1899 311,1899 340,1899 369,1900 398,1900 428,1900 457,1900 486,1900 515,1900 544,1900 573,1900 602,1900 631,1900 660,1900 689,1900 719,1900"/>
                <TextEquiv>
                    <Unicode>n hat. Ein, zwei, drei Männer</Unicode>
                </TextEquiv>
            </TextLine>
            <TextLine id="r1l44" custom="readingOrder {index:43;}">
                <Coords points="740,1907 1866,1930 1894,1874 740,1860"/>
                <Baseline points="751,1902 807,1903 864,1903 920,1904 977,1905 1033,1906 1090,1906 1146,1907 1203,1907 1259,1908 1316,1908 1372,1909 1429,1910 1485,1910 1542,1910 1598,1911 1655,1911 1711,1911 1768,1911 1824,1911 1881,1911"/>
                <TextEquiv>
                    <Unicode>natürlich in dem Stück, wo ihm der Dichter am weitesten</Unicode>
                </TextEquiv>
            </TextLine>
            <TextLine id="r1l45" custom="readingOrder {index:44;}">
                <Coords points="1911,1915 2954,1945 3087,1936 3088,1894 1912,1863"/>
                <Baseline points="1924,1901 1981,1902 2039,1903 2096,1904 2154,1905 2212,1906 2269,1907 2327,1908 2385,1909 2442,1910 2500,1912 2558,1913 2615,1914 2673,1915 2731,1916 2788,1917 2846,1919 2904,1920 2961,1922 3019,1923 3077,1925"/>
                <TextEquiv>
                    <Unicode>da nicht viel zu holen. Die Künstlerinnen schenken ihren</Unicode>
                </TextEquiv>
            </TextLine>
            <TextLine id="r1l46" custom="readingOrder {index:45;}">
                <Coords points="126,1958 730,1946 730,1915 667,1905 127,1902"/>
                <Baseline points="138,1943 167,1943 196,1944 225,1944 254,1944 283,1945 312,1945 341,1946 370,1946 399,1947 428,1947 457,1948 486,1948 515,1949 544,1949 573,1949 602,1949 631,1949 660,1948 689,1947 719,1946"/>
                <TextEquiv>
                    <Unicode>sich nicht leicht zurecht im Ein¬</Unicode>
                </TextEquiv>
            </TextLine>
            <TextLine id="r1l47" custom="readingOrder {index:46;}">
                <Coords points="741,1951 1867,1974 1906,1925 741,1915"/>
                <Baseline points="752,1949 809,1949 866,1950 923,1950 980,1951 1037,1951 1094,1952 1151,1953 1208,1953 1265,1954 1322,1954 1379,1955 1436,1956 1493,1956 1550,1956 1607,1957 1664,1957 1721,1957 1778,1957 1835,1956 1893,1956"/>
                <TextEquiv>
                    <Unicode>entgegenkommt, als Herbot. Mit all seiner Liebenswürdig¬</Unicode>
                </TextEquiv>
            </TextLine>
            <TextLine id="r1l48" custom="readingOrder {index:47;}">
                <Coords points="1915,1951 2725,1985 2838,1947 2873,1981 3055,1987 3094,1930 1916,1908"/>
                <Baseline points="1927,1946 1984,1947 2042,1949 2100,1951 2157,1952 2215,1953 2273,1954 2330,1955 2388,1956 2446,1957 2504,1958 2561,1959 2619,1960 2677,1961 2734,1962 2792,1963 2850,1965 2907,1966 2965,1968 3023,1970 3081,1972"/>
                <TextEquiv>
                    <Unicode>Rollen mehr, als sie von ihnen bekommen. Sehr gut,</Unicode>
                </TextEquiv>
            </TextLine>
            <TextLine id="r1l49" custom="readingOrder {index:48;}">
                <Coords points="129,1998 410,1998 436,2014 636,1996 661,2012 739,2005 740,1974 592,1950 129,1960"/>
                <Baseline points="141,1992 170,1992 199,1991 229,1991 258,1991 287,1991 317,1992 346,1992 375,1992 405,1993 434,1993 463,1993 493,1994 522,1994 551,1994 581,1995 610,1995 639,1995 669,1995 698,1995 728,1995"/>
                <TextEquiv>
                    <Unicode>wie denn überhaupt die hier</Unicode>
                </TextEquiv>
            </TextLine>
            <TextLine id="r1l50" custom="readingOrder {index:49;}">
                <Coords points="749,2008 1905,2010 1905,1967 750,1954"/>
                <Baseline points="761,1995 817,1995 874,1995 930,1996 987,1996 1044,1997 1100,1998 1157,1999 1214,2000 1270,2000 1327,2001 1384,2002 1440,2003 1497,2004 1554,2004 1610,2005 1667,2005 1724,2005 1780,2006 1837,2005 1894,2005"/>
                <TextEquiv>
                    <Unicode>keit überkleidet er diese eigentlich grimmige Satire, schminkt</Unicode>
                </TextEquiv>
            </TextLine>
            <TextLine id="r1l51" custom="readingOrder {index:50;}">
                <Coords points="1910,1997 3077,2026 3078,1979 2918,1967 1911,1953"/>
                <Baseline points="1922,1993 1979,1995 2036,1996 2093,1998 2150,1999 2207,2000 2264,2001 2322,2002 2379,2003 2436,2003 2493,2004 2550,2005 2607,2005 2664,2006 2722,2007 2779,2008 2836,2009 2893,2011 2950,2012 3007,2013 3065,2015"/>
                <TextEquiv>
                    <Unicode>würdig und gemessen, Herr Devrient als Ormin, des¬</Unicode>
                </TextEquiv>
            </TextLine>
            <TextLine id="r1l52" custom="readingOrder {index:51;}">
                <Coords points="121,2056 406,2038 572,2055 614,2039 635,2060 731,2047 731,2002 502,2012 121,1987"/>
                <Baseline points="133,2037 162,2037 191,2037 221,2037 250,2037 280,2038 309,2038 338,2038 368,2038 397,2039 427,2039 456,2039 485,2040 515,2040 544,2040 574,2040 603,2040 632,2040 662,2040 691,2040 721,2040"/>
                <TextEquiv>
                    <Unicode>heiten etwas verworren sind.</Unicode>
                </TextEquiv>
            </TextLine>
            <TextLine id="r1l53" custom="readingOrder {index:52;}">
                <Coords points="732,2046 1903,2070 1903,2011 732,2021"/>
                <Baseline points="744,2041 801,2042 858,2043 916,2044 973,2044 1030,2045 1088,2045 1145,2046 1202,2046 1260,2047 1317,2047 1374,2047 1432,2048 1489,2048 1546,2049 1604,2049 1661,2050 1718,2050 1776,2051 1833,2052 1891,2052"/>
                <TextEquiv>
                    <Unicode>mit den hellsten Farben die naive Gemeinheit dieses Charak¬</Unicode>
                </TextEquiv>
            </TextLine>
            <TextLine id="r1l54" custom="readingOrder {index:53;}">
                <Coords points="1915,2041 2429,2066 2506,2034 2974,2080 3087,2051 3088,2004 1916,2016"/>
                <Baseline points="1927,2045 1984,2045 2041,2044 2099,2045 2156,2045 2214,2046 2271,2046 2328,2048 2386,2049 2443,2050 2501,2051 2558,2052 2615,2054 2673,2056 2730,2057 2788,2058 2845,2059 2902,2060 2960,2061 3017,2061 3075,2062"/>
                <TextEquiv>
                    <Unicode>gleichen Herr Gerasch als Bräutigam der verführten</Unicode>
                </TextEquiv>
            </TextLine>
            <TextLine id="r1l55" custom="readingOrder {index:54;}">
                <Coords points="126,2086 729,2106 730,2048 126,2048"/>
                <Baseline points="136,2083 165,2083 194,2083 223,2083 252,2083 281,2083 310,2083 339,2084 368,2084 397,2084 427,2085 456,2085 485,2086 514,2086 543,2087 572,2087 601,2088 630,2089 659,2089 688,2090 718,2091"/>
                <TextEquiv>
                    <Unicode>Schnitzlerisch. Vermutlich, ganz</Unicode>
                </TextEquiv>
            </TextLine>
            <TextLine id="r1l56" custom="readingOrder {index:55;}">
                <Coords points="738,2086 1902,2101 1858,2058 897,2044 850,2071 738,2043"/>
                <Baseline points="749,2088 806,2089 863,2090 920,2090 977,2091 1034,2091 1091,2092 1148,2092 1205,2092 1262,2092 1319,2093 1376,2093 1433,2093 1490,2094 1547,2094 1604,2095 1661,2095 1718,2096 1775,2097 1832,2098 1890,2099"/>
                <TextEquiv>
                    <Unicode>ters. Die Frau des Schauspielers nennt diesen einmal ein</Unicode>
                </TextEquiv>
            </TextLine>
            <TextLine id="r1l57" custom="readingOrder {index:56;}">
                <Coords points="1910,2086 3076,2114 3057,2064 2196,2039 2060,2073 1911,2041"/>
                <Baseline points="1920,2089 1977,2089 2034,2090 2091,2091 2149,2091 2206,2092 2263,2092 2320,2093 2378,2094 2435,2094 2492,2095 2549,2096 2607,2097 2664,2098 2721,2099 2778,2100 2836,2102 2893,2103 2950,2105 3007,2106 3065,2109"/>
                <TextEquiv>
                    <Unicode>Braut. Herr Romberg leiht dem abgeführten Liebhaber</Unicode>
                </TextEquiv>
            </TextLine>
            <TextLine id="r1l58" custom="readingOrder {index:57;}">
                <Coords points="127,2137 720,2147 720,2106 682,2095 639,2108 393,2084 359,2102 325,2086 265,2102 128,2090"/>
                <Baseline points="138,2130 166,2131 195,2131 223,2132 252,2133 280,2133 309,2134 337,2134 366,2134 394,2135 423,2135 452,2135 480,2135 509,2135 537,2135 566,2134 594,2134 623,2134 651,2134 680,2134 709,2134"/>
                <TextEquiv>
                    <Unicode>t wissen, begeht die Sünderin</Unicode>
                </TextEquiv>
            </TextLine>
            <TextLine id="r1l59" custom="readingOrder {index:58;}">
                <Coords points="1912,2135 3058,2175 3077,2115 1912,2088"/>
                <Baseline points="1922,2131 1979,2132 2036,2132 2093,2133 2150,2134 2207,2135 2264,2136 2322,2137 2379,2138 2436,2139 2493,2140 2550,2141 2607,2142 2664,2144 2722,2145 2779,2146 2836,2147 2893,2149 2950,2150 3007,2151 3065,2152"/>
                <TextEquiv>
                    <Unicode>des dritten Stückes einen komisch einfältigen Zug, was nicht</Unicode>
                </TextEquiv>
            </TextLine>
            <TextLine id="r1l60" custom="readingOrder {index:59;}">
                <Coords points="746,2140 1814,2168 1897,2160 1898,2117 747,2093"/>
                <Baseline points="757,2134 813,2135 869,2136 926,2137 982,2137 1039,2138 1095,2139 1151,2140 1208,2140 1264,2141 1321,2142 1377,2142 1433,2143 1490,2143 1546,2143 1603,2144 1659,2144 1715,2144 1772,2144 1828,2143 1885,2143"/>
                <TextEquiv>
                    <Unicode>Kind, und da ist es nun gar hübsch zu sehen, wie Herr</Unicode>
                </TextEquiv>
            </TextLine>
            <TextLine id="r1l61" custom="readingOrder {index:60;}">
                <Coords points="132,2185 727,2189 727,2146 696,2141 133,2135"/>
                <Baseline points="143,2176 171,2177 200,2178 228,2178 257,2179 286,2179 314,2180 343,2180 371,2180 400,2181 429,2181 457,2181 486,2181 514,2182 543,2182 572,2182 600,2182 629,2182 657,2182 686,2183 715,2183"/>
                <TextEquiv>
                    <Unicode>den Männern schreiben, wirft</Unicode>
                </TextEquiv>
            </TextLine>
            <TextLine id="r1l62" custom="readingOrder {index:61;}">
                <Coords points="735,2186 1756,2203 1872,2197 1900,2157 735,2143"/>
                <Baseline points="747,2180 804,2181 861,2182 918,2182 975,2183 1032,2184 1089,2184 1146,2185 1203,2186 1260,2186 1317,2187 1374,2187 1431,2188 1488,2188 1545,2189 1602,2189 1659,2190 1716,2190 1773,2191 1830,2191 1888,2191"/>
                <TextEquiv>
                    <Unicode>Walden den liebkosenden Vorwurf aufgreift und uns 'un¬</Unicode>
                </TextEquiv>
            </TextLine>
            <TextLine id="r1l63" custom="readingOrder {index:62;}">
                <Coords points="1919,2183 3077,2216 3077,2172 2903,2153 1920,2140"/>
                <Baseline points="1930,2177 1986,2179 2043,2181 2100,2183 2157,2183 2213,2185 2270,2186 2327,2186 2384,2187 2440,2188 2497,2188 2554,2189 2611,2190 2667,2190 2724,2191 2781,2192 2838,2194 2894,2195 2951,2197 3008,2199 3065,2202"/>
                <TextEquiv>
                    <Unicode>übel wirkt, und nicht vergessen sei Fräulein Kutschera,</Unicode>
                </TextEquiv>
            </TextLine>
            <TextLine id="r1l64" custom="readingOrder {index:63;}">
                <Coords points="140,2224 299,2240 463,2229 514,2250 604,2222 629,2241 727,2249 728,2195 605,2177 576,2193 140,2188"/>
                <Baseline points="150,2223 178,2223 206,2223 234,2223 263,2223 291,2223 319,2224 348,2224 376,2225 404,2226 433,2226 461,2227 489,2227 517,2228 546,2229 574,2229 602,2229 631,2230 659,2230 687,2230 716,2229"/>
                <TextEquiv>
                    <Unicode>Keinem. Worte lügen.“ Dies</Unicode>
                </TextEquiv>
            </TextLine>
            <TextLine id="r1l65" custom="readingOrder {index:64;}">
                <Coords points="731,2233 1900,2246 1851,2195 732,2201"/>
                <Baseline points="742,2228 799,2229 856,2229 913,2230 971,2231 1028,2231 1085,2232 1143,2232 1200,2232 1257,2232 1315,2233 1372,2233 1429,2233 1486,2233 1544,2233 1601,2234 1658,2234 1716,2235 1773,2235 1830,2236 1888,2237"/>
                <TextEquiv>
                    <Unicode>auffällig, mit einigen flüchtigen Zügen das Kind vorspielt.</Unicode>
                </TextEquiv>
            </TextLine>
            <TextLine id="r1l66" custom="readingOrder {index:65;}">
                <Coords points="1907,2234 2972,2261 3081,2213 1908,2181"/>
                <Baseline points="1918,2223 1975,2224 2033,2225 2090,2226 2148,2227 2205,2228 2263,2230 2320,2231 2378,2232 2435,2233 2493,2234 2551,2236 2608,2237 2666,2238 2723,2239 2781,2240 2838,2240 2896,2241 2953,2242 3011,2242 3069,2243"/>
                <TextEquiv>
                    <Unicode>die eine angehende Theaterelevin mit abgespickten Künstler¬</Unicode>
                </TextEquiv>
            </TextLine>
            <TextLine id="r1l67" custom="readingOrder {index:66;}">
                <Coords points="134,2282 612,2294 725,2278 725,2247 597,2222 564,2242 483,2243 135,2225"/>
                <Baseline points="145,2270 173,2270 201,2270 230,2270 258,2270 287,2270 315,2271 344,2271 372,2272 401,2272 429,2273 457,2273 486,2274 514,2274 543,2275 571,2275 600,2275 628,2276 657,2276 685,2275 714,2275"/>
                <TextEquiv>
                    <Unicode>nicht für die vielen treffenden</Unicode>
                </TextEquiv>
            </TextLine>
            <TextLine id="r1l68" custom="readingOrder {index:67;}">
                <Coords points="745,2280 1761,2300 1900,2292 1901,2247 745,2233"/>
                <Baseline points="755,2274 811,2274 868,2275 925,2275 981,2276 1038,2276 1095,2277 1151,2277 1208,2278 1265,2278 1322,2279 1378,2280 1435,2280 1492,2281 1548,2282 1605,2282 1662,2283 1718,2283 1775,2284 1832,2284 1889,2284"/>
                <TextEquiv>
                    <Unicode>Ein gefährliches Kind allerdings, das an dem Hause, wo</Unicode>
                </TextEquiv>
            </TextLine>
            <TextLine id="r1l69" custom="readingOrder {index:68;}">
                <Coords points="1918,2283 3033,2302 3076,2249 1918,2236"/>
                <Baseline points="1930,2271 1986,2271 2043,2272 2100,2273 2157,2273 2213,2274 2270,2275 2327,2276 2384,2277 2440,2279 2497,2280 2554,2281 2611,2282 2667,2283 2724,2285 2781,2286 2838,2287 2894,2288 2951,2289 3008,2290 3065,2291"/>
                <TextEquiv>
                    <Unicode>manieren sehr drollig auszustatten weiß. Der Abend war</Unicode>
                </TextEquiv>
            </TextLine>
            <TextLine id="r1l70" custom="readingOrder {index:69;}">
                <Coords points="128,2315 249,2340 285,2322 527,2339 615,2320 673,2341 722,2329 723,2295 128,2280"/>
                <Baseline points="140,2314 168,2315 197,2316 225,2316 254,2317 283,2318 311,2318 340,2319 368,2320 397,2321 426,2321 454,2322 483,2322 511,2323 540,2323 569,2323 597,2323 626,2323 654,2322 683,2321 712,2320"/>
                <TextEquiv>
                    <Unicode>verschwenderischer Hand aus¬</Unicode>
                </TextEquiv>
            </TextLine>
            <TextLine id="r1l71" custom="readingOrder {index:70;}">
                <Coords points="736,2319 1817,2348 1902,2337 1903,2299 736,2281"/>
                <Baseline points="746,2323 803,2322 860,2322 917,2321 974,2321 1032,2321 1089,2321 1146,2321 1203,2322 1260,2322 1318,2323 1375,2324 1432,2324 1489,2325 1546,2326 1604,2327 1661,2327 1718,2328 1775,2329 1832,2329 1890,2329"/>
                <TextEquiv>
                    <Unicode>sich unsere bürgerliche Sittenlehre wohnlich eingerichtet, alle</Unicode>
                </TextEquiv>
            </TextLine>
            <TextLine id="r1l72" custom="readingOrder {index:71;}">
                <Coords points="1914,2324 3034,2353 3081,2352 3082,2314 1915,2284"/>
                <Baseline points="1926,2317 1983,2317 2040,2318 2097,2319 2154,2319 2211,2320 2268,2321 2326,2322 2383,2323 2440,2324 2497,2325 2554,2326 2611,2328 2668,2329 2726,2330 2783,2331 2840,2332 2897,2333 2954,2334 3011,2336 3069,2337"/>
                <TextEquiv>
                    <Unicode>ein neuer Sieg für die Gesprächskunst des Burgtheaters, wie</Unicode>
                </TextEquiv>
            </TextLine>
            <TextLine id="r1l73" custom="readingOrder {index:72;}">
                <Coords points="123,2381 274,2367 531,2392 622,2357 639,2376 725,2381 721,2327 382,2338 288,2320 249,2340 124,2320"/>
                <Baseline points="134,2361 163,2362 192,2363 221,2363 250,2364 279,2365 308,2365 337,2366 366,2367 395,2367 424,2368 453,2368 482,2369 511,2369 540,2369 569,2370 598,2370 627,2370 656,2370 685,2370 714,2370"/>
                <TextEquiv>
                    <Unicode>harfen Beobachtungsgabe und</Unicode>
                </TextEquiv>
            </TextLine>
            <TextLine id="r1l74" custom="readingOrder {index:73;}">
                <Coords points="726,2381 1895,2381 1895,2343 1727,2330 726,2336"/>
                <Baseline points="738,2369 795,2369 852,2369 909,2369 967,2370 1024,2370 1081,2370 1139,2370 1196,2370 1253,2370 1311,2371 1368,2371 1425,2371 1482,2372 1540,2372 1597,2373 1654,2373 1712,2374 1769,2375 1826,2376 1884,2376"/>
                <TextEquiv>
                    <Unicode>Fenster einwirft, spielerisch, ohne Böses zu wollen oder auch</Unicode>
                </TextEquiv>
            </TextLine>
            <TextLine id="r1l75" custom="readingOrder {index:74;}">
                <Coords points="1917,2382 3003,2398 3076,2350 1918,2324"/>
                <Baseline points="1929,2366 1985,2367 2042,2368 2099,2369 2155,2369 2212,2370 2269,2371 2325,2371 2382,2372 2439,2373 2496,2373 2552,2374 2609,2375 2666,2376 2722,2376 2779,2377 2836,2378 2892,2380 2949,2382 3006,2383 3063,2385"/>
                <TextEquiv>
                    <Unicode>sie sich im letzten Jahrzehnt unter verschiedenen Einflüssen</Unicode>
                </TextEquiv>
            </TextLine>
            <TextLine id="r1l76" custom="readingOrder {index:75;}">
                <Coords points="118,2432 269,2412 697,2435 726,2431 727,2381 119,2376"/>
                <Baseline points="130,2409 159,2409 188,2409 217,2410 247,2410 276,2410 305,2411 335,2411 364,2412 393,2412 423,2413 452,2413 481,2414 510,2414 540,2415 569,2415 598,2416 628,2416 657,2417 686,2417 716,2418"/>
                <TextEquiv>
                    <Unicode>frenden Lebenskunde. Stofflich</Unicode>
                </TextEquiv>
            </TextLine>
            <TextLine id="r1l77" custom="readingOrder {index:76;}">
                <Coords points="732,2418 1869,2441 1888,2394 732,2380"/>
                <Baseline points="744,2413 800,2413 857,2413 913,2414 970,2414 1027,2414 1083,2415 1140,2415 1196,2416 1253,2416 1310,2417 1366,2417 1423,2418 1479,2418 1536,2419 1593,2419 1649,2420 1706,2420 1762,2421 1819,2421 1876,2421"/>
                <TextEquiv>
                    <Unicode>nur zu ahnen. Gerade das Unbewußte an dem Manne,</Unicode>
                </TextEquiv>
            </TextLine>
            <TextLine id="r1l78" custom="readingOrder {index:77;}">
                <Coords points="1901,2417 2991,2439 3079,2418 3080,2369 3005,2397 1902,2375"/>
                <Baseline points="1912,2412 1969,2413 2027,2413 2085,2414 2143,2415 2200,2415 2258,2416 2316,2417 2374,2418 2431,2418 2489,2419 2547,2420 2605,2421 2662,2422 2720,2423 2778,2424 2836,2426 2893,2426 2951,2428 3009,2429 3067,2431"/>
                <TextEquiv>
                    <Unicode>entwickelte. Sie hat leider einen gefährlichen Feind: das</Unicode>
                </TextEquiv>
            </TextLine>
            <TextLine id="r1l79" custom="readingOrder {index:78;}">
                <Coords points="117,2472 205,2464 272,2485 402,2465 528,2478 551,2462 674,2482 721,2471 722,2426 118,2416"/>
                <Baseline points="128,2455 157,2456 186,2457 215,2457 244,2458 273,2458 302,2459 332,2459 361,2459 390,2460 419,2460 448,2460 477,2460 506,2461 536,2461 565,2462 594,2462 623,2462 652,2463 681,2464 711,2464"/>
                <TextEquiv>
                    <Unicode>sonderlich schwer. Eine bewegte</Unicode>
                </TextEquiv>
            </TextLine>
            <TextLine id="r1l80" custom="readingOrder {index:79;}">
                <Coords points="741,2465 1838,2482 1890,2437 741,2417"/>
                <Baseline points="752,2458 808,2459 864,2460 921,2461 977,2462 1033,2462 1090,2462 1146,2463 1202,2463 1259,2464 1315,2464 1371,2464 1428,2465 1484,2465 1540,2465 1597,2465 1653,2466 1709,2466 1766,2467 1822,2467 1879,2468"/>
                <TextEquiv>
                    <Unicode>die Unschuld in seiner Schuld, gewinnt durch den Dar¬</Unicode>
                </TextEquiv>
            </TextLine>
            <TextLine id="r1l81" custom="readingOrder {index:80;}">
                <Coords points="1908,2473 2669,2460 3052,2502 3066,2430 1908,2421"/>
                <Baseline points="1918,2459 1974,2459 2031,2460 2088,2460 2145,2461 2202,2462 2259,2462 2315,2463 2372,2463 2429,2464 2486,2465 2543,2466 2600,2467 2657,2468 2713,2469 2770,2470 2827,2471 2884,2472 2941,2474 2998,2475 3055,2477"/>
                <TextEquiv>
                    <Unicode>Haus mit seiner unglückseligen Akustik. Es darf denn auch</Unicode>
                </TextEquiv>
            </TextLine>
            <TextLine id="r1l82" custom="readingOrder {index:81;}">
                <Coords points="124,2515 165,2498 225,2521 275,2508 373,2528 481,2505 582,2526 636,2507 694,2519 723,2511 724,2472 587,2479 551,2463 504,2483 405,2463 273,2486 199,2462 125,2468"/>
                <Baseline points="135,2504 163,2504 192,2504 221,2505 250,2505 279,2505 308,2506 337,2507 366,2507 395,2508 424,2509 452,2510 481,2510 510,2511 539,2511 568,2511 597,2511 626,2511 655,2511 684,2510 713,2510"/>
                <TextEquiv>
                    <Unicode>et man vergebens neben der</Unicode>
                </TextEquiv>
            </TextLine>
            <TextLine id="r1l83" custom="readingOrder {index:82;}">
                <Coords points="742,2519 1895,2518 1860,2470 742,2465"/>
                <Baseline points="754,2505 810,2505 867,2506 923,2506 980,2506 1036,2507 1093,2507 1149,2507 1206,2508 1262,2508 1319,2509 1375,2509 1432,2510 1488,2510 1545,2511 1601,2511 1658,2512 1714,2513 1771,2513 1827,2514 1884,2514"/>
                <TextEquiv>
                    <Unicode>steller überzeugenden Ausdruck. Und ganz besonders sind</Unicode>
                </TextEquiv>
            </TextLine>
            <TextLine id="r1l84" custom="readingOrder {index:83;}">
                <Coords points="1908,2510 3061,2530 3062,2480 2952,2472 1909,2474"/>
                <Baseline points="1920,2507 1976,2508 2033,2508 2089,2509 2146,2510 2202,2510 2259,2510 2315,2511 2372,2511 2428,2511 2485,2512 2541,2512 2598,2512 2654,2513 2711,2514 2767,2515 2824,2516 2880,2517 2937,2519 2993,2521 3050,2523"/>
                <TextEquiv>
                    <Unicode>in dieser modernen „Natürlichkeit", die das Halblaute,</Unicode>
                </TextEquiv>
            </TextLine>
            <TextLine id="r1l85" custom="readingOrder {index:84;}">
                <Coords points="731,2562 1893,2578 1894,2524 731,2512"/>
                <Baseline points="742,2548 799,2550 856,2551 913,2552 970,2554 1027,2554 1084,2555 1141,2556 1198,2556 1255,2557 1312,2557 1369,2557 1426,2557 1483,2557 1540,2558 1597,2558 1654,2558 1711,2558 1768,2559 1825,2559 1883,2560"/>
                <TextEquiv>
                    <Unicode>wir ihm für eines dankbar: er hat die letzte Spur von</Unicode>
                </TextEquiv>
            </TextLine>
            <TextLine id="r1l86" custom="readingOrder {index:85;}">
                <Coords points="129,2565 263,2590 413,2590 497,2565 546,2592 719,2580 720,2512 637,2506 585,2526 484,2506 327,2523 296,2505 130,2513"/>
                <Baseline points="140,2550 168,2551 196,2552 225,2552 253,2553 282,2555 310,2555 338,2556 367,2557 395,2558 424,2558 452,2559 480,2559 509,2560 537,2560 566,2560 594,2560 622,2560 651,2559 679,2559 708,2558"/>
                <TextEquiv>
                    <Unicode>dem Schauspielerstücke fesselt</Unicode>
                </TextEquiv>
            </TextLine>
            <TextLine id="r1l87" custom="readingOrder {index:86;}">
                <Coords points="1896,2554 3059,2569 3059,2533 2821,2514 1897,2509"/>
                <Baseline points="1908,2548 1967,2550 2027,2551 2087,2553 2147,2554 2207,2555 2267,2555 2327,2556 2387,2557 2447,2557 2507,2558 2567,2558 2627,2559 2687,2559 2747,2560 2807,2561 2867,2562 2927,2563 2987,2565 3047,2567"/>
                <TextEquiv>
                    <Unicode>Leichthingeworfene bevorzugt, kein Schritt weitergetan</Unicode>
                </TextEquiv>
            </TextLine>
            <TextLine id="r1l88" custom="readingOrder {index:87;}">
                <Coords points="732,2617 1881,2612 1881,2572 1805,2562 733,2561"/>
                <Baseline points="743,2599 799,2599 855,2600 911,2600 968,2600 1024,2601 1080,2601 1137,2601 1193,2602 1249,2602 1306,2602 1362,2603 1418,2603 1474,2604 1531,2604 1587,2605 1643,2605 1700,2606 1756,2606 1812,2607 1869,2608"/>
                <TextEquiv>
                    <Unicode>Selbstgefälligkeit ausgetilgt, läßt das Publikum in nichts</Unicode>
                </TextEquiv>
            </TextLine>
            <TextLine id="r1l89" custom="readingOrder {index:88;}">
                <Coords points="1897,2600 2439,2632 2652,2630 2702,2597 2843,2644 3040,2646 3071,2566 1897,2555"/>
                <Baseline points="1908,2596 1965,2597 2023,2599 2080,2600 2138,2601 2195,2602 2253,2602 2310,2603 2368,2603 2425,2603 2483,2604 2541,2604 2598,2605 2656,2605 2713,2606 2771,2607 2828,2608 2886,2609 2943,2611 3001,2613 3059,2615"/>
                <TextEquiv>
                    <Unicode>werden. Ein paar Sordinen mehr, und der weite Raum</Unicode>
                </TextEquiv>
            </TextLine>
            <TextLine id="r1l90" custom="readingOrder {index:89;}">
                <Coords points="1893,2656 1942,2652 1977,2676 2027,2652 2083,2655 2132,2679 2155,2664 2267,2675 2321,2654 2363,2675 2422,2663 2467,2677 2468,2632 2399,2606 1894,2606"/>
                <Baseline points="1904,2641 1931,2641 1959,2641 1986,2641 2014,2641 2042,2642 2069,2643 2097,2643 2124,2644 2152,2645 2180,2646 2207,2647 2235,2648 2262,2649 2290,2649 2318,2650 2345,2650 2373,2650 2400,2650 2428,2650 2456,2649"/>
                <TextEquiv>
                    <Unicode>verschluckt das ganze Stück.</Unicode>
                </TextEquiv>
            </TextLine>
            <TextLine id="r1l91" custom="readingOrder {index:90;}">
                <Coords points="742,2650 1639,2680 1736,2652 1805,2686 1886,2657 1886,2624 1761,2605 742,2605"/>
                <Baseline points="753,2647 809,2647 865,2646 921,2646 977,2646 1033,2646 1089,2646 1146,2646 1202,2647 1258,2647 1314,2648 1370,2649 1426,2649 1482,2650 1539,2650 1595,2651 1651,2651 1707,2652 1763,2652 1819,2651 1876,2651"/>
                <TextEquiv>
                    <Unicode>mehr vorlaut merken, daß er jetzt der interessante Schau¬</Unicode>
                </TextEquiv>
            </TextLine>
            <TextLine id="r1l92" custom="readingOrder {index:91;}">
                <Coords points="115,2656 194,2648 281,2670 301,2650 344,2664 445,2650 501,2668 539,2651 566,2669 674,2671 716,2667 717,2618 239,2579 215,2595 170,2572 116,2591"/>
                <Baseline points="126,2645 155,2645 184,2645 213,2646 242,2646 271,2647 300,2648 329,2649 358,2649 387,2650 416,2651 445,2652 474,2652 503,2653 532,2653 561,2653 590,2653 619,2652 648,2652 677,2650 706,2649"/>
                <TextEquiv>
                    <Unicode>en Titel hält der gemein¬</Unicode>
                </TextEquiv>
            </TextLine>
            <TextLine id="r1l93" custom="readingOrder {index:92;}">
                <Coords points="740,2711 778,2720 883,2696 912,2712 944,2693 1031,2716 1101,2699 1200,2699 1226,2715 1289,2703 1290,2671 1216,2652 740,2650"/>
                <Baseline points="750,2692 776,2691 802,2690 829,2690 855,2690 882,2689 908,2689 934,2689 961,2689 987,2690 1014,2690 1040,2690 1066,2691 1093,2691 1119,2692 1146,2692 1172,2693 1198,2694 1225,2694 1251,2695 1278,2695"/>
                <TextEquiv>
                    <Unicode>spieler des Burgtheaters ist.</Unicode>
                </TextEquiv>
            </TextLine>
            <TextLine id="r1l94" custom="readingOrder {index:93;}">
                <Coords points="120,2700 622,2717 665,2703 721,2720 721,2677 688,2663 567,2669 533,2651 488,2675 445,2648 385,2664 322,2650 282,2670 120,2657"/>
                <Baseline points="132,2693 160,2694 189,2695 218,2696 247,2696 276,2697 305,2697 334,2697 363,2698 392,2698 421,2698 449,2698 478,2698 507,2698 536,2698 565,2698 594,2698 623,2698 652,2698 681,2698 710,2698"/>
                <TextEquiv>
                    <Unicode>matische Kleeblatt zusammen.</Unicode>
                </TextEquiv>
            </TextLine>
            <TextLine id="r1l95" custom="readingOrder {index:94;}">
                <Coords points="1992,2711 3066,2735 3067,2654 1992,2675"/>
                <Baseline points="2002,2707 2054,2709 2107,2711 2159,2712 2212,2713 2265,2714 2317,2715 2370,2715 2423,2715 2475,2716 2528,2716 2581,2716 2633,2716 2686,2716 2739,2717 2791,2717 2844,2717 2897,2718 2949,2719 3002,2720 3055,2722"/>
                <TextEquiv>
                    <Unicode>Von dem übervollen Hause wurde das Schauspielerstück</Unicode>
                </TextEquiv>
            </TextLine>
            <TextLine id="r1l96" custom="readingOrder {index:95;}">
                <Coords points="109,2751 288,2745 304,2761 463,2742 593,2763 721,2743 721,2707 704,2702 109,2698"/>
                <Baseline points="120,2738 149,2739 179,2740 208,2742 238,2743 267,2744 297,2744 326,2744 356,2745 385,2745 415,2745 444,2745 474,2744 503,2744 533,2744 562,2744 592,2743 621,2743 651,2743 680,2743 710,2743"/>
                <TextEquiv>
                    <Unicode>len drei Stücken die führende</Unicode>
                </TextEquiv>
            </TextLine>
            <TextLine id="r1l97" custom="readingOrder {index:96;}">
                <Coords points="819,2748 1880,2765 1880,2711 1696,2696 819,2710"/>
                <Baseline points="830,2743 881,2745 933,2746 985,2748 1037,2749 1089,2749 1141,2750 1193,2750 1245,2751 1297,2751 1349,2751 1400,2751 1452,2751 1504,2751 1556,2751 1608,2751 1660,2752 1712,2752 1764,2753 1816,2754 1868,2755"/>
                <TextEquiv>
                    <Unicode>Neben Herbot behauptet sich, von Herrn Tiedtke</Unicode>
                </TextEquiv>
            </TextLine>
            <TextLine id="r1l98" custom="readingOrder {index:97;}">
                <Coords points="1906,2775 3068,2774 2986,2726 1906,2715"/>
                <Baseline points="1918,2752 1977,2755 2037,2757 2097,2758 2157,2759 2217,2760 2277,2761 2337,2762 2397,2762 2457,2762 2517,2763 2577,2763 2637,2763 2697,2764 2757,2765 2817,2765 2877,2767 2937,2768 2997,2770 3057,2773"/>
                <TextEquiv>
                    <Unicode>mit stürmischer Heiterkeit und brausendem Beifall, die beiden</Unicode>
                </TextEquiv>
            </TextLine>
            <TextLine id="r1l99" custom="readingOrder {index:98;}">
                <Coords points="130,2795 175,2807 204,2787 289,2806 388,2791 527,2811 622,2792 713,2811 714,2750 131,2746"/>
                <Baseline points="141,2784 169,2785 197,2787 225,2788 253,2789 281,2790 309,2790 337,2791 365,2791 393,2791 421,2791 449,2791 477,2791 505,2791 533,2791 561,2791 589,2791 617,2792 645,2792 673,2793 702,2794"/>
                <TextEquiv>
                    <Unicode>ist auch die Reihenfolge auf</Unicode>
                </TextEquiv>
            </TextLine>
            <TextLine id="r1l100" custom="readingOrder {index:99;}">
                <Coords points="726,2793 1879,2803 1879,2769 1758,2757 1507,2782 726,2753"/>
                <Baseline points="738,2789 794,2791 851,2793 907,2794 964,2796 1020,2797 1077,2798 1133,2798 1190,2799 1246,2799 1303,2800 1359,2800 1416,2800 1472,2800 1529,2800 1585,2800 1642,2800 1698,2801 1755,2801 1811,2801 1868,2801"/>
                <TextEquiv>
                    <Unicode>vortrefflich dargestellt, die gelungene Figur des Theater¬</Unicode>
                </TextEquiv>
            </TextLine>
            <TextLine id="r1l101" custom="readingOrder {index:100;}">
                <Coords points="1905,2809 3067,2831 3059,2770 1906,2760"/>
                <Baseline points="1917,2798 1974,2799 2031,2801 2088,2802 2145,2804 2202,2805 2259,2806 2316,2807 2373,2808 2430,2809 2487,2810 2544,2811 2601,2811 2658,2812 2715,2812 2772,2813 2829,2814 2886,2814 2943,2815 3000,2815 3057,2816"/>
                <TextEquiv>
                    <Unicode>anderen Einakter etwas kühler aufgenommen. Doch erwies</Unicode>
                </TextEquiv>
            </TextLine>
            <TextLine id="r1l102" custom="readingOrder {index:101;}">
                <Coords points="117,2838 689,2853 711,2844 712,2819 609,2791 528,2811 386,2791 117,2795"/>
                <Baseline points="128,2827 156,2830 185,2832 213,2833 242,2834 271,2836 299,2836 328,2837 356,2837 385,2837 414,2837 442,2837 471,2837 499,2837 528,2837 557,2837 585,2837 614,2837 642,2837 671,2837 700,2838"/>
                <TextEquiv>
                    <Unicode>den Arzt, Herbot den Mimen,</Unicode>
                </TextEquiv>
            </TextLine>
            <TextLine id="r1l103" custom="readingOrder {index:102;}">
                <Coords points="730,2847 1886,2849 1853,2804 731,2800"/>
                <Baseline points="742,2837 798,2838 855,2839 911,2840 968,2840 1025,2841 1081,2842 1138,2842 1194,2843 1251,2844 1308,2844 1364,2845 1421,2845 1477,2846 1534,2846 1591,2846 1647,2847 1704,2847 1760,2847 1817,2847 1874,2847"/>
                <TextEquiv>
                    <Unicode>direktors. Man kann sich diesen in Bitterkeit und Bosheit</Unicode>
                </TextEquiv>
            </TextLine>
            <TextLine id="r1l104" custom="readingOrder {index:103;}">
                <Coords points="1908,2862 3021,2872 3067,2812 1909,2806"/>
                <Baseline points="1920,2847 1976,2847 2033,2848 2090,2848 2147,2849 2203,2850 2260,2851 2317,2852 2374,2853 2430,2854 2487,2855 2544,2857 2601,2858 2657,2858 2714,2859 2771,2860 2828,2860 2884,2861 2941,2861 2998,2860 3055,2860"/>
                <TextEquiv>
                    <Unicode>sich das erfolgreiche Stück kräftig genug, um diesen anderen</Unicode>
                </TextEquiv>
            </TextLine>
            <TextLine id="r1l105" custom="readingOrder {index:104;}">
                <Coords points="111,2885 553,2899 593,2880 624,2903 676,2890 712,2908 713,2848 111,2843"/>
                <Baseline points="123,2877 151,2877 180,2877 209,2878 238,2878 267,2879 296,2880 324,2880 353,2881 382,2881 411,2882 440,2882 469,2882 498,2883 526,2883 555,2884 584,2884 613,2885 642,2885 671,2885 700,2885"/>
                <TextEquiv>
                    <Unicode>Er gliedert die Dreizahl ganz</Unicode>
                </TextEquiv>
            </TextLine>
            <TextLine id="r1l106" custom="readingOrder {index:105;}">
                <Coords points="733,2898 1888,2904 1889,2852 733,2846"/>
                <Baseline points="745,2889 801,2888 858,2887 914,2886 971,2886 1028,2886 1084,2887 1141,2887 1198,2888 1254,2888 1311,2889 1368,2890 1424,2891 1481,2892 1538,2892 1594,2893 1651,2893 1708,2893 1764,2893 1821,2893 1878,2892"/>
                <TextEquiv>
                    <Unicode>schwelgenden Mann anders gespielt denken, mit sprudelnder</Unicode>
                </TextEquiv>
            </TextLine>
            <TextLine id="r1l107" custom="readingOrder {index:106;}">
                <Coords points="1902,2902 2968,2928 3072,2877 1903,2864"/>
                <Baseline points="1913,2896 1970,2895 2027,2895 2084,2895 2142,2895 2199,2895 2256,2896 2314,2897 2371,2898 2428,2899 2486,2900 2543,2901 2600,2902 2657,2903 2715,2904 2772,2905 2829,2906 2887,2906 2944,2907 3001,2907 3059,2907"/>
                <TextEquiv>
                    <Unicode>als Stütze zu dienen. So endigte der Abend in angenehmster</Unicode>
                </TextEquiv>
            </TextLine>
            <TextLine id="r1l108" custom="readingOrder {index:107;}">
                <Coords points="107,2917 315,2949 338,2931 650,2948 715,2933 716,2892 635,2898 592,2879 534,2901 108,2883"/>
                <Baseline points="118,2924 147,2925 176,2925 205,2926 235,2926 264,2927 293,2927 323,2928 352,2928 381,2928 411,2929 440,2929 469,2930 498,2930 528,2931 557,2931 586,2932 616,2932 645,2933 674,2933 704,2933"/>
                <TextEquiv>
                    <Unicode>ie Unterschiede nachdrücklichst</Unicode>
                </TextEquiv>
            </TextLine>
            <TextLine id="r1l109" custom="readingOrder {index:108;}">
                <Coords points="723,2935 1881,2948 1881,2899 724,2896"/>
                <Baseline points="734,2935 790,2935 847,2935 904,2934 961,2934 1018,2934 1075,2934 1131,2934 1188,2934 1245,2934 1302,2934 1359,2934 1416,2935 1473,2935 1529,2936 1586,2937 1643,2938 1700,2939 1757,2940 1814,2941 1871,2943"/>
                <TextEquiv>
                    <Unicode>Suada, mit einschneidendem Sarkasmus. Herr Tiedtke paßt</Unicode>
                </TextEquiv>
            </TextLine>
            <TextLine id="r1l110" custom="readingOrder {index:109;}">
                <Coords points="1892,2956 3058,2974 3052,2904 2152,2923 1893,2891"/>
                <Baseline points="1903,2941 1960,2942 2017,2943 2074,2944 2131,2944 2189,2945 2246,2945 2303,2946 2360,2946 2417,2946 2475,2947 2532,2947 2589,2947 2646,2948 2703,2949 2761,2950 2818,2951 2875,2952 2932,2954 2989,2955 3047,2957"/>
                <TextEquiv>
                    <Unicode>Stimmung, ein Sieg für Dichter und Schauspieler, ein</Unicode>
                </TextEquiv>
            </TextLine>
            <TextLine id="r1l111" custom="readingOrder {index:110;}">
                <Coords points="122,2992 207,2980 297,3001 319,2981 445,2980 508,3001 564,2979 696,3003 723,2995 724,2934 122,2930"/>
                <Baseline points="134,2969 162,2971 191,2972 220,2974 249,2975 278,2976 307,2977 336,2978 365,2978 394,2979 423,2979 451,2979 480,2979 509,2979 538,2979 567,2979 596,2978 625,2978 654,2978 683,2977 712,2977"/>
                <TextEquiv>
                    <Unicode>immer ein anderer und immer</Unicode>
                </TextEquiv>
            </TextLine>
            <TextLine id="r1l112" custom="readingOrder {index:111;}">
                <Coords points="716,2983 2058,3024 2534,2974 716,2942"/>
                <Baseline points="728,2976 817,2978 907,2979 997,2981 1086,2982 1176,2983 1266,2984 1355,2985 1445,2986 1535,2986 1625,2987 1714,2988 1804,2988 1894,2988 1983,2989 2073,2989 2163,2990 2252,2990 2342,2990 2432,2990 2522,2991"/>
                <TextEquiv>
                    <Unicode>ihn seiner persönlichen Art an, gibt ehn mit seinem über= Wohlgefallen fün das Publikum.</Unicode>
                </TextEquiv>
            </TextLine>
            <TextLine id="r1l113" custom="readingOrder {index:112;}">
                <Coords points="2911,3019 2922,3019 2940,3033 2958,3035 2971,3024 2994,3028 3003,3020 3009,3022 3021,3015 3036,3018 3037,2961 2990,2970 2967,2954 2958,2959 2947,2959 2938,2950 2929,2949 2911,2954"/>
                <Baseline points="2922,3003 2948,3003 2974,3003 3000,3004 3026,3003"/>
                <TextEquiv>
                    <Unicode>W.</Unicode>
                </TextEquiv>
            </TextLine>
            <TextEquiv>
                <Unicode>N
box 32/1
26.1. Konoedie der orte zyklus
bungen, den Wer reich. Leerl.
ihn das Wort nicht aussprechen:
derselbe, die Aehnlichkeiten im Vorübergehen hervorzuheben.
legenen Phlegma, und indem er den Worten die Spitze ab¬
wigt als ein Mensch irgendeinen
Hier wie dort bewährt er sich als Meister der Rede. Sein
zubrechen scheint, bringt er sie manchmal, nicht immer, zu
ben diese Erniedrigung ist seine
Eckhold ist der Mann des verhaltenen Grolles, dessen Inneres
noch besserer Wirkung.
Gericht in festgefrorenem Zu¬
von dem einen Gedanken an Rache beherrscht wird. Die
peifel an der zehnjährigen Vor¬
Sprache gebraucht er wie widerwillig, nur um sein Geheim¬
Nach den Ehemännern die Ehefrauen. Sorgfältiger
gen gefunden. Kein erfreulicher
nis zu verschleiern. Bei ihm sind die Worte wirklich Ko¬
ausgearbeitet ist nur die Gattin des Arztes, die Frau, die
igen; der Dichter verlangt auch
mödianten, und gleichgültigen Inhalts, aus der Alltäglich¬
ihren Fehltritt so spät zu büßen hat. Frau Bleibtreu
den Mann, und er hat ihn,
keit hergeholt, gleiten sie über die Tiefe hin, wo seine Rache¬
spielt sie, wie nur sie die edlen Sünderinnen dieser Art zu
vergrämte Seele einpflanzte,
gedanken kochen. Das Unheimliche, Düstere, was die Gestalt
spielen vermag. Und was für eine Sprechkünstlerin ist sie
ndet. Merkwürdig, daß der Arzt
umwittert, bringt uns Waldens Darstellung sehr gut zum
auch in diesen farbloseren Rollen? Jedes Wort versteht man,
nicht kennt und einen Professor
Bewußtsein. Wortreicher, redefertiger, mehr nach Außen
selbst das ganz leise, das sich ihr, die Luft kaum bewegend,
kerkwürdiger, daß seine Frau
gerichtet, zeigt sich unser Künstler als Schriftsteller Staufner,
von den Lippen ablöst: Frau Medelsky und Fräulein
eben behauptet, während sie sich
der nur durch ihn lebensfähig wird. Am besten ist er
Wohlgemuth sind die beiden anderen Frauen. Es war
n hat. Ein, zwei, drei Männer
natürlich in dem Stück, wo ihm der Dichter am weitesten
da nicht viel zu holen. Die Künstlerinnen schenken ihren
sich nicht leicht zurecht im Ein¬
entgegenkommt, als Herbot. Mit all seiner Liebenswürdig¬
Rollen mehr, als sie von ihnen bekommen. Sehr gut,
wie denn überhaupt die hier
keit überkleidet er diese eigentlich grimmige Satire, schminkt
würdig und gemessen, Herr Devrient als Ormin, des¬
heiten etwas verworren sind.
mit den hellsten Farben die naive Gemeinheit dieses Charak¬
gleichen Herr Gerasch als Bräutigam der verführten
Schnitzlerisch. Vermutlich, ganz
ters. Die Frau des Schauspielers nennt diesen einmal ein
Braut. Herr Romberg leiht dem abgeführten Liebhaber
t wissen, begeht die Sünderin
des dritten Stückes einen komisch einfältigen Zug, was nicht
Kind, und da ist es nun gar hübsch zu sehen, wie Herr
den Männern schreiben, wirft
Walden den liebkosenden Vorwurf aufgreift und uns 'un¬
übel wirkt, und nicht vergessen sei Fräulein Kutschera,
Keinem. Worte lügen.“ Dies
auffällig, mit einigen flüchtigen Zügen das Kind vorspielt.
die eine angehende Theaterelevin mit abgespickten Künstler¬
nicht für die vielen treffenden
Ein gefährliches Kind allerdings, das an dem Hause, wo
manieren sehr drollig auszustatten weiß. Der Abend war
verschwenderischer Hand aus¬
sich unsere bürgerliche Sittenlehre wohnlich eingerichtet, alle
ein neuer Sieg für die Gesprächskunst des Burgtheaters, wie
harfen Beobachtungsgabe und
Fenster einwirft, spielerisch, ohne Böses zu wollen oder auch
sie sich im letzten Jahrzehnt unter verschiedenen Einflüssen
frenden Lebenskunde. Stofflich
nur zu ahnen. Gerade das Unbewußte an dem Manne,
entwickelte. Sie hat leider einen gefährlichen Feind: das
sonderlich schwer. Eine bewegte
die Unschuld in seiner Schuld, gewinnt durch den Dar¬
Haus mit seiner unglückseligen Akustik. Es darf denn auch
et man vergebens neben der
steller überzeugenden Ausdruck. Und ganz besonders sind
in dieser modernen „Natürlichkeit", die das Halblaute,
wir ihm für eines dankbar: er hat die letzte Spur von
dem Schauspielerstücke fesselt
Leichthingeworfene bevorzugt, kein Schritt weitergetan
Selbstgefälligkeit ausgetilgt, läßt das Publikum in nichts
werden. Ein paar Sordinen mehr, und der weite Raum
verschluckt das ganze Stück.
mehr vorlaut merken, daß er jetzt der interessante Schau¬
en Titel hält der gemein¬
spieler des Burgtheaters ist.
matische Kleeblatt zusammen.
Von dem übervollen Hause wurde das Schauspielerstück
len drei Stücken die führende
Neben Herbot behauptet sich, von Herrn Tiedtke
mit stürmischer Heiterkeit und brausendem Beifall, die beiden
ist auch die Reihenfolge auf
vortrefflich dargestellt, die gelungene Figur des Theater¬
anderen Einakter etwas kühler aufgenommen. Doch erwies
den Arzt, Herbot den Mimen,
direktors. Man kann sich diesen in Bitterkeit und Bosheit
sich das erfolgreiche Stück kräftig genug, um diesen anderen
Er gliedert die Dreizahl ganz
schwelgenden Mann anders gespielt denken, mit sprudelnder
als Stütze zu dienen. So endigte der Abend in angenehmster
ie Unterschiede nachdrücklichst
Suada, mit einschneidendem Sarkasmus. Herr Tiedtke paßt
Stimmung, ein Sieg für Dichter und Schauspieler, ein
immer ein anderer und immer
ihn seiner persönlichen Art an, gibt ehn mit seinem über= Wohlgefallen fün das Publikum.
W.</Unicode>
            </TextEquiv>
        </TextRegion>
    </Page>
</PcGts>
