3392 4352
2128 173 2574 276 box 32/6
1244 187 1303 256 W
272 183 1986 284 26.1. Kongedie der -orie—Zykius
948 540 1297 640 K . D. Me
387 508 783 705 Mlisee“
1790 560 3007 659 dereits sitt morgen naih Hamm Emigungsverhändllngen anberaumtt.
425 530 814 749 e
673 622 911 755 grse
433 600 862 795 en
2087 668 2712 763 Deutsches Theater.
1839 732 3016 811 F. E. Unter dem Jubelsturm seiner Gemeinde spielt Alerau¬
1803 790 3014 861 der Moissi in dem anmutigen Versspiel Schnitzlers den
399 812 955 881 DEKLANEABTOTTO DLEVER
1802 833 3013 907 „Paracelsus“ und in dem schwächeren Tolstoi „Erist an
443 869 950 924 FDLINWBT-KUIDFOREENSTD. 10
1800 877 3020 941 allem schuld“ den Wanderburschen. Er gibt hier wie dort seine
1801 918 3027 992 schönen Lyrismen, das eine Mal in dunkler Farbe, das andere Mal;
1802 955 3030 1046 mit etwas scharsem Auftragen in heller; und in Ernst und Scherz
461 937 1446 1054 ADOLF SCHUSTERM‘ NN
1795 1014 2420 1092 hat er seinen edlen Verkünderton.
382 1023 1506 1126 ZEITUNGSNACHRICHTEN-BUREAU
538 1096 1355 1177 BERLIN SO. 16, RUNGESTR 22-24
1857 1175 2384 1286 Jabeb-Lortt
466 1210 727 1298 Zeltung:
734 1250 1460 1371 Ren.Canvfer.
2026 1316 2385 1416 3.V. 2½
468 1326 730 1413 Advesse:
1062 1364 1486 1464 Mocjenzusgahe.
473 1441 711 1530 Datum:
2807 1481 3103 1576 —
662 1555 1242 1653 Komödie der Worte.
644 1602 1360 1725 Kammerspiele. (Vornotiz+ 7
531 1686 1437 1770 Albert Bassermann setzte sein Gastspiel
473 1750 1420 1808 in Arthur Schnitzlers rissig und löcherig gewor¬
471 1790 1415 1845 denen Einaktern „Komödie der Worte“ fort.
475 1829 1430 1890 Ueber die Vorstellung soll im Zusammenhang
480 1872 1415 1936 mit dem neuen Moissi=Abend ausführlich ge¬
475 1917 1419 1990 sprochen werden. Bassermann wurde mit Recht
478 1954 1429 2026 sehr gefeiert. Er war in drei Rollen herrlich.
1220 2006 1392 2088 H. Ih.
2568 2081 2791 2180 W
1286 2382 1609 2487 Nr. 121.
2732 2437 2986 2521 an
2258 2467 2758 2564 SS A
1145 2468 1743 2556 Zweites Beiblatt.
2035 2621 2923 2709 Junker Anselm, die von irgend einem Epigonen
1193 2627 1954 2765 Moissi in Schnitzlers
2034 2699 2911 2758 sein könnten? Gereizt hat ihn nur Paracelsus.
2039 2744 2922 2798 der Wundermann, der die Grenzen zwischen
2041 2784 2922 2847 Traum und Wirklichkeit zerstörende Puppen¬
1303 2746 1829 2884 „Paracelius.“
2046 2829 2922 2892 spieler, der Dichter (eine Skizze statt einer aus¬
1187 2851 2012 2941 Auch Moissis Gastspiel im Deutschen
2045 2881 2917 2943 geführten Gestalt). Und schon ist, mit Anatol¬
1129 2888 2017 2986 Theater bringt wieder eine Neueinstudierung.
2041 2921 2918 2981 Reminiszenzen verbunden („die Frage an das
1125 2965 2024 3023 Er gibt seinen Landstreicher in Tolstois nach¬
2043 2964 2922 3022 Schicksal"), die ganze Psycho=Analyse der neueren
1131 3012 2023 3064 gelassenen Szenen gegen den Alkohol „Er ist
2041 3016 2918 3080 Wiener Aerzteschule darin. Moissi tritt hier
1120 3054 2021 3098 an allem schuld.“ Seinen schnurrigen,
2032 3052 2927 3122 nochmals in Kainzsches Bereich ein. Er wirkt
1119 3088 2020 3141 leisen Gast an der Ofenbank, den höflichen Ka¬
2035 3107 2925 3165 als der Zauberer Paracelsus durch die leuch¬
1134 3142 2012 3178 valier mit der enormen Künstlerkrawatte, der
2039 3151 2913 3214 tende Kraft großer Magieraugen und ein¬
1134 3181 2017 3247 in seiner verhungerten Bettelarmut aussieht halt
2036 3184 2917 3256 melancholisch=heitere Entrücktheit, und er spricht
1125 3229 2028 3282 wie ein Dorfschneider, halb nach einem Wander¬
2037 3240 2922 3288 die schönen Abschiedsworte, in denen die Summa
1123 3272 2020 3323 zirkus. Eine Figur von stillem Bohemehumor,
2043 3284 2920 3351 von Schnitzlers Welt ist, mit gesammelter Kunst.
1131 3312 2014 3373 noch lustiger in ihrer Schelmerei als damals;
2034 3339 2915 3393 Die Rollen neben der seinen sind besetzt, wie es
1129 3351 2014 3407 und doch berührt sie durch einen Zug von ver¬
2032 3383 2928 3444 die Personalverhältnisse des Saisonendes erlau¬
1122 3400 2014 3471 klärender Traurigkeit sich mit einem anderen
2037 3431 2913 3489 ben. Durchaus angenehm ist die weibliche Part¬
1134 3436 2024 3501 „Gewesenen“ Moissis, mit dem „lebenden Leich¬
2036 3472 2847 3549 nerin, Fräulein Stobrava als Justina.
1131 3487 2023 3566 nam" Fedja, wenn er im Wirtshaus seine Ge¬
2720 3521 2882 3591 P. W.
1134 3526 1446 3591 schichte erzählt.
1186 3564 2029 3630 Tolstois Traktat folgt auf Schnitzlers
2271 3595 2689 3679 Ungleiche Eltern.
1139 3624 2027 3682 „Paracelsus“, den Moissi schon in Wien
2092 3650 2929 3726 Einen sehr merkwürdigen Alimentenprozeß
1125 3670 2017 3728 dargestellt hat. Es ist der vergessene Einakter,
2037 3702 2922 3756 hatte dieser Tage das Gericht in London zu ent¬
1134 3688 2042 3769 der dem „Grünen Kakadu“ vorangeht. Butze.¬
2046 3749 2215 3799 scheiden.
2206 3755 2919 3803 Ein 18jähriges Mädchen hatte den
1129 3756 2028 3799 scheiben, Spinnrocken, Zinnbecher und Luther¬
2045 3785 2923 3841 Vater ihreo Kindes verklagt, weil er den ge¬
1128 3798 2025 3843 stühle. Kleine Versdramatik im Stil der „deut¬
2048 3825 2924 3868 setzlichen Beitrag für den Unterhalt des gemein¬
1134 3843 2015 3896 schen Renaissance.“ Sie gehört zu dn schwäche¬
2048 3866 2917 3923 samen Sprößlings nicht zahlte. Als der Beklagte
1128 3877 2017 3940 ren Teilen von Schnitzlers Werk. Denn was hatte
2042 3901 2918 3953 vor Gericht erschien, wollten die Richter zuerst an
1139 3924 2020 3991 er mit solcher Stafsage zu tun, mit diesem Baseler
2035 3941 2929 3984 einen schlechten Scherz glauben. Der glückliche
1125 3970 2941 4039 Ratsherrn Cyprian, dessen Weib Justina, diesem] Vater war nämlich nicht weniger als 80 Jahre
