3392 4352
2187 194 2635 303 box 32/1
324 195 2047 308 26 1 Kongedie der Norte zuklus
879 852 2641 971 nens“ und in jedem spielt der Mann siegreich seine „große Szene“. Es
879 937 2634 1016 ist erstaunlich, wie viele tief geschaute und schmerzlich empfundene Dinge
889 1007 2645 1089 unter diesem in Geist und Anmut schimmernden Dialog verborgen liegen; wie
892 1049 2639 1131 alles, was zuerst irgendwie konstruiert darin scheint, gesetzmäßig und mensch¬
883 1110 2656 1187 lich wahr wird, wenn man diesen Dingen nachgräbt; wie schwer beladen von
888 1169 2641 1251 Erkenntnis und Erlebnis diese scheinbar so leicht und mühelos bewegten Komö¬
887 1226 2643 1309 dien sich dem Näherblickenden entschleiern. Wobei auch ihr einziger „Feh¬
892 1279 2659 1384 ler“ offenbar wird: man sollte sie gleich zum zweiten oder dritten Mal gesehen
899 1370 1368 1439 oder gelesen haben.
1018 1395 2644 1482 Die Aufführung war fast durchweg auf außerordentlicher Höhe. Harry
902 1473 2660 1539 Walden spielt die drei männlichen Hauptrollen mit unglaublicher Bravour,
901 1525 2660 1597 niemals um selbstgefällige „Effekte“ bemüht, mit schöner Haltung und wirkli¬
907 1585 2660 1663 chem Takt. Als Dr. Eckold gallig, mit der subalternen, hämischen Bosheit
908 1648 2659 1721 des Nichtarrivierten und doch mit einem Unterton von Unseligkeit, von zer¬
898 1714 2658 1786 tretener Güte, und dann mit der gleichsam sachlichen Grausamkeit eines Vi¬
916 1748 2665 1830 visektors; als Herbot hinreißend liebenswürdig und glänzend, knabenhaft eitel,
902 1806 2667 1904 famos aus Unechtheit und künstlerischer Selbstbeherrschung gemischt; als
914 1867 2663 1943 Felix Staufner überlegen, sprudelnd, nicht ohne heitere Tücke und durchaus
904 1955 2664 2034 glaubhaft in seiner intellektuellen Sicherheit. Prachtvoll ist Devrient als
906 1991 2665 2059 Ormin; in jedem seiner leisen, vornehmen, von Weisheit erfüllten Worte einer,
913 2058 2671 2127 der in Ruhm und äußerem Glück sein Leben versäumt hat. Frau Bleibtren
903 2108 2670 2186 ist als Klara vielleicht etwas zu massiv, ihr Ernst, ihre Würde und ihre klare
909 2163 2671 2247 Rede geben der Gestalt mehr Festigkeit, als der Dichter es wohl dachte. Frau
920 2223 2673 2317 Medelsky, auch hier die unmittelbarste, ergreifendste, empfindungsstärkste
913 2281 2667 2365 Künstlerin, die die deutsche Bühne jetzt hat, ist als Frau des Schauspielers
921 2340 2670 2424 manchmal schwer und schleppend, aber sie hat Momente von erschütternder
928 2387 2677 2494 Innigkeit und Gefühlswahrheit. Fräulein Wohlgemuth kommt der Figur
926 2449 2677 2550 der Schriftstellersgattin überhaupt nicht nahe, ist viel zu unbeweglich und für
921 2515 2686 2596 so flüchtig vorhuschende scelische Schattierungen viel zu starr in all ihrer
919 2569 2688 2663 blonden Schönheit. Menschlich wahr, fest, in famoser Haltung, rechtschaffen,
920 2639 2678 2709 männlich bewegt und offen spielt Herr Gerasch, einfach und glaubhaft
924 2678 2679 2766 wie nur selten zuvor, den betrogenen Bräutigam des zweiten Stückes. Sehr
935 2758 2675 2830 artig ist Frl. Kutschera mit allen Frechheiten der angehenden Schauspie¬
936 2814 2681 2905 lerin; köstlich Herr Romberg als sportlich vergnüglicher, aber geistig ver¬
934 2873 2677 2953 sagender, aufgebrachter und immer wieder gedämpfter Liebhaber; von höch¬
943 2918 2686 3010 ster Komik und zum Aufschreien echt Herr Baumgartner als Salzburger
942 2979 2682 3079 Bahnhofsportier, und sehr anziehend und gütig im Ton, wenn auch wiederum
939 3063 2684 3144 abseits von der eigentlichen dichterischen Gestalt, Herr Tiedtke als The¬
933 3119 1257 3204 aterdirektor.
1053 3155 2694 3231 Der Erfolg war der schönste, der sich denken läßt. Am Abend der Erst¬
942 3212 2693 3294 aufführung warm, herzlich, voller Zeichen der Liebe für den Dichter, dessen
940 3268 2707 3358 Wesen und Schaffen allen teuer geworden ist. Aber erst hinterher, bei den
1752 3356 1888 3439 793
