3392 4352
2084 249 2549 346 box 32/4
230 259 1960 352 26. 1. Konoedie der Norte zyklus
1656 721 2874 806 aus einem Kreise liebenswürdig leichtsinniger und pump¬
1659 782 2882 858 freudiger, junger Lsiziere, die für den Ernst friderizianischer
1659 834 2879 897 Zeit ihre Schwerenötereien etwas weit treiben, zeigt in
1644 881 2883 927 Speyers Bearbeitung unzweifelhaft Merkmale eines
1653 916 2876 972 Talentes, das bei richtiger Führung eine gute Entwicklung
1645 967 2880 1011 verspricht. Die Aufführung erwies sich nicht in allen Rollen
1658 1004 2882 1062 tadellos. Mit Auszeichnung verdienen die Herren Gerdes
1645 1048 2876 1130 und Weydner und Fräulein Nicoletti genannt zu
1644 1086 1846 1158 werden.
1746 1120 2874 1191 Dafür hat sich das Schauspielhaus mit der Erstauffüh¬
1655 1166 2874 1245 rung in Deutschland von Hans Saßmanns drei Akten
1653 1230 2876 1290 „Der Retter“ ein unbestreitbares Verdienst um den jungen
1656 1274 2882 1331 Dichter und sein Werk erworben. Die Aufführung war in
1651 1306 2883 1372 allen Teilen vorzüglich und veranschaulichte bestens den Sinn
1653 1360 2872 1419 dieser Tragikomödie, in der das Tragische freilich von einem
1651 1404 2872 1451 solchen Schwergewicht, daß dagegen das Komische und Lust¬
1651 1438 2876 1488 same kaum in die Wagschale fällt. Es ist ein bitterböser
1653 1489 2875 1539 Einzelfall vom Sieg des bewußt und gewollt Bösen über das
1645 1530 2870 1583 Gute, ein Schulbeispiel vom moralischen Recht, das Nietzsche
1651 1578 2870 1628 in seiner Machtethik dem Starken über den Schwachen ein¬
1653 1611 2865 1665 räumt. Der Dichter Hans Saßmann (wir wollen uns
1654 1655 2875 1715 seinen Namen merken) läßt den Wohltäter an dem geretteten
1651 1704 2872 1734 Selbstmörder durch komische Selbstverblendung unbarm¬
1645 1734 2873 1804 herzig zugrunde gehen. Es ist ein trauriges Stück, gewiß,
1651 1783 2874 1840 aber doch von tragischer Wucht und zugleich eine heilsame
1649 1819 2868 1879 Lehre für alle, die in ihrer Uebergüte und Ueberfriedlichkeit
1655 1868 2878 1928 nicht müde werden, ihrem grundsätzlichen Feinde immer
1652 1905 2871 1976 wieder goldene Brücken zu bauen. Darstellerisch klebt diesem
1641 1952 2875 2004 Drama leicht etwas Kinohaftes an, wenn im Zeitmaß und
426 1908 1626 2036 Münchener Ar= und Erstaufführungen.
1643 2005 2875 2066 in betonter Hervorhebung (Tempo und Dynamik) nicht alles
523 2028 1629 2083 Unter den Uraufführungen der letzten Tage haben die
1655 2046 2879 2117 so gut getroffen wird, wie bei dieser wohlgeratenen Erst¬
437 2061 1640 2122 Münchener Kammerspiele mit den vier Akten von dem bisher
1646 2083 2872 2146 aufführung im Münchener Schauspielhause. Treffliche
450 2112 1637 2165 dramatisch noch unbescholtenen Schweizer Robert
1650 2134 2874 2198 Leistungen boten die Herren Weydner, Heller und
452 2152 1629 2215 Forster=Larrinaga „Der Floh im Panzerhaus“ den
1651 2175 1985 2235 Burghardt.
451 2197 1634 2253 Vogel abgeschossen. Zum Erstaunen der Tier= und Theater¬
1728 2208 2864 2279 Im königlichen Residenztheater hat die Erstaufführung
455 2238 1632 2309 freunde, die auch in dieser kriegerisch schwer belasteten Zeit
1632 2240 2869 2318 der drei Einakter „Komödie der Worte“ von Artur
451 2286 1632 2351 sich noch ein gutes Maß von Unbefangenheit zu bewahren
1642 2303 2860 2366 Schnitzler besonders durch die Besetzung gefesselt, als
441 2331 1639 2398 gewußt, haben Zensur und Kritik allzuviel Insektenpulver
1647 2357 2862 2393 veranschaulichter Inhalt eines durch wienerisches Tempera¬
441 2373 1631 2438 ihrem Urteil beigemischt und dieser tiefsinnigen Schwank¬
1639 2391 2867 2443 ment dramatisch gestalteten Lebensausschnittes wenig auf¬
443 2421 1628 2469 geschichte von dem Floh, der nur im Traum und in den Juck¬
1654 2440 2858 2494 regend gewirkt. Schnitzlers Kunst wird in München haupt¬
446 2469 1632 2527 empfindungen einiger Sonderlinge auf der Bühne erscheint
1642 2480 2868 2541 sächlich als die des gelftootten, hümorigen, aber etwas weichen
436 2513 1628 2567 und in dieser mehr mythischen als mystischen Gestalt allerlei
1642 2510 2863 2591 Plauderers gewürdigt. Alles, was sich in Gesprächsform
445 2548 1629 2612 gesunden Unfug anrichtet, das Leben ungebührlich erschwert.
1651 2572 2857 2617 unterhaltsam im guten Stubenton ausdrücken läßt, ist bei
437 2608 1627 2655 Zum Glück für den Schwankdichter und seine Kammerspieler
1648 2613 2855 2677 diesen Wortkomödien hell und einleuchtend, wo sie tiefere
447 2635 1632 2701 haben die Leute im Theater dieser „Schicksals=Groteske“ vom
1642 2659 2864 2713 Konflikte andeuten oder gar ausschöpfen wollen, wirken sie
448 2674 1629 2739 Floh, der in der Blechbüchse des Insektenprofessors längst das
1641 2702 2860 2772 unwahrscheinlich und unzulänglich. Herr Steinrück hatte,
435 2726 1633 2790 Hupfen verlernte, das notwendige heitere Verständnis ent¬
1649 2740 2866 2802 sich als Spielleiter gleich in allen drei Einaktern die führende
443 2767 1632 2818 gegengebracht und dem witzigen Stück eine sehr beifällige,
1647 2789 2864 2851 Rolle vorbehalten und damit der Schnitzlerschen Kunst eine
434 2809 1628 2869 ja fast begeisterte Aufnahme bereitet. Vor Beginn und nach
1637 2830 2859 2882 starke Nachhilfe ins Kraftvolle, Große geleistet. Neben ihm
437 2860 1631 2916 Schluß des Spieles erschienen die Darsteller einen Augenblick
1632 2867 2860 2932 bekam ein junger Gast von ungewöhnlichem Talent, Wal¬
441 2904 1626 2953 als Marionetten, die an dicken Schnüren von der Decke herab¬
1644 2915 2855 2969 ter Janßen aus Frankfurt, Gelegenheit, die Reihe seiner
432 2928 1626 3004 hängen, in geheimnisvolles, weißblaues Licht getaucht. Dazu
1636 2958 2855 3008 Vorzüge, die er seit Wochen im königlichen Hofschauspiel zum
434 2982 1625 3046 spielte ein verstimmter Leierkasten in den Kulissen das
1635 3003 2856 3067 Entzücken aller Kunstfreunde zeigt, mit einigen neuen ein¬
438 3021 1629 3084 alte Volkslied „Freut euch des Lebens, weil noch das Lämp¬
1628 3044 2858 3102 drucksamen Lichtern auszustatten in der Rolle des naiven
436 3077 1623 3118 chen glüht“ — die biedere Weise, die die ganze Moral des
1647 3082 2849 3136 Liebhabers im mittleren und besten der drei Einakter („Die
443 3108 1634 3160 Stückes ansprechend vertont. Heraus aus dem Panzerturm
1643 3130 2865 3195 große Szene"). Mit einer unvergleichlichen Feinheit hat
435 3147 1626 3225 der Lebensschwächlinge und hinein in Kampf und Sieg der
1645 3167 2856 3233 Jaußen die dramatischen Linien des Schnitzlerstils nach¬
427 3190 1619 3257 Lebenstüchtigen! Die Darstellung unter Erich Ziegels
1642 3220 2855 3276 gezeichnet. Damit die Kritik sich ein Urteil über den weiten
435 3237 1631 3285 Leitung hat das Allzupossenhafte vermieden und eine gute
1642 3264 2849 3311 Umfang dieser seltenen schauspielerischen Begabung zu bilden
430 3278 1626 3350 künstlerische Mittellinie zwischen Ernst und Ausgelassenheit
1633 3308 2837 3351 vermöge, hat die Hoftheaterleitung noch einen zweiten Ein¬
430 3327 1626 3397 eingehalten. Die Darsteller durften sich mit dem Verfasser in
1635 3349 2848 3399 akterabend aus Goethes „Die Geschwister“ Lienhards „Der
425 3366 1020 3434 zahlreiche Hervorrufe teilen.
1645 3373 2835 3438 Fremde“ und Stefan Zweigs „Der verwandelte Komödiant“
510 3409 1618 3477 Weniger von Glück und Verdienst begünstigt erwies sich
1635 3437 2848 3490 (Erstaufführung) zusammengestellt. In jedem dieser drei
434 3455 1619 3519 die Uraufführung der vier Akte von dem blutjungen Schrift¬
1635 3470 2859 3538 nach Ton und Temperament so verschiedenen kleinen Dramen
440 3507 1619 3560 steller Wilhelm Speyer „Gnade“ im Schauspielhause
1640 3525 2852 3570 erschien Walter Janßen in der Hauptrolle und spendete mit
437 3553 1634 3632 unter der Leitung des Herrn Stollberg. Der Verfasser hat
1631 3563 2846 3626 hinreißender jugendlicher Spiellust aus der Fülle seiner Be¬
430 3599 1629 3670 als tapferer Feldgrauer der Darstellung seiner frischen, fröh¬
1642 3604 2840 3655 gabung. Hoffentlich wird er sich bald als würdiges Glied
427 3643 1620 3701 lichen Jugendarbeit, die er „ein deutsches Spiel vom Vor¬
1628 3650 2842 3691 des Münchener Hofschauspiels den ersten Kräften deutscher
434 3681 1626 3746 abend des Siebenjährigen Krieges nennt“, und in begeister¬
1627 3688 2846 3736 Menschendarstellungskunst anreihen. Neben Herrn Janßen
423 3727 1614 3793 ten vaterländischen Hurrarufen ausklingen läßt, persönlich
1631 3738 2842 3790 zeigten sich zwei andere jugendliche Begabungen, Fräulein
428 3763 1615 3833 beigewohnt. Sein eigener Eindruck wird ihm gesagt haben,
1628 3781 2852 3826 Bierkowski als Marianne im Goetheschen und Fräulein
433 3817 1621 3878 was er in späteren Werken noch alles zu leisten hat, um den
1636 3821 2843 3873 Wimplinger als Kunigunde im Lienhardschen Einakter,
432 3847 1617 3902 freundlichen Beifall zu rechtfertigen, den er für seinen
1620 3861 2846 3927 von ihrer besten Seite und erfreuten sich des Beifalls des
414 3897 2059 3959 dramatischen Erstling geerntet. Die dramatisierte Anekdote vollbesetzten Hauses.
2354 3905 2816 3966 M. G. Conrad.
