3392 4352
-16 2778 78 2836 eit
290 180 2614 288 26.1. Konoedie der Norte zyklus box 32/2
216 1005 780 1112 Frankfurter Zeitung
269 1079 715 1172 Frankfurt a. M.
2058 1268 3220 1319 launig den ehekuppelnden Theaterdirektor. Die Regie — unter¬
881 1270 2035 1328 wirkt die „Große Szene", der zweite Einakter, so viel
2055 1311 3211 1363 schiedlich: im Heiteren behend und frisch, im Ernsten zu ge¬
895 1313 2034 1361 echter und natürlicher, weil die Umgebung dem Problem die
2038 1346 3209 1401 dehnt. Das letzte Stück war im Tone verfehlt, der Gatte viel
889 1350 2042 1405 richtige Grundlage gibt. Die liebe kleine bürgerliche Frau
186 1291 647 1425 ue Schnikler.
896 1390 2038 1442 des großen Schauspielers kommt, nachdem die Untreue des
2040 1385 3196 1438 zu tragisch und beschwert. Der Beifall war stark; besonders
183 1394 837 1472 rte“, Einakterfolge von Arthur
899 1426 2038 1479 großen Gatten sie für einige Wochen aus ihrer Häuslichkeit
2049 1436 3205 1494 nach dem zweiten Stuck. Direktor Hellmer dankte im Namen
184 1454 835 1523 ufführung im Frankfurter
891 1465 2035 1519 vertrieben hat, zurück. Halb versöhnt, glaubt sie sich mit ihrem
3000 1465 3164 1529 H. S.
2057 1465 2315 1533 des Autors.
188 1505 664 1571 eatersam 12. Oktober.
890 1507 2037 1565 Schicksal abgefunden zu haben, unterstützt durch die Beschwich¬
888 1544 2038 1594 tigungen des sich um die Seelenruhe seines ersten Helden
2391 1534 3163 1609 e Darmstadt, 12. Oktober. (Priv.=Tel.)
185 1541 871 1623 tut, aber über die man nicht spricht.
885 1587 2030 1630 sorgenden Thraterdirektors. Da naht der zu der letzten
186 1607 884 1658 hne. Was aus der Tat geboren ist,
2106 1601 3196 1664 Die Darmstädter Uraufführung im Hoftheater,
893 1624 2038 1670 kleinen Eheirrung gehörige Bräutigam. Große Szene zwi¬
197 1643 877 1704 sein, aber als Inhalt einer Ueber¬
2049 1642 3214 1688 die gleichzeitig mit der in Frankfurt vor sich ging, fand ge¬
892 1655 2046 1702 schen den Beiden, in der der edle Verführer durch meisterhaftes
187 1681 887 1732 metes, nicht gelebtes Experiment
2063 1684 3207 1741 mäßigten Beifall. Der Gesamteindruck war schwächer als
900 1696 2036 1748 Spiel, duuck halbe Wahrheiten, die ooppelte Lügen sind, den
195 1712 883 1772 Das wurde Schnitzler, der die
2061 1714 3208 1785 bei den früheren Arbeiten Schnitzlers. Erst im letzten Ein¬
888 1732 2033 1787 Bräutigam zu beschwichtigen versteht. Die liebe kleine bürger¬
200 1758 883 1814 e“ schreiben wollte, zur Tragödie.
2055 1765 3205 1828 akter schien sich eine Verbindung von Nervenanalyse, Seelen¬
890 1774 2035 1836 liche Frau des großen Schauspielers hat „hinter der Szene“
202 1779 888 1860 und künstlerisch ernsthaftesten der
2059 1805 3207 1854 oberfläche und Lebensironie zusammenzufinden. Die Dar¬
894 1809 2031 1861 zugehört und ist über diese Abgründe der Verlogenheit so ent¬
194 1826 880 1888 ens. Er wonte die Unzulänglichkeit
2062 1839 3207 1891 stellung suchte den Ansprüchen des subtilen Tons gerecht zu
886 1856 2037 1907 setzt, daß sie von Neuem zu gehen beschließt. Aber Er erscheint,
188 1867 875 1924 Schweigens beweisen, und fand für
2062 1870 3218 1936 werden, verfehlte jedoch manchmal das Tempo. Erwähnt
886 1889 2030 1941 schon im Kostüm, und verlangt, im Grunde sehr stolz über
217 1905 874 1951 Ein Ehepaar im etwa 20. Jahre
2056 1920 3221 1989 seien Herr Harprecht, Frau Meißner und Frl. Pils,
896 1930 2041 1981 seine schauspielerische Leistung gegenüber dem Gehörnten,
199 1952 873 1997 Freund, dem die stille, tugendhafte
900 1949 2042 2012 stürmisch nach der Gattin, die er nun einmal als ruhenden
2436 1965 3168 2042 G Wien, 12. Oktober. (Priv.=Tel.)
213 1990 888 2039 i eröffnet, daß die Ergebnislosigkeit
893 2010 2038 2056 Punkt in der Erscheinungen Flucht in der Loge wissen will.
194 2029 875 2084 Grund darin hatte, daß sie ihn liebte
2117 2017 3207 2091 Schnitzlers Einakterserie machte hier dank der Meister¬
887 2042 2034 2108 Und — sie bleibt. Das Ganze keine tiefer schürfende Weisheit,
192 2061 875 2109 ern (oh sonderbare Frauen!) einem
2058 2061 3200 2134 schaft in der Entwicklung des psychologischen Fili¬
887 2085 2035 2137 aber ein lustiges, kleines und vor allen Dingen wirksames
223 2100 875 2155 daran anschließend Auseinander¬
2062 2119 3198 2172 grangewebes auch auf jenen Teil des Publikums
902 2116 2038 2182 Spiel mit Worten, Worten, die dem einen schwer, dem anderen
187 2129 870 2198 der der männliche Teil eröffnet, daß
2052 2153 3202 2205 Eindruck, der den Einzelfällen privater Eheproblematik
898 2159 2037 2230 leicht wiegen, und dazu heimlich aus der Tiefe ein leises
206 2162 874 2231 Untreue der besseren Hälfte weiß
2059 2193 3197 2239 geringes Interesse entgegenbringt und Erlebnisse ge¬
897 2202 1876 2253 Schluchzen der Frau, der armen Dienerin aus Liebe.
194 2208 885 2264 en! Oh sonderbare Männer!) und
2055 2213 3209 2288 setzlos Dahinlebender, jedem Impuls unterworfener
947 2245 2040 2316 Der Held des dritten Stückleins ist der Scheiftsteller, sozu¬
190 2253 887 2308 rmin (Verheiratung der Tochter) im
2062 2269 3213 2318 Mensche, nicht für typisch hält. Das Burgtheater
207 2287 872 2335 Trennung dringt. Begreifliches Ent¬
893 2290 2044 2340 sagen der Uebergang vom Menschen zum Schauspieler. Dies¬
2055 2308 3202 2351 setzte seine besten Kräfte an den Erfolg. Herr Harry Wal¬
198 2320 887 2384 lanmäßige Lüge und tiefe Erniedri¬
889 2329 2034 2381 mal ist die Gattin die Eheirrende. Der vazugehörige Dritte
2054 2345 3213 2386 den als Träger der männlichen Hauptrollen wurde sekundiert
210 2374 879 2429 Gemeinschaft (siehe Ibsens über¬
884 2356 2046 2431 ist sehr grün. Alles deutet auf Cpisode, aber man hat während
2046 2386 3219 2441 durch die Damen Bleibtreu, Medelsky und Wohl¬
197 2394 883 2477 he Frauenmorde). Er triumphiert
888 2408 2038 2457 der Abwesenheit des dramen=schreibenden Gebieters vier
2057 2423 3211 2480 gemut. Das erste Stück, „Stunde des Erkennens“, fesselte
888 2433 2035 2496 Wochen ehegeirrt und fühlt sich nun moralisch verpflichtet, der
217 2450 874 2502 Frau, genießt die Rache des in
2059 2468 3198 2509 die Aufmerksamkeit wie eine schwierige Produktion auf ge¬
889 2486 2033 2531 Irrung Dauer zu verleihen, Rechtzeitig kehrt der sehr über¬
195 2487 878 2540 Kränkten. Sie gesteht ihm nunmehr,
2062 2501 3216 2558 spanntem Seil; das zweite, „Große Szene“ weckte viel Hei¬
192 2522 875 2584 cht die richtige Untreue, sondern die,
879 2517 2039 2577 legene Gatte zurück und verhilft dem Paar durch bezügliche
2056 2544 3212 2599 terkeit, trotzdem Frau Medelsky den tragischen Unterton stark
193 2550 870 2621 n ihr annimmt (angenehm für den
889 2561 2046 2621 mythologische Erzählungen (daher „Das Bacchus=Fest“) und.
2063 2586 3217 2637 anschlug; „Das Bacchusfest“ als letztes, versagte in seiner
204 2598 882 2652 d! Noch angenehmer für den eigent¬
898 2587 2042 2653 sonstige Sticheleien zu der im Grunde von beiden gewünschten
2054 2616 3210 2679 Wirkung. Die Premiere fand vor ausverkauftem Hause und
206 2640 869 2692 tte bläst, nachdem er seinen Triumph
883 2644 2037 2695 Rückkehr ins „Sittliche": eine Liebenswürdigkeit, aber daran
2059 2667 3200 2719 versammelter Gemeinde des allbeliebten Dichters statt, der
209 2675 869 2737 n Rückzug, sie aber, angewidert, ver¬
895 2677 2049 2746 scheiternd, daß der geistreiche Schriftsteller so garnicht geist¬
2061 2698 3214 2770 namentlich nach dem zweiten Stück vielmals gerufen wurde.
895 2716 1088 2776 reich ist.
205 2714 291 2777 sich.
281 2715 870 2775 — weiter fort. Eine ungemein
230 2744 879 2811 Sicherlich kommen solche Fälle
940 2757 2039 2820 Die drei Herren=Menschen, den Brutalen, den Komödian¬
192 2781 878 2846 istens unwahrscheinlich, und Schnitz¬
884 2792 2046 2855 ten, den Geistreichen, gab Herr Schröder; eine glanzvolle
203 2829 878 2890 es. Neigung für solche interessante
896 2835 2038 2902 Visitenkarte. Er gab damit den Beweis großer Sicherheit und
198 2864 881 2930 könnte sich auch eine Novelle denken,
892 2879 2037 2925 Vielseitigkeit. In dem zweiten Stück spürte man mehr als
207 2912 873 2953 stellation mit ihren merkwürdigen
896 2917 2047 2963 Routine. Das naive Schwanken zwischen Wahrheit und Liebe,
207 2950 870 3003 irrungen ausgebeutet würde, gleich.
882 2945 2047 3007 die eitle und doch harmlose Selbstbespiegelung des sich eigent¬
208 2990 877 3035 ankheitsberichte des anormalen Ge¬
887 3001 2046 3033 lich nur für sich selbst interessierenden Mimen war packend,
204 3019 867 3068 Bühne aber, nicht gehandelt, sondern
896 3038 2049 3078 weil es sich leicht und natürlich ergab. Die drei Frauen
215 3065 883 3131 ,wird das Unwahrscheinliche nicht
888 3069 2050 3111 waren gut ausgewählt: Im ersten Stück, die stille Frau mit
223 3105 650 3159 zur peinlichen Affäre.
896 3107 2037 3162 der heimlich glühenden Flamme, spielte Frau Leiko eindring¬
235 3128 872 3202 eine Welt, in der Worte Taten
883 3150 2045 3199 lich und innerlich. Die liebe kleine bürgerliche Gattin des
205 3183 873 3231 nd Unechtes, Wahrheit und Schein
894 3184 2044 3250 großen Schanspielers gab Frl. Sangora, und in der feinen
240 3226 874 3269 komisches (manchmal tragisches)
891 3233 2042 3280 andentenden Art ihres Spieles war viel von dem nicht eben
201 3264 882 3313 de Welt der Schauspieler. Auf der
881 3266 2046 3317 tragischen, aber doch wehmütigen Schicksal der Künstlerfrau.
243 3297 2045 3355 ahrheit. Das überträgt sich auf das # Frl. Ruchs als sich wiederfindende Schriftstellers=Gattin, war
208 3343 2073 3410 ahrheiten Scheine wird. Darum herzig und schnitzlerisch. Her Großmann gah sicher und !
