3344 4384
2088 265 2541 365 box 32/2
1196 283 1274 347 N
637 282 806 349 m0e
221 283 2059 364 26.1. Kon „ die der orte—zyklus
2412 842 2461 910 22
2836 885 2979 971 #
1909 889 2820 988 Schnitzters „Komödie der Worte“.
1823 971 2842 1048 Uraufführung in Frankfurt a. M.
1791 1025 3027 1115 Für sein neues dramatisches Werk, dessen Uraufführung wir
1695 1056 3021 1161 soeben, Dienstag, den 12. Oktober, in Frankfurt a. M. bei¬
1699 1126 2405 1205 wohnten, hat Arthur Schni
2510 1136 3011 1212 eine bitter treffende
1708 1158 3008 1232 überschrift gewählt: „Komödié der Wörke. Bitter, weil
1702 1212 3006 1295 sie nicht nur auf drei besonders mit Worten spielende Lebens¬
1701 1259 3018 1355 bilder zutrifft, sondern auf fast alles, was Schnitzler geschrieben,
1694 1330 3003 1401 auf das ganze Leben, wie dieser wienerische Dichter es sieht und
1702 1358 3014 1446 darstellt. Schnitzlers dramatische Gestalten, und so er selbst,
1706 1408 3009 1494 suchen immer vergeblich nach etwas Festem, Positivem in ihren
1699 1471 3005 1531 zmenschlichen Beziehungen, in der Gefühls= und Gedankenwelt,
466 1430 1508 1560 fart der Frankfurter Nach
1697 1510 3002 1586 isie finden immer Schein statt Sein — der Zweifel an der Wahr¬
1695 1533 3009 1633 heit bleibt. Treue ist der sehnsüchtig erstrebte, nie erreichte Hort.
1698 1590 3009 1680 Sein letztes Werk, der „Dr. Bernhardi“, war eine Abschweifung
1703 1639 2999 1729 — keine glückliche, eine nach dem groben Theater der Tendenz¬
435 1620 652 1745 D
919 1661 1493 1755 Aus der
1687 1701 2998 1774 sund Lärmmacher zu, — jetzt in den drei Einaktern, die der Titel
1702 1740 3000 1824 „Komödie der Worte“ zusammenfaßt, haben wir wieder den un¬
1688 1791 3003 1862 zverfälschten Schnitzler, wie er sich, ernsthafter und kunstvoller
412 1806 1485 1869 als Senior an und war vom Jahre 1882 bis 1900 l lun
1680 1830 3002 1919 werdend, aus dem Anatol entwickelt hat. Drei Ehegeschichten
1389 1853 1509 1903 Rur
409 1866 1382 1915 Vorsitzender des Königlichen Konsistoriums in
1385 1895 1511 1937 Krie
1696 1886 3010 1974 sind's. In keiner fehlt der dritte Ehegenosse, auch ein vierter
400 1906 1387 1958 Frankfurt. Zun Geheimen Regierungsrat wurde
1380 1930 1507 1971 träg
1682 1939 2997 2005 und fünfter ist wohl wenigstens angedeutet. Durch Worte sind
1394 1956 1504 2006 Sad
410 1953 1389 2004 er im Jahre 1899 rnannt. 1890 wurde ihm der
1693 1973 2998 2059 die Paare aneinandergefesselt, durch Worte werden sie aus¬
1386 1992 1504 2058 Hep
415 2002 1379 2063 Rote Adlerorder Klasse mit der Schleife und im
1694 2031 3001 2105 seinandergejagt — auch wo der innere Drang, wahr zu sein, treu
400 2047 1391 2095 Jahre 1910 der#erbliche Adel verliehen. Sem en¬
1680 2064 3001 2152 zu sein, glühend im Innern lebt, versagt die Kraft in Handlung
405 2088 1403 2166 ier Sohn Athur# # Gwinnerist Bireklorder #
1692 2125 2997 2203 und Wort. Der Grund für die Unwahrheit und Untreue scheint
416 2120 1387 2218 Deutschen Bitk # Berlin und Pitalled )es Krey¬
1685 2184 2995 2249 nicht in der menschlichen Natur, nicht in der seelischen Anlage
412 2175 855 2254 ßischen Hertenhaeg.
1688 2214 3005 2295 zu suchen, nur an den mechanischen, konventionellen Formen,
1686 2282 3000 2341 in die des Menschen Geist gepreßt, durch die allein er sich aus¬
436 2265 1379 2366 Uraufführung im Neuen Theater.
1683 2313 2992 2392 drücken und bewegen kann, scheitert das wesenhaft Gute dieser
467 2339 1388 2414 Drei neue einaktige Dramen, die er mit tiefer
1681 2357 3110 2470 Schnitzlerschen Geschöpfe in ihrem dunklen Drange nach dem—###
414 2369 1384 2461 Bedeutung unter den Gesamttitel „Komödie
1682 2394 1995 2474 rechten Wege.
412 2432 1380 2478 der Worte“ stellt, fanden gestern, Dienstag,
1764 2461 2981 2531 Im ersten Stück, „Stunde des Erkennens“, finden
407 2468 1386 2525 abend im „Neuen Theater“ ihre erste szenische Dar¬
406 2520 1381 2555 stellung. Alle drei hatten einen tiefgehenden, wenn
1683 2504 2988 2582 wir ein Ehepaar, das zehn Jahre lang in äußerlichem Frieden
410 2547 1376 2605 auch verschieden begründeten großen Erfolg. Das
1684 2549 2994 2631 miteinander gelebt, so daß frühere Irrungen verziehen uno ver¬
410 2603 1383 2644 erste, mit zartester Kunst verborgene Seelensphären
1385 2605 1440 2656 he
1676 2599 2988 2672 gessen scheinen. Die Gattin glaubt ihr Leben fest in dem des
408 2631 1376 2680 entschleiernde „Stunde des Erkennens“ wurde in
1683 2645 2988 2726 Mannes, der ein ehrgeiziger Arzt ist und nicht befriedigt in
406 2658 1372 2715 reinem Kammerspielton von Marga Leiko, Eugen
1388 2650 1460 2731 K
2408 2701 2447 2737 E#
1684 2698 2982 2765 seinem Beruf, verankert. Sie erfayrt in der Stunde des Er¬
396 2707 1381 2761 Klöpfer und Willi Schröder vorgetragen. Das
1393 2717 1463 2773 spi
407 2742 1378 2804 zweite Stück, „Die große Szene“, das auch durch
1672 2749 2991 2815 kennens, daß sie sich jahrelang aufs schwerste getäuscht. Er
405 2783 1375 2824 geistvollen Wit erfrischt, brachte etwas mehr „Thea¬
1388 2800 1449 2848 H
1674 2792 2983 2849 braucht sie nicht, er hat sie nur gebraucht, zynisch und brutal.
407 2826 1383 2884 ter“. W. Schröder, der hier eine wunderhübsche große
1382 2838 1446 2886 in
1673 2815 2978 2899 Der dritte, ein Kollege des Mannes, der sie lange geliebt, dem sie
402 2862 1372 2925 Schlagerrolle zu kreieren hatte, Alois Großmann und
1381 2861 1481 2927 be
1678 2891 2987 2946 sich versagt, weil sie sich nicht trennen wollte von Heim und Gatten,
409 2895 1379 2958 Poldi Sangora konnten hier für den allerherzlichsten
1683 2934 2992 3005 erfährt, daß sie ihn auch geliebt und leidenschaftlich, aber doch
406 2944 1381 2997 Beifall danken. Auch Direktor Hellmer erschien
1369 2956 1429 3013 9
409 2985 1379 3046 nach dem zweiten Akt und versprach, dem Autor
1676 2991 2979 3052 nicht die reine Frau, die Heilige ist. Einem anderen Mann, der
1368 3001 1455 3051 ni
396 3024 1378 3080 telegraphisch zum Erfolg zu beglückwünschen. Auch
1683 3023 2979 3095 ihr nicht viel war, dem konnte sie sich hingeben, ihrer schicksal¬
396 3069 1376 3128 das letzte Stück gewährte geistvolle Unterhaltung
1381 3074 1462 3121 lic
1685 3080 2985 3140 reichen Liebe nachzuleben, ihren Ehebund nicht nur mit heim¬
409 3104 1381 3166 und seine heitere Wirkung wurde wesentlich unter¬
1376 3112 1476 3170 kei
1681 3127 2980 3194 lichen Worten und Taten, sondern auch im Herzen zu brechen,
408 3140 1379 3190 stützt durch die nette, launig=bewegte Inszenierung.
1377 3152 1463 3204 mi
1683 3176 2975 3240 dazu fehlte ihr der Wille. Im Irrtum haben die drei ihr
405 3184 1380 3248 Es hat als originellen Schauplatz eine Bahnhofs¬
1674 3220 2986 3289 Leben verbracht, und einzeln und einsam reißt es sie auseinander.
400 3215 1378 3283 halle, in der sich um die Hauptdarsteller (Willi
1367 3233 1467 3287 in
401 3264 1370 3322 Schröder, v. Möllendorf, Olga Fuchs) das bunte,
1765 3267 2979 3335 Deutlicher als im ersten Stück, dessen Vorgeschichte in allzu
1382 3275 1486 3370 61
408 3303 1383 3373 mit der Bahn ankommende und abfahrende Volk
1668 3294 2978 3382 krausen Linien enthüllt wird, entwirft Schnitzler sein Lebensbild
419 3346 655 3400 tummelt. —
1382 3345 1481 3399 vor
690 3340 1382 3409 Die Vorstellung schloß zu später
1674 3352 2979 3436 im zweiten: „Die große Szene“. Dies Stück ist auch auf
411 3384 1488 3461 Stunde, doch es war ein genußreicher und würdiger füg
1681 3405 2978 3467 der Bühne viel wirksamer. Es enthält neben der sehr dank¬
397 3420 692 3506 Theaterabend.
1368 3429 1463 3518 4
1668 3463 2972 3508 baren, wenn auch bekannten Figur eines überlegenen, witzigen
1663 3497 2986 3590 Theaterdirektors eine Kean=Rolle. Der geniale Theaterheld ist
