3392 4384
231 285 2552 382 26.1. Konoedie der Norte Zuklus box 32/1
1275 765 1774 886 —.—sgenglagte.
1214 825 2235 959 2## 1an
1058 852 1237 915 vom:
1038 983 1644 1083 Kensten Absichten zaghaft machen.
1839 1019 2218 1084 Rnden Huppert.
1137 1059 2235 1131 Wien. Im Hofburgtbeater wurde die Uraufführung von Arthur
1069 1079 2241 1159 Schut##er le „Komödie der Worte“ (der Heffakterfolge „Stunde
1066 1127 2235 1176 des Erkennens“, „Große Szene“ und Bacchugiest“) mit lebhaftem Bei¬
1075 1163 2239 1250 fall aufgenommen, ebenso gleichzeitig am Barmstädter Hoftheater und
1058 1209 1675 1281 im „euen Theater zu Frankfurt a. M.
1159 1818 1578 1904 Ausschnitt aus:
1548 1853 2230 1978 Wienel Saienlslätb¬
1168 1913 1592 2005 vorn:LOKT1915
1569 2065 1853 2163 Theater.
1142 2156 2375 2227 Arthur Schnitzlers Einakterzyklus =Komödie der
1028 2213 2363 2271 Worte-, der am 12. d. M. im Hofburgtheater zur
1028 2259 2377 2337 Uraufführung kam, bestcht aus drei knapp gehaltenen,
1025 2312 2372 2376 geistreichen kleinen Komödien formvollendeter, zu einem
1036 2353 2377 2425 perlenden Dialoge geschlungener Worte. -Stunde des Er¬
1031 2420 2375 2473 kennens-,Große Szenes und -Das Bacchusfeste nennt
1033 2457 2365 2516 der liebenswürdige Dichter und scharfe Seelenmaler die
1018 2502 2371 2571 jüngsten Werke seiner Muse, welche wiederum Ehe¬
1028 2552 2364 2606 konflikte in den Kreisen der schöngeistigen und frei¬
1029 2607 2373 2658 sinnigen Gesellschaftssphäre behandeln, die vor dem
1022 2653 2371 2718 Weltkriege die moderne Idecnwelt beherrschte. Es kommt,
1032 2708 2376 2777 wie immer bei Schnitzler, mehr auf die Schönheit der
1027 2741 2380 2822 Sprache und das Feuerwerk köstlicher Wahrwitze als auf
1625 2807 2373 2871 den Kern des Inhaltes an;
1637 2855 2382 2927 und der große Erfolg, den
1636 2895 2369 2968 die leicht geschürzten, zum
1633 2941 2367 3025 Schlusse beinahe ungelöst blei¬
1634 2989 2374 3075 benden Komödlien fanden, kann
1636 3044 2370 3122 nur von jenen voll verstanden
1637 3095 2365 3166 werden, welche die Stücke
1631 3145 2370 3214 gelesen oder gesehen haben.
1638 3202 2363 3264 Die vorzügliche, wie immer
1633 3243 2367 3314 siegreiche Darstellung unserer
1639 3288 2375 3360 Hotschauspieler wußte den
1638 3342 2380 3403 kohen psychologischen Wert
1635 3394 2371 3449 der =Komödie der Wortes in
1634 3445 2373 3515 glänzendes Licht zu setzen.
1638 3492 2372 3559 Herr Walden, der in allen
1635 3532 2368 3607 drei Einaktern den Gatten
1634 3582 2373 3658 spielt, seine drei Gemahlin¬
1629 3637 2372 3702 nen Frau Bleibtreu, Frau Me¬
1636 3679 2364 3761 delsky und Frl. Wohlgemuth,
1627 3740 2370 3800 sowie die Herren Devrient, Ge¬
1632 3787 2371 3853 rasch, Tiedtke, Baumgartner,
1629 3833 2366 3897 Romberg und Frl. Kutschera
1633 3875 2366 3946 boten ein ganz ausgezeichnetes
1632 3922 2374 4002 Widerspiel in Wort und Ge¬
1632 3967 1825 4037 bärde.
1948 3979 2325 4065 ]. C. Liebenwein.
2931 4165 3025 4238 —
