3392 4320
595 94 1415 179 1010.
521 150 1454 227 nu kan hun gaa. For li Aar siden opdagede
533 212 1455 277 han hendes Forrederi. It lange Aar har
520 257 1456 345 han ventet paa denne Slund. Og da hun
525 303 1453 403 jamrer: Men detle er jo umuligt.. har
526 387 1456 436 de ikke elsket hinanden siden, verei lyk¬
529 429 1450 507 kelige siden! Lykke — Karlighed, haan¬
518 487 1464 552 ler han: Nej, for ham var det alt andet!
518 545 1449 625 Og han slynger disse Aars Nag mod hen¬
523 601 1449 663 de: Netop det, at det var hans allid mis¬
529 660 1409 732 undte Medbejler, Professor Ormin...
567 711 1455 802 Professoren? udbryder hun studsende.
529 776 1450 832 Med det samme har hun Hernen for hans
517 820 1455 907 Havn: Ja,ham elskede jeg. Han var mit
522 878 1454 957 Livs Lykke og Indhold. C.edens Man¬
517 953 1453 1008 den nu forsonende försoger al slan B####
516 977 1459 1066 imellem dem, afviser hun ham. „De skal
524 1039 1458 1114 ikke vente paa mig med Theen,“ siger un
516 1118 1350 1174 til Pigen. „Jeg kommer sent hjem.“
561 1144 1460 1237 Kommer hun hiem eller ikke hjem?
511 1205 1460 1303 spurgte Teatret interesseret.... Der er
517 1277 1091 1347 vist ikke Haab om del.
566 1305 1457 1397 Fru Bloch spillede Fruen. Det er Synd,
523 1388 1441 1445 at en Skuespillerinde af hen les Talent an¬
525 1452 1450 1522 vendes saa sjeldent. Derfor bliver der lagt
518 1500 1452 1573 alt for megen Vegt pan saadan en enkelt
520 1558 1454 1632 Rolle. Men alligevel: Den lykkedes ikke.
527 1611 1454 1675 Alt for megen Begeedelighed med denne
521 1672 1446 1749 noget hangende Mund. scm Fruen under¬
512 1730 1458 1797 tiden kan forfalde til. All for ringe Form
515 1786 813 1855 og Fasthed.
562 1842 1450 1912 Hr. Poul Reumert var Eglemanden,
518 1920 1442 1973 grovere og brutalere, end Schnitzler har
509 1961 1445 2035 tegnet ham (det havde veret umuligt, at
511 2019 1445 2096 Fruen ikke havde opdaget ham for lange
523 2087 1458 2153 siden!). Men bred Kraft og Helhed i
527 2135 1449 2212 Tegningen, skent der jo nok var Min¬
522 2192 1446 2257 delser fra et Par af hans lidligere Roller.
522 2230 1457 2324 Han kan faa et Menneske lil at leve for
518 2304 1447 2383 Oinene af os: Haardheden, Misundelsen,
520 2361 1444 2426 alt det mandfolkede sterke og mand¬
513 2399 1450 2493 folkede svage. Men Dr. Eckold har mere
507 2482 1442 2539 indre Varme, mere Sentiment. Hr.
504 2541 1441 2616 Roose udferte Professoren med sin aste¬
516 2592 1460 2665 tiske Finhed, der har saa sviert ved al
521 2654 984 2725 fan sit eget frie Liv.
567 2702 1455 2785 „Den store Scene“ derefter havde
517 2772 1442 2837 straks fastere Tag i Publikum. Det er
504 2836 1446 2907 den velkendte Enakler om den beromle
517 2887 1442 2953 Skuespiller, den dejlige og trolese Gogler.
512 2936 1436 3015 der af sin Hustru faar Lov al lyve en
510 2988 1434 3063 eneste Gang endnu overfor en Ven, som
511 3037 1443 3116 har opdaget hans Forhold til hans
506 3115 1424 3176 Krreste — og som saa lyver san for¬
514 3165 1437 3249 fardende agle og uvederlmftigt trovar¬
514 3227 1435 3298 digt, at hun siger: nej, dette er for mod¬
500 3290 1433 3351 bydeligt. Han véd jo ikke en Gang selv,
507 3341 1429 3419 naar han lyver og naar han taler sandt.
599 3402 1425 3470 Hvorefter hun alligevel lader sig be¬
519 3463 935 3530 vage fil at blive.
547 3503 1439 3580 Skuespillere, der paa Scenen laler om
503 3568 1438 3661 Komedie og Suffler og Publikum, maa jo
503 3636 1439 3706 nedrendigvis vakke Latter. Men netop
511 3672 1437 3769 under de Forhold er det san s##n al
501 3742 1433 3819 traffe den riglige, den agle ungte Tone
504 3800 1441 3871 altsaa, Her er en Skuespiller, der skal!
513 3839 1447 3943 spille en Skuespiller, som spiller en halv¬
516 3931 1458 4002 veis agte Komedie. Hr. Liebman spil¬
1709 339 2379 530 mme sovoaut.
2355 483 2688 591 Juulgeban
1854 592 2681 699 Theäter, Kunst und Musik.
1858 678 2710 778 Reichenberger Stadttheater.
2088 759 2818 840 Zum erstenmale: „Komödie der
2015 803 2815 887 Worte“ Drei Einakter von Arthur
2025 874 2265 951 Schnißler.
1815 885 2831 998 Klara Eröld spricht am Schlusse des ersten
1735 977 2821 1064 Stückes den gemeinsamen Gedanken der drei Ein¬
1745 1033 2833 1095 ikter aus: „Worte lügen“; wir spielen den anderen
1739 1074 2825 1143 ind uns mit den Worten oft nur ein Komödie vor.
1742 1126 2834 1198 Drei kleine meisterhafte Theaterstücke variie¬
1742 1172 2826 1255 ten das Thema der gebrochenen ehelichen Treue und
1736 1218 2832 1297 des Verzeihens. Im ersten: Stunde des Er¬
1732 1270 2837 1339 eennens, hält Dr. Karl Eckold mit seiner Frau
1729 1309 2834 1391 Klara Abrechnung. Ihr gemeinsamer Freund Pro¬
1742 1353 2829 1445 fessor Ormin verabschiedet sich anläßlich seiner
1735 1413 2841 1507 Roten=Kreuz=Expedition nach Japan; er hat sz.
1744 1468 2833 1557 Klara geliebt, sie hat ihm aus übergroßer Liebe
1742 1500 2835 1590 widerstanden, was sie aber nicht hinderte, sich einem
1748 1551 2834 1644 anderen Freunde ihres Gatten hinzugeben. Eckold
1743 1611 2839 1691 schickt sie jetzt aus dem Hause, er hat seit zehn
1747 1658 2827 1756 Jahren von ihrem Treubruch gewußt und die Rache
1746 1699 2844 1787 aufgeschoben, sie war ihm, sagt er, trotz äußeren
1742 1762 2850 1833 Eheglücks weniger als eine Geliebte. Weshalb er
1750 1812 2837 1888 sie jetzt fortjagt? Er glaubt nämlich, Ormin sei der
1756 1857 2834 1934 Glückliche gewesen, ahnt nicht, wer es tatsächlich
1756 1903 2844 1992 gewesen. Sie bekennt sich aus Trotz und Schmerz
1745 1948 2853 2022 zu dem Ehebruch, der gar nicht gewesen, und geht
1756 2012 2847 2083 in den Tod. Das zweite Stück: Große Szene,
1738 2057 2854 2143 —aildort die Ehe eines großen Schauspielers. Kanz
1714 2133 2822 2212 rad Herbst hat in der Sommerfrische die Braut
1720 2189 2817 2267 eines Freundes verführt, das konnte ihm seine
1727 2250 2814 2314 Frau nicht verzeihen, sie, die den Werbungen
1735 2300 2819 2364 eines Verehrers keine Folge gibt; dennoch kommt
1725 2363 2815 2413 sie zurück. Er kann sie auch künftig betrügen, aber
1728 2399 2823 2461 nur nicht lügen. Da kommt der Bräutigam, will
1736 2442 2840 2501 Aufklärung, ob Konrad der Geliebte de Mädchens
1731 2496 2845 2552 war oder nicht. Der Schauspieler sagt weder nein
1735 2541 2822 2599 noch ja, überzeugt ihn aber durch eine kunstvoll von
1732 2585 2824 2650 dem Mädchen und ihm für alle Fälle — in einem
1735 2633 2820 2697 Briefe — vorbereitete Lüge von ihrer Unschuld, in¬
1734 2696 2829 2755 dem er eine förmliche Theaterszene von seiner ver¬
1731 2730 2819 2803 geblichen Werbung vordeklamiert. Er spielt die
1739 2790 2827 2853 Rolle so natürlich, daß er selbst die Lügen stellen¬“
1742 2812 2825 2899 weise glaubt. Seine Frau freilich hat kein Ver¬
1736 2883 2841 2958 ständnis für derlei; Konrad, der eben ins Theater
1736 2938 2810 3005 ging, den Hamlet zu spielen, kommt kostümiert zu¬
1731 2989 2829 3046 rück und gewinnt die Frau wieder, die sich willen¬
1740 3033 2832 3091 los dem Zauber seiner Persönlichkeit hingeben muß.
1732 3079 2814 3128 Das dritte Stück ist: Das Bacchusfest (nicht.
1738 3126 2801 3177 wie der Theaterzettel schrieb: „Das Bachusfest").
1760 3180 1802 3214 7•7
1731 3173 2828 3239 Wahrend der Dichter Felix Steuchner im Gebirge
1729 3222 2797 3269 an einem Theaterstück dieses Titels schreibt — er
1738 3271 2818 3334 rührt von einem alten griechischen Brauch her, daß
1735 3322 2819 3383 einmal im Jahre Mann und Weib sich dem Taumel
1726 3370 2827 3450 der Sinneslust hingeben dürfen und dann einander
1735 3420 2818 3488 vergessen müssen — und dabei flirtet, hat seine
1743 3463 2809 3528 Gattin ein Verhältnis mit dem unbedeutenden Dr.
1739 3527 2819 3581 Wernig angefangen. Sie erwarten den Mann am
1727 3554 2820 3631 Bahnhof in Salzburg und wollen ihm sagen, daß
1735 3627 2823 3680 die Frau von ihm weggeht. Steuchnerl äßt den
1728 3671 2828 3736 Jüngling gar nicht zu Morte und zum Geständnis
1730 3710 2829 3771 dessen kommen, was er auf den eister Blick sieht,
1735 3769 2824 3820 und beyält dadurch sein Weib, das weiterhin seine
1741 3809 2832 3871 Gefährtin bleiben wird. Als er allein mit ihr ist.
1742 3856 2826 3917 ruft er ihr freilich zu: „Ich hasse Dich“, worauf sie
1743 3903 2822 3969 mit dem Ausruf: „Ich Dich noch mehr“ in seine
1734 3955 2831 4001 Arme fällt. Also in allen drei Stücken mehr inner¬
1740 4015 2823 4065 liches Geschehen, als äußere Handlung, dabei pracht¬
1744 4052 2839 4113 volle Menschenzeichnung, gütige Menschlichkeit, in
1739 4088 2849 4157 einem anmutigen, durch feine Ironie und unauf¬—
