3344 4352
2127 172 2569 271 box 32/1
256 178 2085 291 26.1. Kongedie der Norte ZukIns
1659 1401 2702 1464 Hier, in dieser dreifaltigen Komödie der Worte,
2701 1405 3325 1459 Panorama des ersten Aktes er
1555 1442 2700 1505 wird des Lebens Szene dreimal zum Tribunal. Eine, die,
2708 1451 3325 1518 düster. In dem der beiden and
727 1394 1249 1531 Feuilleton.
1247 1428 1527 1573 u 4/
1553 1498 2689 1560 als das Schicksal sie anrief, nicht das entscheidende Wort
2702 1495 3326 1562 dunkle Farben, herbe und weich
1558 1537 2698 1592 der Erwiderung fand, tritt ein in den Kerker der Be¬
2707 1547 3326 1611 bestimmtheit. Oft ganz übermi
740 1558 1199 1664 Burgtheater.
1551 1591 2702 1649 trübnis. Vielleicht gar ins Grab. Ein schlechter Kerl
2717 1600 3327 1662 Glitzerbächlein des Dialogs zwisch
1553 1634 2693 1694 bahnt sich mit dem Dietrich seiner Suada den Weg ins
2700 1647 3326 1709 Trauerweiden, in denen wieder
393 1628 1542 1728 (Zum ersten Mal: „Komödie der Worte““ drei
1560 1682 2696 1751 Freie. Und ein anderer behält im kurzen Prozeß um sein
2710 1695 3333 1760 singen. In einer molligen Dur¬
616 1700 1334 1790 Einakter von Artur Schnitzler.)
1555 1738 2699 1827 Lebensglück die Oberhand, weil er den Widersacher einfach
2711 1742 3328 1805 sehr angenehm in dieser tour
509 1745 1539 1824 Komödie der Worte. Das kann heißen: Held dieser
1550 1784 2199 1846 nicht zu Worte kommen läßt.
2711 1800 3321 1857 einem rührigen Verschönerung
385 1822 1545 1885 Komödien ist das Wort. Oder (bitter): Ach, Worte!
1667 1831 2692 1888 Allenthalben wird offenbar, daß Worte unverläßliche
2802 1841 3317 1904 Der erste Einakter heißt „T
399 1872 1530 1927 Schweigen Sie mir von Worten, Worte sind nur Komödie.
1552 1866 2690 1955 Botschafter sind. Sie kompromittieren das Reich der Seele,
2709 1887 3333 1946 Spielt zehn Jahre vorher. D
398 1912 1543 1979 Oder auch: in diesen kleinen Dramen geschieht nichts, es
1557 1924 2697 1993 das sie vertreten. Sie „reißen es hinein“ reißen es aller¬
2702 1937 3332 2002 dem Glück des Ehepaares Eck¬
397 1963 1546 2028 wird nur gesprochen. Alle Erklärungen treffen zu und
1554 1962 2697 2047 dings auch, kann sein, wieder heraus. Niemals sagen sie!
2697 1973 3336 2049 Komödie haben so affektiert
396 2013 1536 2079 man kann wählen. Ueberlassen wir die letzte Entscheidung
1554 2020 2697 2091 die letzte, allerbestenfalls die vorletzte Wahrheit. Beim
2704 2025 3339 2090 Eckold, Osmin, Földing — ein
395 2060 1540 2135 der kommenden Schnitzler=Philologie. Fest steht titelgemäß
1548 2074 2697 2123 Versuch, ein Gesühl in Worte überzugießen, wird das
2705 2074 3320 2145 mit bescheidenem Krach, aber
406 2106 1365 2178 das eine: Pantomimen sind die drei Akte nicht.
1555 2121 2693 2186 Beste verschüttet. Ein Glück, daß in der Regel auch um
2707 2116 3328 2190 Wirkung. Drei Männer bestimm
515 2165 1547 2222 Ihre Weisheit: auf das Dialektische kommt es an!
1550 2167 2691 2239 dieses Beste noch nicht schad ist. Das Wesen, den mystischen
2706 2174 3320 2237 Eckold. Den einen liebte sie, de
389 2175 1534 2273 Worte machen Leute. Nicht wie einer tut, denkt, fühlt,
1544 2208 2686 2270 Kern einer Sache treffen Worte nie. Man kann nur alles
2702 2227 3327 2290 den dritten nahm sie zum Man
384 2258 1538 2323 ist entscheidend für seines Lebens Gestaltung, sondern wie
1548 2264 2689 2335 in Worte „kleiden“; sie bleiben aber Umhüllung, ein
2695 2264 3325 2338 ein Herz, eine Epidermis und
386 2295 1538 2376 er redet. Die lateinische Sprache hat, sehr sinnvoll, ein
1551 2315 2684 2379 Fremdes, leicht Zerreiß= und Beschmutzbares. Und doch
2697 2313 3325 2393 drei wollen befriedigt werden un
391 2347 1539 2418 und denselben Ausdruck für überzeugen und überreden.
1544 2362 2684 2419 kommt es auf das Dialektische an! Hier, in diesem Wider¬
2691 2374 3333 2433 immer zum gleichen Ziel. Wa
390 2390 1544 2469 Recht behält nicht die rechte Sache, sondern das rechte Wort
1545 2411 2690 2479 spruch, wurzelt des Kulturmenschen tiesste Tragödie und
2699 2419 3323 2485 nicht dem Manne, den ihr Her
383 2453 1539 2526 zur rechten Zeit im rechten Tonfall. Ob dich das Schicksal
1550 2461 2491 2511 tiefster Spaß. Worte . .. also und so weiter.
2694 2463 3322 2531 nichts Prinzipielles gegen die Et
391 2500 1542 2556 verdammt oder freispricht, hängt nicht von deiner Schuld
1656 2496 2681 2575 Ein passender Gesamttitel für die Einakter=Reihe
2693 2507 3318 2582 den Geliebten zu innig und
379 2566 1540 2613 oder Unschuld ab, sondern von der Tüchtigkeit des Ad¬
1551 2555 2683 2619 Artur Schnitzlers wäre auch: Komödie der Ehe. Um eine
2701 2556 3327 2632 Empfindung für ihn war ihr
380 2586 1543 2671 vokaten, der auf deinen Lippen sitzt. Wehe den Unartiku¬
1555 2604 2689 2665 Ehe handelt es sich erstens, zweitens und drittens. Um.
2690 2607 3329 2679 Techtlmechtl zu verschwenden. D
387 2651 1528 2709 lierten! Aus Worten ist das Netz gewebt, mit dem man
1548 2655 2688 2706 eine gebrochene, eine bröcklige und eine gebogene Ehe.
2696 2658 3331 2725 aber schön. Warum gab sie sich
392 2698 1542 2759 Menschen fängt. Aus Worten die Keule gedrechselt, mit
1556 2699 2696 2764 Sittliche Anklagen werden nicht erhoben; wer kann dafür?
2692 2706 3318 2777 die erotische Spannung doch irg
384 2743 1534 2811 der man unwidersprechliche Argumente totschlägt. Aus
1551 2748 2691 2814 heißt es schon in der „polnischen Wirtschaft“. Nur daß
2691 2753 3326 2826 Und der Gatte? Der glaubt he
391 2785 1539 2855 Worten vor allem das Wolkenschiff gezimmert, in dem
1540 2779 2685 2864 es dort ein Coupletrefrain, hier eine launig=bittere Frage
2700 2804 3333 2882 dem richtigen und nicht mit dem
382 2837 1539 2909 sich's mühelos über selsenfeststehende Tatsachen hinweg¬
1555 2851 2677 2910 an die unerforschlichen Götter ist. Der Dichter dieser Ehe¬
2687 2857 3328 2912 Er ist nicht für Subtilitäten.
396 2888 1543 2971 segeln läßt. So ein Allerweltsmaterial sind Worte! Man
1542 2897 2682 2949 komödien urteilt und verurteilt nicht. Mit der heiteren
2694 2904 3318 2959 Verwaltungsbeamter seines eige
389 2940 1529 2997 kann sogar Komödien aus ihnen machen, die aussehen,
1549 2944 2685 3012 Gelassenheit eines psychologischen Wurzelsepp stochert er
2683 2955 3325 3015 neten=Moment=Abwarter. Zeh
393 2974 1529 3051 als hätte ein Dichter das Blut seines Herzens, den Saft
1542 2986 2423 3047 ins Tiefe; nach Urgründen des Geschehens.
2693 2995 3323 3065 kochenden Zorn in seines Herzens
383 3032 1533 3106 seiner Nerven hineinverkocht; und das feinste Lächeln aus
1652 3044 3323 3113 Die geistige Landschaft der drei Atte ist eine sanft Jetzt, da das einzige Kind glückl
384 3078 1260 3163 seines Geistes Zuckerbüchse darübergestreut.
1538 3098 3321 3159 hügelige, mit weiter, etwas dunstiger Perspektive. Das tischt er ihn auf. Er schmeckt, i
520 3252 1495 3369 TMTWWATA
