3344 4352
1572 208 1639 279 2
184 208 1934 305 26.1. Kongedie der NorteVklus
563 462 1072 554 VOuellenangabe onne A.I.
340 533 1451 626 Ausschnitt ausPeriier Local Anzeil
596 665 794 728 14.5K f. 1
355 684 515 734 vom:
538 676 599 773 1
397 759 1300 836 * Arthur Schnitzlers Einakter=Reihe
367 811 1291 869 „Komödie der Worte“ erzielte, wie uns Drah¬
371 855 1289 924 tungen unserer Berichterstatter melden, im Wie¬
382 881 1295 947 ner Burgtheater, mit Harry Walden, Lotte Men¬
374 937 1303 999 delsky und Frau Bleibtreu in führenden Rollen,
377 971 1297 1036 „stürmischen Erfolg“, in Darmstadt eine „gute
382 1005 1304 1068 Aufnahme". Hier wie dort fand der Einakter
387 1036 1301 1108 „Große Szene“ den stärksten Beifall. — In Ber¬
380 1073 1303 1151 lin findet die Erstaufführung der drei Komödien
381 1123 862 1191 Freitag, 22. d. M., statt.
410 1169 868 1228 a
790 1393 1211 1492 er Tag, Berlin
338 1399 788 1512 isschnitt aus:
353 1559 473 1611 m:
581 1547 924 1642 WE
472 1671 1347 1757 P Arthur Schnitzlers Einakter=Reihe
424 1731 1343 1774 „Komödie der Wörreerzieltg, wie uns Drah¬
432 1770 1352 1812 tungen unserer Berichterstatter melden, im Wie¬
434 1813 1346 1862 ner Burgtheater, mit Harry Walden, Lotte Men¬
420 1853 1343 1905 delsky und Frau Bleibtreu in führenden Rollen,
432 1890 1350 1943 „stürmischen Erfolg“ in Darmstadt eine „gute
422 1924 1340 1989 Aufnahme". Hier wie dort fand der Einakter
425 1967 1339 2020 „Große Szene“ den stärksten Beifall. — In Ber¬
422 2002 1353 2074 lin findet die Erstaufführung der drei Komödien
419 2040 892 2099 Freitag, 22. d. M., statt.
2061 210 2478 293 box 32/1
2647 612 2860 698 Seite 5
1926 616 2355 701 14. Oktober 1915
2055 737 2739 855 Gerichtssaal.
2462 821 2893 901 Wien, 13. Oktober.
1921 868 2915 942 Schwarze Bänder für Gemusterte. Vor
1841 920 2910 982 dem Prager Landwehrdivisionsgericht
1843 974 2901 1038 hatten sich Mittwoch der 18 Jahre alte Korbflechter
1836 1008 2902 1076 Josef Vyschka, der 18 Jahre alte Arbeiter Wenzel
1839 1047 2899 1112 Soustruznik, der 18 Jahre alte Aushilfsarbeiter
1844 1106 2908 1160 Franz Myslicek und der 18 Jahre alte Schmiede¬
1846 1160 2907 1210 gehilfe Otto Petrasek wegen Verbrechens der
1847 1196 2909 1259 Störung der öffentlichen Ruhe und Ordnung nach
1850 1232 2911 1293 § 65, lit. a St.=G. und die 53 Jahre alte Geschäfts¬
1846 1277 2907 1338 frau Zdenka Husak und die 22 Jahre alte Ver¬
1847 1323 2912 1373 käuferin Ottilie Cerny wegen Mitschuld zu verant¬
1852 1372 2906 1426 worten. Am 24. Juli d. J. fand in dem Gasthause
1846 1415 2914 1463 „Fliedermühle“ in Zizkow Landsturmmusterung statt.
1845 1459 2908 1509 Vor dem Schwure der Rekruten stellte der Bezirks¬
1844 1496 2915 1553 gendarmeriewachtmeister fest, daß die Angeklagten an
1842 1545 2911 1596 dem Rocke schwarze Bänder befestigt hatten.
1846 1581 2908 1655 Sie hatten die Bänder in dem Geschäft der Husak
1842 1619 2916 1691 von der Verkäuferin Cerny gekauft. Der Gerichtshof
1841 1677 2910 1727 erkannte sämtliche Angeklagten schuldig und verurteilte
1846 1722 2913 1776 Petrasek zu einem Jahre, Vyschka,
1856 1764 2929 1818 Soustruznik und Myslicek zu acht Mo¬
1846 1805 2909 1861 naten schweren Kerkers, die Husak zu
1851 1854 2929 1919 zwei Monaten und die Cerny zu einem
1850 1893 2253 1967 Monat Kerker.
2789 1932 3001 2040 #
1904 1971 2882 2070 Annst und Bühne.
2460 2019 3037 2126 Wien, 13. Ottober.#
1919 2075 2913 2154 Burgtheator. Zum ersten. Male: „Komödie.
1842 2136 2907 2204 der Worte“, drei Einakte von Artur Schnitzler.
1888 2190 2897 2244 Zunächst eine Frage: weshalb „Komödie der Worte“
1839 2226 2912 2288 und nicht „Komödien der Worte"? Es handelt sich doch
1841 2286 2914 2337 um drei stofflich verschiedene Einakter, die nur insoferne
1843 2314 2914 2379 zusammenhängen, als in jedem von ihnen Herr Wal¬
1844 2368 2920 2424 den die männliche Hauptrolle spielt und die Lüge das
1840 2412 2911 2458 letzte Wort hat. Der tiefe Sinn des Rätsels, weshalb
1846 2454 2923 2504 statt der Mehrzahl die Einzahl gesetzt wird, ist ungleich
1842 2501 2922 2551 schwerer zu erraten als die Absicht des Verfassers, durch
1847 2542 2916 2596 den Titel von vornherein die Kritik zu entwaffnen.
1838 2587 2920 2643 Stellt man die Forderung nach einer straffer geführten
1841 2622 2923 2674 Handlung, setzt man sich selbst ins Unrecht. Es ist doch
1835 2674 2924 2732 eine Komödie der Worte, also Handlung Nebensache. Sehr
1842 2719 2924 2761 klug erdacht, zu schlangenklug fast, als daß man
1838 2810 2922 2871 stimmt werden sollte. Oder wollte Artur Schnitzler
1841 2850 2912 2906 mit seinen drei Einaktern; gar beweisen, daß
1833 2899 2917 2949 das Wort lügt und nur gilt, was sich hinter ihm
1843 2926 2925 2998 verbirgt und was jeder sich aus ihm herauszulesen ver¬
1845 2988 2919 3034 mag? Möglich. Dann aber war die Bühne wohl nicht
1845 3014 2927 3079 der rechte Ort dazu. Wieviel die Bühne die Welt des
1848 3069 2915 3115 schönen Scheines sei, so verlangt sie doch nach Wahrheit
1838 3109 2918 3163 und Klarheit, und mit welch gutem Recht der Dramatiker
1842 3153 2920 3209 nach Objektivität strebe, so muß er doch irgendwie Partei
1842 3201 2930 3249 ergreifen und erkennen lassen, wem sein Herz gehört,
1847 3241 2918 3289 denen, die aus Gewohnheit sich selbst und die anderen
1856 3282 2922 3342 belügen und betrügen, oder denen, die es aus Not tun.
1846 3330 2926 3380 Seit dem „Weiten Land“ liebt es Schnitzler, seine
1850 3372 2915 3427 Bühnengestalten mit dem Reiz des Ungewissen zu um¬
1846 3419 2921 3474 gürten und sie zwischen Wahrheit und Lüge das Leben
1846 3464 2926 3519 buntschillernder Sumpfpflanzen führen zu lassen. Und diese
1845 3506 2923 3552 Ungewißheit, wo die Wahrheit aufhört und die Lüge beginnt,
1849 3550 2909 3596 bildet auch das Hauptmerkmal der drei Einakter. Künst¬
1842 3596 2918 3649 lerisch berechtigt ist sie nur in der „Großen Szene“ dem
1846 3637 2923 3697 zweiten Stücke, das auch gestern den größten Erfolg
1839 3673 2925 3730 davontrug. Es handelt vom Doppelleben des Schau¬
1853 3725 2920 3785 spielers, der sich nicht nur auf der Bühne mit schönen
1846 3765 2922 3828 Worten und schönen Leidenschaften behängt. Er hat die
1845 3810 2912 3875 Braut eines braven jungen Mannes verführt und ist dar¬
1846 3856 2911 3906 über mit seiner Frau in Zwietracht geraten. Solange er
1850 3892 2917 3945 kleinen Liebschaften mit Philinchen nachjagte, glaubte sie
1849 3944 2911 3993 ein Auge zudrücken zu dürfen. Nun er aber daran ist, in
1847 3983 2910 4038 ehrbare Bürgershäuser einzubrechen, wird es ihr zu viel.
1848 4029 2910 4085 Da kommt der betrogene Bräutigam und fordert Rechen¬
1848 4063 2924 4128 schaft und Gewißheit. Nur einmal noch erbittet sich der
1842 4114 2918 4155 Schauspieler von seiner Frau das Recht, lügen zu dürfen.
1843 4155 2907 4206 Und er spielt dem jungen Mann, um ihn zu beschwichtigen,
