3392 4320
2149 126 2268 169 —.—
2045 193 2545 277 box 32/7
234 176 1947 290 26. 1 Konoedie der Vorte—Zykius
1035 820 2812 1000 Les théätres etrangers à Paris
1248 1002 2651 1092 LA COMEDIE DES MOTS (au Studio des Champs-Elysées)
1085 1081 2821 1150 La troupe des comédiens allemands a. Prien ne peut préter à équiroque. L'écriture
1053 1116 2807 1187 comme kan dernier, sous In direction deset in date ont conrainen Glen gei se retire.
1040 1159 1931 1213 Mile Georgette Boner induguré sa saison
1929 1165 2818 1215 4 su femme qui demonde des ecldircisse¬
1054 1184 1933 1245 de Poris. Disons tout de suite que se füt
1927 1198 2817 1243 hents quent a cette leitre, Herbot, soheug!
1053 1222 1924 1273 un sueces du meilleur alot et pöur ies de¬
1923 1226 2817 1273 comwe un harnentent qut vient de jouer un
1047 1262 1914 1309 teurs et nour Pauore d’Arthur Schnitzler,
1929 1268 2808 1308 boa tour, erplique que la lettre est parfat¬
1049 1287 1917 1368 La Comédie des Mots, trois pieces en un
1924 1306 2560 1355 tement authentique, mais gue
2622 1306 2812 1366 concert
1051 1329 1187 1388 dete.
1930 1339 2719 1381 abec ia fiangee, la date a dté truquée.
1958 1371 2813 1428 Puis avec élan, it redit a sa femme qu'd
1329 1355 1724 1425 .— La Révélation
1074 1396 2816 1456 Le docteur Schold et sa lemme Clara gut, Pavenir it ne rivra plus que pour elle
1044 1427 2814 1497 la reltte, ont marls teur fille, barardent seile, que c’est pour elle seule qu'it va, ce
1923 1476 2370 1526 soir, jouer Hamtet;
2614 1471 2810 1529 directeur
1045 1484 1931 1540 gentiment, devant ane tüsse de ie, en feuil¬
1925 1513 2813 1572 rient le presser d’aller s’habiller. Sophie.
1048 1516 1930 1568 letant des gasettes et Pune d’eltes teur ap¬
1054 1554 2813 1595 prend ie depart imminent c'un de leurg strcudtee, inquiete, avoue au dtrecteur awni
1929 1583 2817 1620 ne ini est plus possibte de vivre aupres d’un
1054 1596 1923 1649 omis ie docteur Ormin, pour te champ de
1929 1619 2817 1667 komme qut n’est que mensonge et incons¬
1055 1623 1915 1664 bataille russo-japonais. Schold reprime mal
1938 1635 2824 1704 cience. Elle veut pärtir, mdis son mari, vetu
1052 1658 1916 1709 un Mouvement c’kumeur enviense: tout a
1935 1673 2819 1730 en Namlet, entre brusquement, réclame
1047 1694 1911 1734 réusst d Ormin, alors que lut demeure un
1923 1720 2811 1773 Tawfelle ailte becuper sd loge, il la supplie,
1047 1726 1915 1770 obscur médeein de quartier. Et voici Ormin
1931 1751 2810 1802 la conjure, P’élourdit. Résig# #e, elle se laisse
1051 1759 1931 1816 qut vient foire ses adleun epres quelques
1932 1783 2807 1847 porter dans ses bras, esclave pour la vie de
1052 1791 1782 1831 Mots, Schold s’ereuse d’étre oblige
1927 1816 2388 1874 ce gental enfant gaté.
1049 1830 1915 1870 rendre d son cabine; de consultations. Clard
1051 1866 1937 1914 et Ormin resient seuls et, bientôt, quiltant
2161 1859 2663 1923 — La Féte de Bacchus
1053 1894 1932 1940 1e ton badin ei le petit sen des allusions,
1959 1911 2806 1967 En Pabsence du romancter Félie Staufer,
1044 1929 1917 1973 Ormin avdue son amdur queit talt depuls
1927 1948 2300 1995 sa femme Agnes
2503 1956 2769 2032 teu GaN
1045 1963 1898 2008 deg annecs: Clurn, kuttement surprise,
1924 1955 2606 2037 Spoftsman Guldo Werni  Peur
2629 1966 2822 2036 bonkeur
1044 2004 1922 2054 son tour revele qu'elle aussi, depuis 10 ans,
1925 2011 2811 2075 est d ce point parfait qu’ils décident d’at¬
1046 2039 1923 2079 Palme profondement, muis qw’elle K’a pus
1920 2046 2803 2098 Ptendre Péerienin d son urrivée, pour luis
1050 2071 1923 2110 rolu se donner d Mit de erainte de boute¬
1934 2087 2811 2135 ansöneer teur intention c’aller viere leurg
1051 2104 1301 2147 verser In U
1322 2104 1912 2157 de son Marl, pour aut elle
1929 2120 2810 2175 vie. Stäufer, venn par un train précédent
1049 2133 1814 2174 se satait la compagne indispensable.
1919 2156 2816 2196 Dies aperçoit, sans etre ru, dans la salle d’at-
1083 2171 1909 2217 Ormin parti, Schold, qui a termine ses
1927 2193 2810 2240 tente. Tres à Paise uree une bonhomie iro-g
1041 2210 1914 2254 consultations, sürvient et moitie perststeur,
1931 2223 2811 2276 nique, it les aborde, les turite a gouter.!
1055 2245 1914 2286 suggere d su femmte Paller habiter abce sa
1918 2256 2826 2314 platsante sür la rencontre qu'il a faile, auf
1050 2279 1912 2321 sille. Verant P’ekonnement de Ciarn, le mari,
1930 2286 2816 2345 cours de son vohage, ’une errquise jennes
1394 2308 1923 2359 sarcastique, lut siqnifte
1045 2311 1322 2366 péremptoire
1928 2331 2812 2369 fille. A demi reprise par son mari, Agnès“
1043 2350 1924 2394 quit sait qu'eile jut la maitresse COrmin;
1918 2350 2826 2413 Plente de se soustraire d son ascendant, mais ###
1045 2380 1918 2424 s’il a gordé le silence jusqu'd ce jour, on il
1919 2399 2820 2450 le romaneier, abee beaucoup de verve, dé¬
1045 2405 1915 2455 se complatt, combien dprement! duns sa ven¬
1924 2431 2821 2482 montre à Guido qu'd son dge et avec sag
1050 2453 1923 2500 heance, de füt uniquement d cause de teur
1929 2466 2819 2507 fortune i lut convient d’aller s’instrutre por &#
1042 2484 1914 2526 fille, moinkenant établie. Peut-etre eutei
1932 2502 2817 2552 le raste monde. Quant d Agnès, elle ca Tat-“
1452 2514 1917 2567 st precisement d’Ormin
1043 2520 1443 2569 purdonné, maig 6'
1930 2530 2814 2578 der, dinst qwbelle le fit si gonvent par sa
1048 2552 1921 2601 aien s’agit, ee contrère tonjours Neuren.
1930 2570 2818 2622 tendresse et ses conseils d terminer son
1054 2574 1916 2636 qudl qwit entreprenne, teutours triomphant
1923 2600 2410 2650 nouteat voman  1a
2507 2595 2811 2655 de Bacchus .
1041 2625 1914 2665 et qweit ne peut pas ne pas detester Clard,
1932 2633 2811 2688 4 sd femme, qui ne conndlssdit pas cefte nou¬
1041 2651 1918 2695 que tant de bassesse T’ame rérolte, int erte
1932 2672 2805 2712 velle #euere, V'éeriraln erplique qu'une pres¬
1050 2679 1920 2751 quteile a été lu maitresse d’Ormin, et toute
1935 2700 2819 2748 sante intuition Pa poussé d écrire e Lo Féte des
1048 2719 1379 2781 brisde, s’en 90.
1922 2742 2814 2795 Bucchus #. #, complaisamment, raconte ia 1é¬
950 2759 1007 2817 5
1913 2766 2807 2819 Toende mutheloniquersUne fols par an, d l’épo¬
1177 2760 1714 2831 II. — La Grande Scène
1925 2807 2799 2851 qne des vendunges, les Grecs, pour eslöbrer
1064 2801 1922 2867 Le comédien de gente, Conrad Herbot,
934 2837 1028 2905 625
1040 2843 2810 2897 qu’on crott diroree, ne compte plus les bon-Bucchus, Sossemeleient, une uuit durant, dans
1927 2877 2799 2919 de bois sderé, pour ekunter et danser et c’est an
1037 2891 1916 2939 #es fortunes, dont lo derniere (la flancee
1920 2910 2803 2965 Ehusard que les coupies se noudlent, alterndient
1042 2928 1913 2965 de leur omi Glen) a deride sa femme à 10
1044 2965 2800 3011 Mitter. Mais les lettres eplorces de son mari, Pibrement a Panrore seion la toi et ta con¬
2578 2980 2800 3034 L’employe
1916 2979 2518 3036 tume, tout devalt étre oubisé
1065 2993 1918 3025 et tes instances du directeur au thédtre quf
1927 3018 2800 3071 annonee ie train de Paris, Staufer mlis
1040 3020 1920 3071 ii fait comprendre que, suns eite, Conrad
1925 3050 2797 3106 Tanes ineitent Guide # le prendre Celut-el
1042 3063 1921 3110 Gerient un acteur distrolt, volre medidere,
1922 3081 2802 3134 parti. Staufer reyurde se femme et lut crie
1035 3084 1928 3146 ont décidé Sophie Herbot d rejoindre son
1957 3118 2795 3159 je te hais , ei Agnès, en de detant dans ses
1037 3129 1923 3173 brund komme. Herbot jure d sa semme de
1037 3151 2802 3215 #e plus mentir (pulsqu'aussi bien, jusqu'a-Tbras, de ini répondre##et moi mille fols
1921 3186 2058 3242 plus. „
1046 3199 1918 3240 lors, dans la vie il se croydit tonjours en
1045 3231 1926 3277 scene) et la poir descendratt sur ie ménage
1039 3265 1931 3318 réconcilié, si ne surrendit teur zenne amf
1973 3262 2820 3313 Par un dialoque haletant, sareustique oul
1049 3289 1282 3345 Glen dont
1416 3298 1923 3346 Tete dernier, suborne in
1918 3299 2804 3358 wointif, diapre de mols, Schnitsler ercelle
1044 3323 1910 3380 kianeée Menacont, Glen reclame toute in
1936 3345 2813 3389 # jeter une ineur dans de sübeonscient de ses
1047 3367 1918 3417 verité Sophie Verbot qut s’est retirce dans
1930 3376 2811 3431 personnages. Ses héros sont des cas d’es¬
1034 3389 1913 3456 une piece ottenante, entendra son mari men¬
1924 3417 2810 3462 pece et nons arons assisté d frois scènes de#
1037 3434 1912 3474 tir arec volubilité, decamer le senne homme
1921 3428 2816 3504 menage tour a tour plaisantes ei doulou¬
1033 3465 1914 3523 de puradores sür la canité des serments et
1920 3484 2074 3531 Tenses.
1037 3511 1927 3558 pour einporter la conriction de ceini-cl aut
1948 3492 2794 3557 Onant & Linterprétation, elle fut en tous
1036 3536 1924 3587 doute tonjoues de Pinnocence de su future
1921 3539 2805 3608 points impeccable, d’abord aree Ame Allce
1041 3570 1914 3626 semme, i Mi montre et int une lettre, on
1927 3585 2480 3645 Luch et M. Eugène Jensen.
1036 3607 1760 3655 s’avere Padlmiration romanesqite
2315 3621 2763 3698 Robert LAVERNV.
1036 3637 1957 3694 jeune filte pour ie grand ucteur, mais on
1050 3683 1131 3749 —
