3344 4384
202 184 2529 299 26.1. Kongedie der Norte— zuklus box 32/1
3081 1313 3230 1401 SAR
556 1384 3304 1462 verheiratet ist, findet er die so lange aufgesparten Worte) uns durch den darin behandelten Stoff sehr bekannt an. theater gespielten Einakter
2789 1438 3277 1496 von Hans Saßmann.
555 1437 2797 1503 der sittlichen Entrüstung, um die Ehebrecherei von einst aus Wieder einmal sind es das von dem berühmten Schauspieler
2789 1476 3298 1545 (Fräalein Wolgemuth)
1673 1470 2807 1555 oder Sänger auf das weibliche Geschlecht überströmende
559 1492 1678 1552 dem Hause zu treiben. Er würde vielleicht auch jetzt noch
2786 1525 3292 1587 Gatten (Herr Walden)
551 1520 2794 1603 geschwiegen haben, wenn nicht sein Jugendfreund und ver¬ Fluidum der Unwiderstehlichkeit und die dimit in Zusammen¬
2791 1570 3296 1625 jungen Manne (Herr R
1681 1572 2784 1625 hang stehende Skrupellosigkeit in bezug auf Liebesverhältnisse,
564 1576 1679 1637 meintlicher Nebenbuhler (Herr Devrient), dem er seine
2783 1606 3292 1667 beiden sind entschlossen, vo
1686 1616 2789 1671 die hier auf der Bühne Verwertung finden. Frank Wede¬
560 1616 1690 1678 bessere Karriere neidet, gerade wieder von sich in
2782 1635 3298 1713 der Erklärung hinzutreten
1689 1656 2795 1714 kinds „Kammersänger“ und Hans Müllers „Reizender
552 1656 1689 1730 den Zeitungen reden machen würde. Dahei ist aber
1676 1699 3281 1753 Adrian“ sind zwei bekannte Variationen dieses bei Schrift= angehären wollen. Bei
558 1704 1691 1761 der Beargwöhnte, der seinerzeit allerdings auch um die schöne
1691 1744 3269 1802 stellern sehr beliebten Vorwurfes. Der Hofschauspieler Konrad hültten Aussprachs und
563 1754 1679 1831 und damals gerade ihrem Gatten etwas entfremdete Frau
2784 1779 3276 1847 durch seine überlegene A
1679 1791 2795 1848 Herbot (Herr Walden) hat wieder einmal eines seiner
558 1788 1688 1869 geworben hatte, gar nicht zu seinem Ziele gekommen,
1680 1826 3271 1893 zahlreichen Abenteuer hinter sich, das sich in der Sommer= Schnitzler spielt sich das
569 1816 1685 1901 sondern die Rolle des Trösters hatte damals ein anderer
566 1880 3289 1950 Jugendfreund des Arztes, ein seither halb verschollener frische angesponnen hatte. Diesmal scheint es aber, als ob restaurant ab, wo die jun
1683 1908 3305 1974 es nicht ohne ernste Folgen bleiben sollte. Nicht nur, daß Gatten, einen Schriftsteller#
564 1926 1684 1976 Schriftsteller, übernommen, dem der betrogene Ehemann die
1677 1947 3305 2019 Herbots Frau Sophie (Frau Medelsky), die ihrem Gatten läßt es gar nicht zu einer
562 1971 1692 2026 Verführung niemals zugetraut hätte. Der späte Rächer
2788 1995 3293 2061 solche bevorzustehen schein
1678 2010 2790 2066 schon unzähligemal seine Seitensprünge verziehen hatte, dies¬
568 2014 1687 2082 seiner Ehre mißhandelt seine plötzlich zur Disposition ge¬
2785 2036 3290 2109 neuen Gesprächsstoff über
1689 2055 2798 2117 mal keinen Spaß mehr verstehen wollte, den Gewohnheits¬
571 2061 1684 2125 stellte Lebensgefährtin mit harten Worten. Als sie ihn an
1682 2063 3296 2152 ehebrecher verließ und sich erst nach langem Bitten dazu ent¬ heit des eine immer läche
572 2109 1691 2165 selige Stunden erinnert, die in die Zeit fielen, in der er
1681 2131 3292 2199 schloß, noch einmal Gnade walten zu lassen — eines Tages Paares. Den Trumpf spi
576 2150 1692 2204 bereits von dem Ehebruche gewußt hatte, sagt er ihr
1691 2178 3289 2241 taucht auch der Bräutigam der jungen Dame auf, die er den beiden den Grundg
564 2188 1681 2251 brutal, daß sie ihm damals nicht als Gattin, nicht einmal
1684 2214 3295 2283 des Schauspielers letzter Schwarm gewesen war, und fordert Dramas „Das Bacchusfei
564 2233 1694 2289 Geliebte, sondern nur mehr ein sexuelles Bedürfnis ge¬
2785 2254 3287 2323 alle Bande der Verwandt
1681 2273 2801 2332 Aufklärung über die ihm zu Ohren gekommenen Gerüchte.
571 2287 1694 2348 wesen sei. Die Frau hätte es leicht, sich dafür dadurch zu
2793 2302 3296 2374 konnten diejenigen, die v#
1694 2311 2800 2374 Herbot, der an diesem Abend noch den Hamlet spielen
573 2319 1689 2377 rächen, daß sie ihrem Manne seinen Irrtum enthüllen
2792 2351 3294 2415 Gebrauch gemacht hatten,
1683 2358 2796 2421 soll, leistet sich vorher noch eine „große Szene“ in seinem
571 2369 1697 2433 würde. Seine Eitelkeit würde sicher darunter schwer leiden,
2784 2386 3290 2456 wieder heimkehren. Wem
573 2413 2801 2468 wenn er erfahren müßte, daß nicht der wegen seiner Erfolge Hause, um den Bräutigam zu überzeugen, daß „nichts vor¬
566 2442 3289 2498 vielbeneidete Berufsgenosse, sondern der verbummelte Schrift= gefallen sei“. Das heißt, er svielt dem armen, schon vor kunft gelüstete, setzte alles
1681 2483 3289 2545 der Hochzeit Betrogenen eine schon vorher mit dem Mädchen ihre Wirkung. Der junge
568 2504 1698 2558 steller, auf den er mit Geringschätzung blickte, ihn eine
1686 2518 3290 2600 verabredete Komödie nor. Als er seinen Zweck erreicht hat, ist Halle einfahrenden Schnel
568 2540 1694 2613 Zeitlang aus dem Herzen seiner Frau verdrängt hatte.
1694 2571 3292 2643 er darauf stolzer als auf seine vielbewunderten Bühnen=treue Gattin, die nicht wei
577 2564 1693 2658 Doch diese klärt ihn ncht auf, sondern geht aus dem Hause,
1697 2613 3294 2680 erfolge. Seiner Frau aber, die der „großen Szene“ imhassen oder lieben soll, ist
576 2627 1699 2691 auch uns darüber im Zweifel lassend, ob sie den Tod sucht,
1697 2641 3288 2724 Nebenzimmer beigewohnt hatte, graut vor einer solchennächsten Abenteuer. Herr
573 2671 1703 2732 dem einstigen Geliebten nachspürt, oder etwa bloß nach
1691 2701 3285 2774 Meisterschaft im Lügen und sie will Herbot neuerdings, dies= vielleicht am besten. Vorzu
574 2714 1697 2774 Berlin übersiedelt, wo das neue Heim ihrer erst vor wenigen
1682 2747 3290 2816 mal aber endgültig verlassen. Nur die Ueberzeugung, daß in seiner Mischung von 1
576 2756 1699 2826 Tagen vermählten Tochter ist. Dieses Stück ist eine un¬
571 2789 3281 2854 unterbrochene Reihe von Unwahrscheinlichkeiten, von welchen dieser immer wieder rückfällig werdende Sünder gar nicht dem Fräulein Wolgemy
1683 2840 3280 2912 das Bewußtsein einer Schuld hat, stimmt Sophie nochmals sichtlich gar nicht woll z
565 2844 1692 2905 die eine immer größer ist als die andere. Der völlige Mangel
572 2908 3296 2942 dramatischen Pulsschlages läßt die Breitspurigkeit des zur Versöhnung. Den beiden bereits genannten Trägern der Bühnenvorgängen trotz al
2790 2915 3285 2985 dies in erster Linie der D
573 2960 2808 2994 Dialoges noch unerträglicher erscheinen. Frau Bleibtreu Hauptrollen standen Fräulein Kutschera sowie die Herren
584 2952 3287 3040 sowie die Herren Walden und Tevrient taten alles,[ Tiedtke und Gerasch in den Nebenrollen zur Seite. theater hat für Herrn S
1771 3009 3291 3074 Das den Abend beschließende „Bacchusfest“ hat frap= mehr als es verantworten
576 3021 1597 3115 um dem Puppenspiele Lebenswahrheit zu verleihen.
651 3055 2825 3179 Der folgende Einakter, „Große Szene“ betitelt, mutet pante Aehnlichkeit mit dem agenwärtig am Deutschen Volks¬
