3436 4256
2136 161 2626 249 box 32/1
308 164 2076 270 26.1. Konoedie der NorteZykius
1963 1008 2405 1100 Ausschnitt aus:
2449 1018 3018 1148 # Mlags-Zeitung
2157 1062 2450 1186 1aokr 1915
1975 1132 2139 1194 vom:
506 1163 1682 1234 lüuscht, eine große, effektvolle Komodie der Worte. Sie wendet¬
509 1224 1659 1282 sich mit Ekel von diesem Schauspiel der Lüge ab. Aber wie er
507 1274 1670 1318 dann hilflos in die Garderobe gedrängt wird und nicht mehr
2184 1237 2927 1363 Theater und Kunst.
509 1321 1700 1369 auftreten will, solange die Frau nicht in der Loge ihrem Platz!
2055 1335 3167 1407 (Burgtheater.] „Lomödie der Worte“ von Arthur
1948 1380 3172 1457 [Schnitzler. Drei kleine, nette Ausschnitte aus dem chelichen
542 1374 1696 1441 eingenommen hat, da wird auch die starke Frau schwach. Auch
1952 1450 3178 1490 AlKeine gewichtigen Probleme, nur ein paar leichte,
555 1448 1685 1487 diese komödiantenhaften Komödiantenszenen sind mit einem be¬
559 1481 1689 1525 wundernswerten Schmiß entworfen. Ein Brillantfeuerwerk von
1956 1474 3175 1527 ein wenig nachdenklich beschwerte, sorgfältig facettierte Stim¬
554 1510 1691 1578 Pointen, Ironien und Sentenzen wird da abgebrannt und das
1960 1496 3210 1578 mungsbilder, abrupte, mehr auf dialogische Wirkung gestellte
551 1556 1687 1606 Publikum staunt und lauscht entzückt und vielleicht sogar be¬
1959 1541 3201 1623 Szenen von jener halb lustigen, halb melancholischen Schnitzler¬
551 1599 728 1663 geistert.
1962 1600 3153 1661 schen Art, von jenem ungekünstelt künstlerischen Rhyihmus in
644 1615 1687 1695 Der Schlußakt „Das Baichu's'f'est“ Ein Schrift¬
1953 1644 3232 1718 Wort und Handlung. Der erste Akt liegt noch ganz auf dew
550 1664 1697 1729 steller hat sich einer Arbeit zuliebe in eine Einsamkeit ver¬
1960 1689 3182 1741 Grunde der Schwermut: „Stunde des Erkennens“. Ein
549 1715 1694 1754 krochen und seine Gattin allein gelassen. Der Gelangweilten hat!
1963 1730 3182 1797 kleiner, von der Gedrücktheit seines Schicksals verbitterter Arzt,
553 1757 1689 1795 sich ein Kurmacher angenommen, der mit der Frau eine lebens¬
1953 1765 3185 1832 der das Wissen von dem Fehltritt seiner Frau stumm durchs
561 1791 1690 1843 längliche Hochzeitsreise antreten möchte. Da tritt der Ehemann
1954 1823 3180 1877 Leben geschleppt hat, löst an dem Tage, da die einzige Tochter ver¬
549 1831 1696 1881 dazwischen. (Es geschieht originellerweise auf einer Bahnhofs.
1956 1860 3178 1920 heiratel ist und das freudlose Haus verlassen hat, das Siegel von
558 1875 1679 1919 halle.) Der Gatte predigt von den Bacchusfesten der Griechen.
1957 1901 3186 1969 seinen Lippen, hält kalt und mit mathematischer Gründlichkeit Ab¬
555 1915 1689 1969 An dem einen Abend des Jahres waren griechische Männer und
555 1952 1684 2003 Frauen Herren uneingeschränkter Freiheit. Nach dem Feste hatte
1960 1945 3179 1998 rechnung. Ein düsteres Familienbild, durch das vielerlei Schatten
547 1991 1683 2050 aber jeder Teilnehmer die Pflicht, alle Genüsse des Festes zu
1964 1973 3208 2049 von Mißverstehen huschen. Das knappe Bild einer Fehlheirat.“
551 2031 1683 2084 vergessen. Diese Belehrung des nachsichtsvollen Gatten genügt.
1957 2015 3189 2104 Zwei Menschen, die Jahre lang aneinander vorbeigelebt haben: 7
550 2071 1688 2127 Die Frau geht natürlich wieder mit dem Gatten, wahrschein¬
1950 2070 3199 2135 ihr gemeinsames Band war längst zu Eis erstarrt, und wir hören“,
1245 2112 1689 2166 .Dieses unvergängliche
560 2111 1194 2170 lich bis zum nächsten Bacchusfest.
1952 2119 3202 2184 es knacken und bersten. Der Abschied eines Jugendfreundes, in dem
556 2141 1690 2211 Motiv putzt Schnitzler in seiner geistreichen Art auf und behängt
1955 2169 3187 2221 der Gatte fälschlich seinen Rivalen vermutet, fördert die große
556 2190 1629 2238 das durchsichtige Spiel mit einer Menge glitzernder Worte.
1966 2197 3185 2256 Beichte. Harry Walden gibt diesem mit sich und der Welt zer¬
636 2228 1707 2292 Herr Walden spielt (nach Vorschrift des Dichters) die
1958 2244 3189 2314 fallenen Dr. Eckhold das elegische Dunkel, das beinahe wie Cha¬
556 2261 1701 2338 brei Männerrollen. Er ist immer unheimlich geschickt und sicher.
1961 2287 3172 2346 rakterstärke aussieht. Frau Bleibtneu hält sich taktsicher im
549 2317 1703 2354 Der verbitterte Dr. Eckold gelingt ihm aber doch nicht. Sein
1961 2322 3202 2391 Sturm zwiespältiger Empfindungen. Devrient führt als ihr
550 2359 1702 2418 Huß und seine Sehnsucht nach Erniedrigung der Frau hat zu
1952 2361 3209 2422 Partner seine Klinge gut. „Große Szene“ heißt der zweite
558 2396 1705 2446 wenig Kraft. Vortrefflich Herr Devrient, immer noch bestes
1954 2415 3217 2474 Einakter. Hier ist der eheliche Katzenjammer ins Komödiantische
544 2440 1691 2498 Burgtheater. Frau Bleibiren nimmt die Frau ein wenig
1951 2459 3216 2526 gewendet. Ein großer Mime, der das Abenteuern nicht lassen kann,
558 2484 1685 2531 zu schwer. Man fühlt, diese erniedrigte Frau schließt mit dem
1961 2489 3222 2561 und doch sein kleines Frauchen abgöttisch liebt, muß, zwischen.
557 2520 1684 2568 Leben ab. Am besten ist Herr Walden als der große Komö,
1954 2546 3200 2614 häuslichem Versöhnungsakt und Hamlet=Vorstellung, eine große
554 2556 1686 2613 diant, der die interessante „große Szene“ mit dem Liebhaber
1956 2598 3180 2643 Szene spielen, um das Ungewitter abzuwenden, das in Gestalt des
553 2598 1689 2651 seiner Geliebten zu führen hat. Das ist der Schauspieler, der
555 2636 1689 2688 jedes Publikums sicher sein darf. Fra: Medelsky ist zu
1960 2642 3186 2691 Verlobten eines seiner jüngsten Opfer hereinbricht. In diesem Ein¬
563 2665 1706 2728 weinerlich und zu sentimental. Sehr lustig, wenn auch ein
1962 2668 3184 2743 akter ist alles nur Momentphotographie, ein hastiger Wurf volkdra¬
567 2718 1699 2759 wenig zu breit Herr Tiedtke. Herr Gerasch versagte.
1971 2723 3182 2775 matischen Explosionen, ein Sprudel von Sentiments und
559 2756 1693 2822 Im Schlußakt versucht Fräulein Wohlgemuth ein Bild der
1962 2769 3175 2817 Ironismen, wie ein atemloser Kulissenscherz prasselt das ganze
555 2797 1683 2862 schönen Frau, an die sich unbedingt der Schriftsteller hängt, zu
1963 2812 3185 2874 Feuerwerk ab und man spürt: es ist doch nur ein Zwischenakt
559 2844 1684 2890 geben. Es gelingt ihr fast ebenso gut, wie Herrn Rhomberg
1964 2847 3174 2903 zwischen zwei Abenteuern. Wird auch mit bravourösem Tempo ge¬
555 2879 1702 2940 der komische Liebhaber. Herr Walden ist wieder geschickt und
1969 2886 3180 2947 spielt. Walden, als Konrad Herbot, der Mime, behaglich ganz
562 2916 1285 2984 sicher in der dritten Verkleidung ...
1969 2939 3184 2991 in seinem Element schwimmend. Frau Medelsky ein rührend
643 2938 1702 3019 Die Inszenierung nahm auf die Akustik des Hauset
1962 2984 3166 3039 guter Hausgeist. Tiedike als Theaterdirektor eine in flüchtige.
547 2977 1694 3057 wenig Rücksicht und verurteilte die Darsteller meist zur Ton¬
1964 3008 3199 3076 Strichen humorvoll gezeichnete Prachtfigur. Tilly Kutschera in
550 3041 1713 3091 losigkeit. Das erste und das dritte Stück errangen bloß einen
1972 3064 3187 3117 einer kleinen Episode von köstlichster Beweglichkeit. „Das
547 3084 1701 3135 Höflichkeitserfolg. Nur das Mittelstück, die wirklich große
2324 3108 3196 3172 Eine groteske Bahnhofszene: frappantes
1964 3108 2312 3173 Bacchusfest.“
546 3109 1691 3194 Theaterszene, hatte eine stärker „durchgreifende Wirkung.
1973 3133 3190 3206 Finale einer kleinen Eheverrenkung. Die Ausreißerin
549 3162 1482 3231 Arthur Schnitzler erschien oft vor der Ramne
1967 3195 3184 3255 schüttelt den Liebhaber ab, der heimkehrende Gatte triumphiert.
1971 3230 3195 3288 Walden ist wieder vortrefflich, aus jedem Wort, jedem Blick
1965 3269 3193 3330 leuchtet, wuchtet, flammt die weltmännisch kluge Ueberlegenheit, die
1977 3323 3203 3375 den armseligen Seladon (Romberg) zu Staub versengt. Fräu¬
1966 3362 3201 3423 lein Wohlgemu#has rothaarige Sünderin trägt ihr Persckt
3023 3403 3161 3478 2.
1957 3408 2226 3486 mit Grafte.“
