3344 4352
268 202 1977 280 26. 1. Kongedie der Norte—Zyklus
434 743 1674 911 n Schnitzler und Tolsloi.
682 903 1787 979 Moissi=Gastspiel im Deutschen Theater.
678 990 1828 1054 „Wir spielen immer; wer es weiß, ist klug.“ Das ist das
627 1040 1830 1099 Merkwort, das über dem Schnitzlerschen Einakter „Para¬
622 1095 1835 1143 celsus“ schwebt. Hatte Bassermann einen Tag vorher im
617 1124 1838 1186 Kammerspielhaus die Kraft seines beherrschten und entfesselten
626 1181 1835 1230 Temperaments an drei Spielen des Dichters bewährt, die satirisch
623 1221 1830 1263 in die Selbsttäuschungen der modernen Gesellschaft hinein¬
630 1256 1838 1317 leuchten, so stellte Moissi gestern im Deutschen Theater seine
625 1309 1827 1364 gelassene Ruhe, aus der Charaktergeheimnisse hervorblitzen, in
626 1350 1837 1408 den Dienst dieses scharf= und tiefsinnigen Schnitzlerschen Ein¬
638 1393 1834 1440 akters, des bewußt geistigen Spiels, das durch den Schein der
455 1390 595 1469 2
624 1429 1834 1495 Täuschung die innere Wahrheit aus dem Menschen herausholt.
643 1480 1845 1536 Schnitzlers „Paracelsus“ der Wunderarzt des sechzehnten Jahr¬
629 1522 1833 1577 hunderts, erscheint als Hypnotiseur, der alle Feinheiten und Ge¬
623 1562 1838 1627 heimwirkungen der Suggestion den Erfahrungen unserer Tage
623 1615 1834 1664 vormegnimmt. Er weckt in den Philistern die Ahnung eines
620 1646 1837 1705 #tiefen Zusammenhangs zwischen Traum und Wirklichkeit, bringt
634 1693 1840 1750 eine sensitive Frau zum Geständnis ihrer geheimsten Sehnsucht
497 1626 603 1769 N
627 1737 1838 1789 und den plumpen, wirklichkeitsstolzen Gatten zum Gesühl seiner
636 1777 1832 1827 durch Träume bedrohten Sicherheit. Moissi hat in Erscheinung
631 1805 1854 1880 und Ton die milde Sicherheit dieses Heilkünstlers, den genialischen
633 1869 1844 1923 Ausdruck der Unnahbarkeit, den kein Hochmut des Banausentums
621 1909 1841 1965 ansicht, man glaubt ihm den Kenner von Höhen und Tiefen, dem
632 1952 1841 2010 sich das Vertrauen der Menschen in stillem Schauer erschließt.
633 1989 1846 2050 Ob sich in die wohlgetroffene Art des überlegenen Selbstgefühls
632 2035 1832 2092 nicht mitunter ein Zug eitler Selbstgefälligkeit einschleicht, ist
634 2084 1830 2133 eine wohlaufzuwersende Frage, — die Rolle freilich legt dieses
628 2124 1845 2188 geistige Narcissuobehagen, die Freude an der Bespiegelung des
627 2171 1421 2240 eigenen Selbst außerordentlich nahe. ...
660 2208 1839 2265 Höher steht mir das andere Charakterbild, das der Künstler in
499 2232 619 2326 O.
626 2262 1835 2316 Tolstois echt nationalen russischen Volksszenen: „Er ist an
635 2298 1843 2367 allem schuld“ in der zartesten Farbe anlegt und durchbildet.
634 2340 1841 2395 Er gibt da einen verkommenen Burschen, der als hungernder
629 2390 1846 2459 Bettler in ein Bauernhaus kommt und sich, da man ihm Brot
632 2443 1847 2494 und Tee bietet, als feinfühliger Kavalier und Weiberfreund, dann
630 2475 1835 2534 beim Branntwein als Sprecher und Sänger der von Rührselig¬
642 2525 1845 2574 keit dursthauchten Lustigkeit, entfaltet und zuletzt unter
633 2556 1842 2626 dem Einfluß des Alkohols („Er ist an allem schuld“) stibitzt und
636 2605 1847 2671 als Dieb ergriffen wird. In der Schüchternheit, in der zagen
633 2643 1838 2717 Demut, in der geschwätzigen Galanterie dieses halbgebildeten
638 2698 1845 2764 Lumpen steckt eine eigenartige Liebenswürdigkeit der gebrochenen
634 2741 1849 2800 und doch zur Harmonie hinstrebenden Natur, so daß man den
637 2796 1844 2839 rohen, aber gutartigen Menschen, die ihn schließlich laufen lassen,
639 2820 1850 2871 von Herzen zustimmt, und das Wort der Bäuerin: „Er ist ein
631 2874 1850 2926 Mensch“ in allen Gemütern Widerhall findet. Die von Nichard
642 2911 1844 2986 Gerner inszenierten Stücke waren im ganzen gut einstudiert, und
2113 190 2586 275 box 32/6
2214 1173 2912 1305 gpces senvensmasden
2403 1292 3035 1413 E. LGIIIN
2106 1414 2989 1498 enöiives erbrichts TeIrUNelAuIIENAMada¬
2122 1468 2986 1563 BERLIN SO 16, RUNGESTRASSE 22-24
2013 1548 3065 1609 Bearbeitet die deutsche und ausländische Presse auch auf Inserate.
2026 1603 3064 1655 Lietert Listen über geplante Bauten aller Art, Geschäftseröffnungen.
2366 1637 2694 1681 Festlichkeiten usw.
2113 1719 2967 1836 Neue preußische=Zeitung
2088 1817 2986 1881 (Kreuz=Zeitung, Morgenausgabe  Berlin SW. 46
2294 1856 2790 1921 Ausschnitt aus der Nummer vom:
2485 1929 2904 2050 3 - MAl W24
2370 2070 2709 2146 Runstchronik.
2004 2109 3155 2199 Ein Bessermann=Abend in den Kammerspielen. Drei Ein¬
1932 2177 3157 2242 akter von Arthur Schnitzler gaben am Donnerstag abend
1925 2210 3153 2274 Albert Bassermann Gelegenheit, die Mannigfaltigkeit seines
1930 2247 3155 2324 großen Könnens leuchten zu lassen. „Die Stunde des Erkennens“
1923 2274 3171 2373 K.Große Szene" und „Ein Bacchusfest“ —in allen drei Stücken
1925 2332 3167 2399 handelt es sichum eine Eheirrung; zwelmal ist die Frau die
1925 2371 3159 2428 Sünderin,  wirksamsten ist di „Gtoße Szene“; in ihr ist
1937 2402 3183 2478 der Masn der Schuldige, der Hofschausvieler Herbot, der den
1932 2452 3170 2520 Bräutigam der Verführten in einer großen Szene hinters Lich¬
1946 2478 3174 2559 führt und sich durch List, Lüge und Schauspielerei den Folgen
1935 2526 3179 2591 seiner Lumperei zu entziehen weiß. Abgesehen von der Tendenz!
1936 2561 3173 2648 hat Schnitzler in diesem Werkchen mehr als bloßes Feuilleton ge¬
1948 2584 3219 2685 geben. Herbot ist in der Tat eine vollsaftige Bühnengestalt, ein 1
1947 2650 3128 2719 Kerl, der alles beherrscht und stets Glück auf der Szene macht. —
1948 2680 3173 2751 Albert Bassermann der auch als Arzt im ersten und Schrift¬
1946 2723 3176 2796 steller im letzten Stück sehr fein war, bot als Herbot eine virtuose
1949 2763 3179 2832 Leistung. Das Feuer und die Beweglichkeit, mit denen er den
1944 2802 3168 2873 Herbot gab, waren einfach hinreißend und brachte ihm wohl ver¬
1945 2841 3164 2903 dienten Triumph. Neben Bassermann behauptete sich Else
1954 2866 3180 2952 Bassermann (Frau Sophie) und Sigmund „Nunberg
1952 2909 3181 2990 (Theaterdirektor), dessen komische Trockenheit äußerst wirksam war.
1957 2958 3174 3013 In den beiden anderen Stücken waren Julia Serba (Frau
1947 2997 3169 3064 Klara), Paul Bildt (Ormin), Anni Mewes (Frau Agnes)
1954 3040 3186 3113 und Werner Hollmann (Wernig) tüchtige Partner Basser¬
1954 3071 3188 3156 manns. — Der Beifall des ausverkauften Hauses war sehr stark
2985 3117 3159 3169 Fdes.“
