3392 4352
2128 207 2601 299 box 32/2
276 222 2133 292 26.1. Konoedie der orte zuklus
1489 890 2230 984 der selbstgefälligsten Weise in der
1564 947 2242 1030 ändigkeit bespiegelt, Eide bricht
1565 1002 2236 1069 er, mit seiner Verderbtheit ko¬
1558 1045 2225 1113 er seine auf den Gipfel getrie¬
1525 1079 2224 1157 i und Lüge für eitle dramatische
1502 1130 2219 1207 und der doch auf der anderen Seite
1382 1163 2226 1248 hne seine philiströs und bürgerlich ver¬
1367 1205 2220 1290 te Frau auskommen kann. Um diese
1351 1254 2225 1331 ggelegentlich fast ins Groteske gehenden
1313 1298 2213 1377 praktere gruppiert sich nun als Gegenstand
1307 1340 2215 1419 er Absonderlichkeiten eine Zahl mehr oder
1298 1378 2218 1451 niger biederer und durchschnittlicher Leute,
1311 1420 2213 1500 er ihnen auch ein Theaterdirektor, der über
1306 1470 2213 1538 en herzerfrischenden Sinn für das Reale
1304 1506 2223 1589 fügt und mit unerschütterlicher Ruhe allem
1303 1557 1808 1630 güte Seite abgewinnt.
1295 1581 2209 1681 Man muß sagen, daß Schnitzler den Dar¬
1231 1618 2201 1724 stellern nicht immer eine leichte Aufgabe ge¬
1227 1678 2203 1763 stellt hat, namentlich in der Verkörperung der
1224 1720 2210 1811 drei sonderbaren Heiligen. Deren hatte sich
1213 1766 2196 1853 Bruno Harprecht angenommen, und man
1215 1807 2199 1900 darf feststellen: mit dem erfreulichsten Erfolg¬
1224 1850 2198 1944 Er traf ebensogut den Ton innerer Verbissen¬
1215 1891 2188 1984 heit, wie den des durch gewaltsame Selbstbe¬
1211 1936 2187 2031 herrschung klug Berechnenden und den des
1197 1997 2191 2056 ganz und gar Triebmensch sein Wollenden.
1195 2026 2200 2112 An den wenigen Stellen, wo echte Leidenschaft
1196 2070 2184 2154 zu Tage trat, gab er auch dieser ihr Recht. Sein
1187 2106 2190 2206 Löwentanteil an dem darstellerischen Erfolg
1194 2157 2189 2241 steht außer Frage. In der Rolle der Gattin¬
1186 2203 2189 2282 nen waren ihm Charlotte Pils. Käthe
1189 2239 2186 2341 Gathe und Käthe Melkner,treffliche Ge¬
1190 2310 2180 2382 genspielerinnen. Der zu spät gekommene Lieb¬
1203 2347 2191 2429 haber war mit Johannes Heinz, der gefoppte
1202 2394 2182 2457 mit Franz Schneider in bester Weise be¬
1194 2418 2182 2520 setzt, dem betrogenen Bräutigam verlieh Kurt
1189 2487 2174 2555 Ehrle glaubhafte Züge. Für die dankbare
1180 2514 2174 2602 Rolle des Theaterdirektors erwies sich Rudolf
1189 2570 2172 2648 Weisker in der Tat dankbar, indem er ihm
1185 2593 2168 2687 zu unaufdringlicher, aber gleichwohl ungemein
1186 2649 2169 2733 wirksamer Vertretung verhalf und jedenfalls
1183 2699 2171 2774 damit das seine tat, um den Schlußapplaus
1171 2734 2157 2823 „vorzuwärmen“. Für ansprechende Bühnen¬
1179 2783 2166 2865 bilder und flottes Zusammenspiel hatte die
1168 2819 2072 2924 Regie Baumeisters Sorge getragen.
1233 2891 2164 2997 Man hatte hier die drei Einakter nach
1173 2910 2156 3026 dem Grade ihrer Bühnenwirksamkeit geordnet,
1159 2987 2161 3056 ein Vorgehen, das sich als durchaus richtig er¬
1160 3041 2164 3111 wies, Das erste Stück hatte das Publikum
1174 3075 2153 3162 nicht sonderlich zu erwärmen vermocht, der
1171 3117 2157 3197 mäßige Beifall kam wohl mehr auf Kosten
1167 3152 2157 3252 der Darstellung. Nach dem zweiten und drit¬
1163 3198 2155 3290 ten aber ergaben sich Beifallskundgebungen in
1155 3239 2153 3328 steigendem Maße, und das Gesamtbild war das
1163 3290 2142 3366 eines guten Erfolges und einer im wesentlichen
1158 3321 2147 3412 dankbaren Aufnahme durch das Publikum.
1158 3390 2146 3469 Sachen, wie die Schnitzlerschen sind ja nicht
1154 3425 2144 3505 geeignet, sogenannte rauschende Erfolge aus¬
1146 3479 2135 3554 zulösen. Darum bleibt aber der Wert der er¬
1150 3504 1800 3592 sten Aufnahme um so größer.
1964 3531 2094 3599 sck=
