3436 4224
538 1162 1686 1277 Ausschnitt aus: Volkstreund, Brüng, Mähr.
560 1255 714 1331 vom:
963 1274 1165 1337 11 1975
817 1314 992 1383 B
670 1367 1463 1493 —Theater und Kunst.
551 1446 629 1541 2
623 1463 1667 1547 GKomödie der Worke.“) Drei Einakter von
494 1538 1666 1615 Arlhye-Schler Der Titel scheint auf Gemein¬
488 1593 1668 1646 sames im Ideengehalt der Einakter hinweisen zu wollen.
501 1654 1670 1695 Im Grunde genommen entsprichl er nur dem zweiten,
487 1710 1664 1764 werkvollsten Stück „Große Szene“, worin ein gewandter
492 1738 1660 1807 Schauspieler sich Dank seiner überlegenen Rede= und
486 1796 1662 1858 Schauspielkunst aus einer peinlichen Lage befreit. Die
486 1846 1656 1905 beiden anderen Stücke sind „Komödien der Worke“ in¬
486 1894 1668 1950 sofern, als man mehr oder minder jedem Thealerstück
492 1939 1658 1991 diesen Untertitel beilegen könnte. Müssen wir uns doch
483 1985 1665 2040 im gesellschaftlichen Leben mit den abgegriffenen Scheide¬
490 2043 1656 2111 münzen der Worte begnügen, sie als Symbol für unsere
490 2092 1663 2159 Gedanken und Gefühle gelten lassen. Auch auf dem
482 2143 1660 2209 Theater. Hier lassen wir uns durch Worte und Gesten von
481 2198 1658 2232 Scheingefühlen und einer Welt von verschwommenen und
490 2237 1661 2306 ungeklärten Begriffen überzeugen und mitreißen. Ge¬
488 2295 1658 2357 meinsam an den Einaktern ist, daß der Verfasser in allen
478 2345 1662 2399 mit Ehebrüchen rechnet; eine Rechenmethode, die sich bis
488 2390 1659 2438 auf den heutigen Tag in der Literatur als am einträg¬
483 2447 1650 2504 lichsten erweist. „Stunde des Erkennens“ ist ein kunst¬
489 2483 1648 2545 voll ineinandergeschachtelter, geistvoll geführter Dialog,
477 2541 1661 2604 das „Bacchusfest“ hingegen etwas primitiv und dürftig
479 2589 1655 2647 geraten. Die führenden Rollen spielle Herr Walden
484 2641 1650 2676 vom Wiener Hofburgtheater virtuos, mit überlegener
476 2691 1648 2751 Technik, nur mitunker etwas zu laut und vordringlich,
475 2739 1673 2798 ohne Rücksicht auf seine Partner, die sich nicht dagegen
483 2765 1668 2854 zu wehren vermochten, von ihm in Grund und Boden“.
472 2832 893 2900 gespielt zu werden.
1428 2834 1604 2912 S. E.
1958 96 2282 174 Ceechrurunge
2025 131 3122 188 Brünner Rellnen#und Markörverein. Wie alljährlie
1924 181 3127 222 wird auch heuer ene Weihnachtsbescherung veranstaltet, und zwar
1937 212 3132 265 für die Kinder bedürftiger Mitglieder, die zum Militärdienste
1942 250 3137 313 eingerückt sind, sowie für Kinder von verstorbenen Mitgliedern.
1938 295 3139 352 Die Gesuche mit Anaabe der Anzuhl der Kinder und ihres Al¬
1945 348 3140 382 ters sind bis längstens 20. November in der Vereinskanzlei,
1939 374 3152 435 Josefsgasse 2, abzugeben. Am 2. Dezember wird der Zinsenertrag
1941 413 3128 463 des Kaiser=Jullsumsfonds verteilt. Die Gesuche sind gleich¬
1953 439 3141 543 falls bis #u 20. November in der Vereinskanzlei zu hinter¬“
1937 502 2090 585 legen¬
2842 522 3115 625 drt.
2884 594 3139 699 9
2136 606 2863 719 7 Theater und Kunst.
2022 670 3136 782 H# H.F Brünner Stadttheater. Drei neue Einokter
2483 754 3139 805 — im Grunde nur gute alte Be¬
1943 742 2450 825 von Axtur Schnitzler
2465 774 2497 815 —
1948 812 3147 884 kannte. Es#ftec Entwicklung in Schnitzlers
1946 861 3144 919 Natur, keine stöft he oder formale Erweiterung in seinem
1944 894 3154 957 Schaffen. Immer der gleiche Gesichtskreis, wenn auch immer
1945 953 3139 1027 virtuoser und subtiler ausgefüllt. Immer der gleiche inter¬
1936 1007 3149 1062 essante Fall, so recht eigentlich nur Schlußszenen, Ergebe.
1934 1041 3152 1106 nisse einer eingehenden — fast möchte man sagen „ärzt¬
1936 1095 3156 1164 lichen“ — Untersuchung. Das Wiener Milieu einer gewissen
1945 1134 3149 1205 Ecke, sentimentale Heiterkeit und lächelnde, schalkhafte Weh¬
1936 1183 3162 1251 mut, die gleiche Tonart, wie sie schon „Anatol“ einschlug.
1946 1233 3173 1302 Auch in der Form der alle Anatol; die gleiche Art der Cau¬
1940 1306 3149 1351 serie, der „dramatischen Novellette“. Und wohl auch wieder
1942 1328 3162 1415 Anatol und Max und das „süße Mädel“, die da über Ver¬
1951 1379 3152 1457 gangenheiten hinwegzukommen haben. Nür daß die jungen
1945 1431 3156 1501 Herren von damals inzwischen angegraute Fachsimpler, die
1945 1494 3157 1556 süßen Mädeln bürgerliche Ehefrauen geworden sind. Und
1943 1530 3156 1599 daß es ihnen darum vielleicht etwas schwerer wird, über
1949 1592 3149 1649 Vergangenheiten hinwegzukommen. Die „Komödie der
1954 1638 3155 1707 Worte“ ist komplizierter, schärfer, fintenreicher gewor¬
1951 1677 3155 1752 den, als in den Tagen des Junggesellenheims; raffinier¬
1943 1731 3157 1803 ter die Kunst der Verstellung, prunkvoller die Maske der
1945 1767 3169 1841 lügnerisch=hehlenden Worte. In dieser Kunst liegt auch hier
1955 1829 3166 1905 Schnitzlers Stärke; in den hundertfältigen Finten und Pa¬
1949 1872 3168 1952 raden des Dialogs, in seinen kecken und verblüffenden Wen¬
1957 1947 3165 2010 dungen, in seinen geistvollen Paradoxen. So daß uns die
1959 1968 3174 2052 Menschen selbst weniger interessieren, als ihre vorgenom¬
1947 2026 3162 2082 menen Masken. Wer könnte sich sonst etwa zu der erklügel¬
1957 2080 3171 2147 ten Psychologie des ersten der drei Einakter — „Stunde
1954 2123 3172 2189 des Erkennens“ — bekehren lassen? Zu diesem prak¬
1950 2176 3166 2243 tischen Arzt, dem geschlagene zehn Jahre tatsächlichster ehe¬
1953 2230 3166 2297 licher Gemeinschaft nur als Vorbereitung zum ehelichen
1952 2273 3186 2339 „Abschiedssouper“ dienen? Auch hier eine widerliche Aus¬
1964 2334 3173 2391 einandersetzung betrogener Betrüger, aber wie alltagsfremd
1967 2395 3195 2458 in ihren Voraussetzungen gegenüber dem „Abschiedssollper“—
1957 2440 3176 2489 des jüngeren Schnitzler! Aus den zahmen Verrenkungen
1959 2477 3165 2553 von einst ist ein unglaublich komplizierter Bruch geworden,
1957 2533 3174 2598 einer, an dem die Wissenschaft verzweifelt. Hier vermag
1955 2575 3176 2640 auch die Kunst eines Harry Walden kaum mehr hilf¬
1973 2649 3173 2699 reich einzugreifen; es bleibt etwas Ungelöstes, Unbefrie¬
1957 2670 3172 2737 digendes zwischen Bühne und Zuschauerraum — Abstrakt¬
1958 2720 3175 2801 Literarisches, das der lebendigen Wirkung enträt. Vollgriffig
1962 2777 3167 2843 gibt sich die „Große Szene“ des Schauspielers Konrad
1957 2822 3165 2890 Herbot. Hier sind alle Prämissen des Erfolges, eines großen
1974 2887 3178 2936 Erfolges, gegeben. Die Komödie der Worte in ihrer selbst.
1966 2921 3179 2990 herrlichsten Erscheinung, gleichsam auf heimischem Boden.
1975 2980 3180 3034 Sind Worte selbst die besten Komödianten, so werden sie es
1976 3017 3180 3080 erst recht im Munde des Lomödianten. So daß sie diesen
1977 3080 3179 3143 selbst betrügen, zu ihrem halbgläubigen Publikum machen
1965 3121 3179 3189 können. Konrad Herbot lügt sich je souverän in seine Not¬
1965 3164 3174 3231 lüge hinein, daß er nicht mehr heraus kann. Ein Gewohn¬
1965 3230 3174 3283 heitslügner, der sich selbst belügt. So meisterlich ist das
1977 3269 3178 3355 alles gegeben, wie es kaum die Wirklichkeit besser ver¬
1967 3324 3188 3383 möchte. Und nun — paßt dieser große Komödiant zu einer
1967 3378 3181 3447 kleinen Ehe? Bestenfalls zu einer Theaterehe, wie sie Kon¬
1970 3407 3202 3475 rod mit seiner Sophie zu führen scheint. Einer Ehe, die
1971 3470 3188 3524 sich nur aus Fehltritten, Auseinandersetzungen und Ver¬
1968 3510 3183 3589 zeihungen zusammensetzt. Man denke sich die Christine der
1969 3554 3186 3626 „Liebelei“ weniger ernst nehmend, und sie ware bielkeicht
1971 3616 3180 3673 eine Frau, wie Sophie, geworden. Eine eheliche Fortsetzung
1973 3660 3180 3735 des süßen Mädels, nichts weiter. Auch Anatols Max fehlt
1974 3700 3194 3771 nicht in dieser Ehe: Der einsichlige Theaterdirektor Falk,
1980 3762 3186 3837 der diese Ehe immer wieder einmal zusammenleimen hilft,
1970 3812 3186 3870 wenn sie am meisten auseinanderzugehen droht. Daß
1980 3854 3187 3919 Herbot ohne dieses Ehe gewordene „Verhältnis“ überhaupt
1977 3922 3189 3974 nicht mehr Komödie spielen kann, ist eine feine ironische
1989 3971 3201 4026 Wendung. Die „Große Szene“ ist auch eine solche Harry,
1974 4007 3205 4119 Waldens geworden. Eine unendliche, unbesiegbare Be¬
