3344 4384
248 267 2593 343 26.1. Konoedie der Norte zykIus box 32/2
641 800 981 879 als sein Schf
1109 820 1211 882 —
633 855 2210 958 Unterseeboot den deutschen Dampfer „Germanid wabrend der m.
642 909 1880 1009 verfolgte. Die Besatzung der „Gudrun“ erhielt reichlich Zeit,
1869 947 3089 1013 gewesen. Die gewünschte Strafmilder„ g¬
636 944 1883 1038 von Bord zu gehen, sodaß sie noch verschiedene Wertsachen
1868 989 3097 1063 zustandsgesetz müsse raschestens erfolgen und könne durch den
641 988 3090 1108 retten konnte. Die „Gudrun“ wurde darauf von dem Unter= Bundesrat gemack werden. Redner forderte u. a. die Uebernahme
627 1077 1866 1174 und Pflicht der Militärgewalt.“ Sollte das nicht auch für
1870 1125 3087 1198 sondern im Plauderton zeigt er, wie vielgestaltig das Leben
630 1133 1865 1234 das durch England mit Aushungerung bedrohte Deutschland
1867 1160 3015 1230 ist, wie Frauen mit der Liebe und ihrer Sprache spielen.
631 1173 834 1249 gelten?
1942 1213 3095 1286 Der erste Einakter: „Stunde des Erkennens“ ist
721 1210 1868 1313 Das gefällt mir so ausnehmend gut gerade bei unse¬
1868 1248 3085 1334 etwas auf Ibsenschen Ton abgestimmt und erinnert fast an
643 1247 1865 1358 rem Etappendienst, daß alle Sonderinteressen wie Karten¬
1854 1291 3082 1371 „Nora“ nur eben in Schnitzlerscher Aufmachung. Der Arzt
630 1303 1859 1393 blätter umgeworfen werden können, wenn es gilt ein be¬
1863 1343 3089 1414 Dr. Eckold weiß, daß seine Frau einen anderen liebt, er weiß
631 1353 1862 1425 stimmtes Ziel zu erreichen. Ein Beispiel: Unser Hauptort
1863 1382 3095 1454 es seit zehn Jahren, aber er tut nichts, um dieses Verhältnis
625 1401 1870 1484 brauchte notwendig ein Bad für die Etappentruppen und die
1866 1429 3086 1505 zu stören, er zieht auch nicht selbst die Konsequenzen, sondern
634 1446 1863 1526 im Genesungsheim untergebrachten Soldaten, wie für das
1856 1472 3093 1539 spart die Rache auf, bis die Tochter verheiratet ist. Dann erst
625 1485 1865 1581 kleine Heer von Krankenpflegern, das für „unvorhergesehene
1866 1513 3076 1578 macht er seiner Frau Vorhaltungen über ihr Doppelleben.
628 1538 1863 1614 Fälle“ in Bereitschaft steht. In unserem ziemlich wohl¬
1863 1558 3076 1635 Sie hat um diese Zeit schon die Beziehungen zu dem anderen
630 1581 1853 1656 habenden Städtchen fand sich kein geeignetes Haus, um eine
1862 1597 3084 1673 aufgegeben. Aber sie ist stark genug, die Konsequenzen zu
632 1618 1849 1706 solche Einrichtung zu schaffen. Das Wort: „Wasser tuts frei¬
1853 1638 3090 1722 tragen und verläßt das Haus, offenbar um zu dem zu gehen,
630 1664 1857 1752 lich“ gilt bekanntlich nicht bei den Franzosen. Was tun? Der
1862 1692 3082 1761 zu dem ihre Scele sich hingezogen fühlt. Der Arzt wurde von
625 1710 1869 1799 frühere Kommandant unserer Etappe, Hauptmann St., setzt
1864 1735 3087 1787 Herrn Willy Schröder, einem neuen Mitglied, sehr gut
627 1755 1855 1846 kurzerhand die Brauerei außer Betrieb und dieselben
1861 1776 3077 1850 gegeben. Auch Frl. Marja Leiko wußte in ihre Rolle viel
619 1791 1857 1885 Maschinen, die früher der Alkoholerzeugung dienten, treiben
1849 1824 3078 1906 Seelengröße zu legen. Dagegen war Herr Klöpfer als
628 1845 1848 1928 heute ein Elektrizitätswerk und eine Badeeinrichtung, die
1858 1859 3071 1931 Nebenbuhler etwas zu berechnend, zu vorsichtig und ab¬
627 1892 1841 1968 vielen Hunderten von Menschen eine Quelle der Erquickung
1847 1905 3079 1983 wägend. Wie überhaupt der ganze Dialog etwas zu schlep¬
622 1931 1847 2004 und Freude in ihrem sonst so freudelosen Dasein wurde. Und
1846 1929 2068 2019 pend ist.
620 1968 1860 2061 unser jetziger Kommandant, Oberstleutnant G., schuf dazu
1934 1991 3078 2071 Auf einen lustigeren Ton ist der zweite Einakter:
625 2018 1848 2100 noch in dem Hause eines anderen Millionärs ein Soldaten¬
1858 2043 3072 2108 „Große Szene“ gestimmt. Eine Stunde vor einer Hamlet¬
618 2063 1849 2144 heim mit Lese=, Spiel- und Musikzimmern, Bibliothek, Bil¬
1849 2076 3065 2141 Aufführung hat ein Großer im Reiche der Bühne eine Aus¬
626 2107 1846 2183 lardsaal, Spielplätzen und Luftbad, so nett und zweckmäßig
1854 2122 3074 2199 einandersetzung mit seiner Frau, weil er die Braut eines
613 2148 1845 2237 eingerichtet und verwaltet, daß man nur wünschen könnte, auch
1842 2157 3080 2240 anderen verführt hat. Der Schauspieler Herbot ist eine echte
623 2202 1843 2281 in Friedenszeiten würde jedem Arbeiter in Deutschland solch
1847 2212 3076 2272 und rechte Künstlernatur, die zu Hause und auf der Bühne
611 2243 1840 2342 ein „Klubhaus“ zur Erholung von seiner Tagesarbeit ge¬
1847 2254 3072 2324 Komödie spielt. Sein Weibchen hat kein Verständnis für die
618 2289 846 2348 boten.
1848 2296 3065 2373 Moral dieses Mannes, findet sich schließlich aber doch damit
711 2332 1840 2399 Ein türkischer General sagte kürzlich zu einem amerika¬
1842 2340 3070 2406 ab und geht ins Theater, damit Herbot ihr den Hamlet spielt.
609 2361 1841 2459 nischen Ausfrager, eine der Erklärungen dafür, warum der
1845 2379 3074 2460 Der schauspielerische Leichtfuß wurde von Herrn Schröder
624 2419 1832 2495 „kranke Mann“ in diesem entsetzlichen Kriege so gut durch¬
1849 2426 3075 2506 ausgezeichnet gegeben. Poldi Sangora assistierte ihm
612 2464 1835 2536 zuhalten vermöge, sei der nach deutschem Muster durch¬
1843 2471 3079 2548 dabei vortrefflich und Herr Großmann stellte einen präch¬
620 2509 1833 2582 geführte, Etappendienst, die wirtschaftliche, politische und
1841 2510 3068 2585 tigen Theaterdirektor auf die Bühne. Dieser Einakter hatte
1837 2561 2395 2626 wohl den stärksten Erfolg.
618 2551 1847 2629 kulturgtke Sicherung im Rücken der kämpfenden Truppe. Das
614 2595 1836 2678 beginsten jetzt auch so langsam die Bewohner des von uns
1918 2596 3074 2673 Der dritte ist betitelt: „Das Bacchusfest“. Aber
611 2632 1834 2724 besetzten Gebietes einzusehen. Und wenn viele von denen
1840 2632 3075 2719 er spielt nicht im alten Griechenland sondern im Warteraum
611 2670 1833 2762 die früher geringschätzig auf die „boches“ heruntersahen,
1840 2683 3078 2764 eines österreichischen Bahnhofes. Während Fahrgäste kom¬
1844 2730 3069 2796 men und gehen, schmiedet die Frau eines Schriftstellers (Olga
616 2712 1829 2810 heute mt ungeheucheltem Respekt die Feldgrauen betrachten,
1838 2772 3064 2848 Fuchs) Pläne um mit ihrem Liebhaber, einem Fabrikanten¬
609 2769 1829 2855 so hat die Bienenarbeit der „niederen Stäbe“ in der Etappe
1834 2812 3072 2897 sohn (K. v. Möllendorf) die Ehe zu brechen. Der Schrift¬
619 2821 1373 2893 sichgt ihr gut Teil dazu beigetragen.
1502 2832 1806 2905 O. Quint.
1836 2858 3065 2931 steller kommt von der Reise zurück, erfaßt die Situation und
1843 2907 3075 2978 macht dem sich recht trottelhaft gebärdenden Liebhaber und
938 2891 1480 2980 Frankfurter Theater.
1842 2943 3059 3012 seinem Weibchen an der Erzählung des Bacchusfestes klar,
753 2934 1689 3023 Schnitzlers „Komödie der Worte“.
1837 2988 3059 3071 daß man ja wohl einmal in anderer Leute Garten spazieren
724 2992 1729 3078 Uraufführung im Neuen Theater.
1834 3034 3063 3115 gehen kann, daß das aber nicht zur dauernden Gepflogenheit
703 3047 1826 3124 „Komödie der Worte“ nennt Artur Schnitzler drei Ein¬
1824 3072 2109 3134 werden darf.
2092 3082 3056 3156 Das Weibchen begreift und der Liebhaber
607 3093 1817 3159 akter, die gestern ihre Uraufführung im Neuen Theater erleb¬
1824 3111 3063 3195 dampft ab. Der Einakter gefiel besonders wegen seiner ori¬
593 3126 1831 3209 ten. Er will sagen, daß Worte nur dazu dienen, die Gedanken
1832 3158 3063 3242 ginellen Inszenierung. Der Schriftsteller wurde von Herrn
607 3186 1831 3256 zu verbergen. Unter diesem Gesichtswinkel variiert Schnitzler
1828 3205 2771 3272 Schröder in ausgezeichneter Weise gespielt.
602 3227 1840 3312 in der ihm eigenen Art das Thema Weib — Liebe. Er gräbt
1908 3249 3058 3326 Das Haus war ausverkauft und spendete den drei Stücken
597 3272 2158 3362 nicht tief, wie Ibsen oder Strindberg, er löst keine Probleme, reichen Beifall.
2906 3312 3030 3381 2.
907 3404 1435 3623 ae
3187 883 3294 961 .
3087 919 3307 997 in Neuenb
3092 986 3320 1039 zose, hatte
3089 1013 3326 1076 beite eine:
3090 1061 3319 1116 im Schlept
3088 1101 3314 1166 werde verü
3152 1138 3301 1191 Nach
3092 1172 3318 1234 direkten
3090 1216 3324 1271 September
3088 1246 3328 1309 tember 191.
3088 1291 3336 1350 gegenüber
3149 1330 3324 1384 Das G.
3083 1349 3320 1425 einen amtli
3084 1413 3327 1463 Bahn am 2
3084 1447 3334 1519 eine Mine¬
3085 1483 3320 1557 gleisung g.
3089 1519 3292 1576 britische b
3080 1561 3302 1617 10 Meilen
3085 1598 3307 1659 Feind schei
3085 1630 3307 1693 nen rauch
3150 1677 3301 1735 In de
3082 1719 3295 1780 ten Fin
3081 1758 3287 1805 die Ein
3074 1793 3304 1848 Verfallta;
3076 1827 3303 1888 vom Ge
3077 1872 3293 1941 land ein
3082 1905 3291 1980 werden.
3152 1948 3283 2007 Das
3073 1969 3295 2051 eine Sch
3072 2022 3301 2095 als Lehre
3144 2051 3288 2118 Die
3076 2078 3288 2157 konden
3074 2141 3299 2206 verlänger
3142 2178 3289 2233 Im 8
3070 2204 3285 2273 depesch
3067 2255 3284 2312 Heft kost
3064 2293 3289 2345 die vollst
3063 2335 3281 2390 der Türk
