3344 4352
1223 241 1292 310 W
2104 234 2590 334 box 32/3
258 252 1974 350 26.1. Konoedie der dorte zyklus
1767 1328 2194 1428 erenenenrerereene mnmereren.
1601 1406 3335 1490 mit dem, den sie liebte, sondern mit einem anderen, einem Zu= ist nichts als ein einziges ##
794 1401 1563 1540 Feuilleion. 20%
1607 1453 3345 1536 fälligen, den sie längst schon aus dem Herzen getilgt hat, so wiegreift, erfaßt sie der Ekel, #
1598 1491 3336 1571 auch ihre Schuld, über die zehnjährige eheliche Freundschaft ge¬ Frauen ihre Männer erkenn
1594 1538 3347 1616 wuchert ist. Aber dem Doktor Karl Eckold, der den Ingrimm Stürmt er doch im Hamlets
448 1427 1581 1647 Schnihzler-Abend im Lessing-Theater.
1594 1570 2818 1655 eines wissenden Hahnrei zehn Jahre unterdrückte, beliebt es, mit
2802 1602 3332 1661 zimmer und trägt sie, ehe
1588 1640 2812 1708 einem Male abzurechnen. Solange die Tochter im Hause war,
477 1625 1547 1701 „Komödie dek Worte.“ — Drei Einatter.
2807 1636 3351 1702 Armen in das Theater, weil
1597 1672 2802 1738 sollte der Skandal vermieden werden, jetzt, wo sie geheiratet hat,
2792 1676 3340 1758 der Loge sitzt. Solchen Argu
466 1679 1602 1765 Der einunddreißigjährige Schnitzler schrieb die Geschichte
1597 1701 2812 1796 dünkt ihm längeres Zusammenleben unmoralisch. Und der Gatte
2805 1723 3273 1796 lich nicht standzuhalten.
394 1740 1606 1808 Anatols, dieses etwa gleichaltrigen jungen Mannes, des Lebens¬
1606 1767 2812 1828 enthüllt sich. Er macht reinen Tisch, spricht frei von der Leber,
2859 1757 3353 1844 Dem Schriftsteller Felix
401 1773 1606 1859 (künstlers und Wortkomödianten. Inzwischen sind die Jahre sei¬
1613 1808 2810 1872 was er all die Jahre bei sich getragen hat, demütigt die Frau,
2803 1797 3352 1877 werden. Von einem jungen
397 1831 1610 1894 ner Helden, zugleich mit denen des Dichters, gestiegen, aber die
1599 1842 2800 1916 bekennt sich brutal zu seinem Ich: Nicht, daß du mich hinter¬
2793 1856 3345 1920 keit in die Tasche steckt. Und
391 1878 1607 1944 Helden sind alle irgendwie solche Anatols geblieben, Leute, die des
1606 1890 2804 1957 gangen, vermag ich nicht zu verzeihen, sondern, daß du mich ge¬
2801 1902 3361 1979 benden erwarten den Ehem
399 1918 1607 1980 Daseins Stürme in ein Wasserglas zu bannen verstehen, mit
1604 1917 2809 1999 rade mit ihm betrogen hast, mit dem Professor Ormin, meinem
2793 1942 3337 2015 Tiroler Gebirgsstation, sie
395 1944 1608 2022 Worten sich Brücken über Schmerzensabgründe bauen und niemals
1598 1977 2799 2046 Nebenbuhler, der es „weiter im Leben brachte“ den ich beneidete.
2788 1986 3336 2054 einigen. Er kommt und we
388 1987 1614 2071 ihre elegante, besonnene Haltung verlieren. Arthur Schnitzler hat
1607 2018 2812 2101 Dort ist die Türe! Es gibt Gattenrechte, die sich nicht verjähren.
2798 2028 3347 2098 legenheit spielen und gewin
388 2039 2796 2127 keine Tragödien zu vergeben. Denn jegliche Leidenschaft biegt für — Sie aber lehnt sich auf gegen diesen Ueberfall, revoltiert gegen
2789 2069 3356 2141 vollendeten Drama „Das Ba
387 2097 1610 2157 ihn, lange ehe sie den Höhepunkt erreicht, in den Weg der Ironie,
1609 2104 2803 2173 seine lange Schweigsamkeit, revoltiert, daß er sie insgeheim in der
2796 2110 3341 2186 bestehen, er wird abgefertigt
393 2123 1609 2199 des Selbstzweifels und der Blasiertheit ein, er kennt nur wohl¬
1598 2150 2807 2209 Hand gehalten und mit ihr sein Spiel getrieben hat. Man sagt
2798 2152 3339 2232 glück verkleistert ein milder
391 2182 1607 2243 erzogene und wohlhabende Menschen mit einwandfreien Bügel¬
1608 2195 2809 2254 einander ungetünchte Wahrheiten, wühlt den Schlamm einer alten
2854 2207 3341 2270 Kein Zweifel, daß Arthi
393 2216 1609 2287 falten, denen es ihre guten Manieren verbieten, ungestüm zu wer¬
1590 2232 2802 2299 Ehe auf. Er triumphiert, scheinbar als der Stärkere. Doch nicht
2802 2235 3332 2312 tiker ist; man hat dies schon zu
383 2256 1606 2326 den und die viel zu gescheit sind, als daß sie mit überlauter
1594 2280 2803 2358 bis zum Schluß, denn sein Verdacht war falsch, vom wirklichen
2799 2281 3355 2366 Seine Dialoge sind witzig ode
385 2292 1597 2370 Stimme gegen das Schicksal haderten. Ihr Blut kennt keine
1602 2320 2796 2397 Dieb seiner Gattenehre ahnt er nichts, und die Hörner bleiben ihm,
2801 2335 3360 2404 je nachdem. Man kann von
390 2351 1610 2415 Siedehitze und keine Eiseskälte, es gerät schlimmstenfalls in
1594 2366 2799 2428 zugleich mit dem Fluch der Lächerlichkeit vor der eigenen Frau.
2791 2370 3362 2446 verlangen mag. Es sind We
376 2387 1595 2456 mäßige Wallungen, das ist der Punkt, über den sonst kein Mann
1594 2413 2798 2472 Im Widerwillen vor seinem entlarvten Gesicht, geht sie. Nicht weil
2791 2420 3361 2476 heiten, die es verdienen, nach
381 2430 1608 2503 hinwegkommt — die Enkel Anatols sind darüber mit mehr oder
1601 2446 2798 2516 sie müßte, beinahe wäre sie geblieben, fast hätte er verziehen. Die
2794 2471 3360 2532 Brillantfeuerwerk von Worte
379 2471 1599 2547 minder gewandter Sprungkraft hinweggehüpft. Denn wäre es nicht
1598 2502 2788 2559 Kluft zwischen den Zweien ist gar keine Kluft, nur ein erträglich
2794 2513 3328 2569 leichtem, diskretem Knall ex
390 2521 1599 2588 töricht und auch ein wenig lächerlich, vor dieser Grenze haltzu¬
1590 2540 2791 2610 breiter Graben, über den man unschwer hinüber könnte. Jedoch
2785 2547 3351 2621 Flammenräder, die sich drehen
387 2565 1596 2631 machen? Es brachte das Herz aus dem Gleichgewicht, und es er¬
1600 2578 2797 2667 der Dichter will es anders: Er nimmt einen Anlauf dazu, stark
2797 2597 3359 2655 sichtbaren Inschriften, die ma
384 2608 1599 2675 gäben sich grausame, vielleicht sogar schmutzige Verwicklungen,
1589 2616 2261 2680 zu sein. Er wird nur gewalttätig.
2779 2643 3349 2694 sind da, wirklich viele Gedan
389 2652 1601 2721 gewiß aber gerieten Seele und Leib in Unordnung. Gute
1662 2660 2795 2745 Die „Große Szene“, die Schauspieler Konrad Herbot seiner
2781 2676 3344 2745 danken nicht inhaltsvoll sein,
391 2697 1589 2760 Bürger bleiben sie alle, alle. Man verliert nicht den Aiem, wenn
1599 2691 2786 2787 Frau vorspielt, ist auch eine Stunde des Erkennens. Sie erkennt
2786 2727 3338 2790 damals beklemmend frühreif
382 2748 1598 2810 er nur etwas perfümiert ist, und man stürzt sich eben nicht vom
1589 2757 2787 2828 die Theaterseele dieses Kulissenreißers, erkennt, daß er ein
2793 2766 3360 2836 sprochen, also ein Menschenleb
383 2784 1599 2853 Salonfenster auf die Straße. So kann es geschehen, daß ein
1600 2800 2794 2867 Komödiant ist auch vor ihr. Unbeschwert von Gewissensskrupeln,
2844 2796 3345 2881 Die Darstellung: Es is
386 2821 1599 2891 Dichter beinahe ein Vierteljahrhundert lang in den Tiefen der
1593 2840 2794 2902 hat er sie betrogen, mit gleicher Leichtigkeit macht er ihr seine
2789 2842 3363 2912 gibt den Arzt, den Schauspic
382 2878 1597 2933 Menschlichkeiten schürft und doch nur abgerundete, zerbrechliche
1598 2888 2781 2951 Schuldgeständnisse, und ohne größere Beschwernis düpiert er den
2778 2896 3363 2966 mit allen Infamien eines tück
387 2919 1599 2978 Gefühlchen ans Tageslicht gefördert hat, Abkläricht und immer
1593 2930 2794 3000 Verlobten jenes jungen Mädchens, das ihm den Sommerurlaub
2784 2929 3347 3002 Assyrerbart reizt. Den Zwei
376 2955 1592 3035 wiederum Abkläricht. Nun, auch auf Lackschuhen kommt man in
1586 2970 2791 3039 versüßte. Künstlertum und Ehe, Liebe und Ehre, Wahrheit und
2777 2988 3358 3044 Hohlkopf und, in sich verliebte
381 3001 692 3066 die Literatur.
1582 3005 2794 3093 Lüge — dies alles sieht er nur im Rampenlicht, jedes seiner
2791 3039 3350 3094 gereiften Lebenskünstler mit
471 3032 1595 3098 Die drei Einakter vom Sonnabend sind Variationen über das¬
1584 3060 2789 3123 Worte trägt Schminke, und in dem großen Helden steckt nur ein
2786 3075 3353 3141 übrigen spielt er, wie alle Gro
378 3065 1597 3153 selbe Thema: die Stunde des Erkennens. Frau Klara Eckold hat
1581 3095 2797 3156 ganz gewöhnliches kleines Luder. Das Leben besteht für ihn
2778 3119 3359 3174 sich selbst, und dies ist am beit
393 3140 3346 3205 ihren Gatten, den Arzt, einmal, vor Jahren, hintergangen. Nicht aus Szenen musfuten Auftritten und vorteilhaften Abgängen. Er und sehr lebendig, Theodor L#
