3392 4320
363 27 503 82 Voni:
381 174 1287 326 Schnitzlers „Komödieder Worke.
425 304 1256 394 Die Aufführung des Lessingtheaters.
444 395 1283 475 Der neue Einakter=Zyklus, den Arthur
388 455 1296 516 Schnitzler drei Jahre nach dem „Professor Bern¬
390 501 1287 557 hardi“ den Bühnen übergeben hat, erinnert mit
390 547 1286 609 seinem Haupttitel und in seiner bald schatten¬
400 581 1282 637 dunklen, bald witzig-heiteren Skepsis an die
393 641 1282 691 „Lebendigen Stunden“. Damals folgte auf drei
391 671 1288 732 ernste Dramen das Satyrspiel „Literatur“. Jetzt
390 701 1284 769 heißt die burleske Abwandlung des gemeinsamen
385 772 1290 821 Motivs „Große Szene“. Aber sie steht nicht
383 806 1291 862 am letzten Platz, sondern in der Mitte zwischen
391 841 1288 895 zwei Stücken, die, gegen dieses formvolle, reizende
394 891 1132 959 Werk gehalten, blaß und erklügelt sind.
444 940 1290 1014 Die „Stunde des Erkennens“ die den
387 994 1272 1032 Anfang macht, berührt sich mit der „Gefährtin“
377 1039 1280 1093 (aus dem Zyklus „Der grüne Kakadu“). Wiederum
376 1086 1275 1138 das grausame Finale einer Ehe, Wahrheit nach
382 1114 1283 1169 langen Jahren des Schweigens; die Schuld der
374 1169 1283 1210 Frau, die nur treulos aus seelischer Einsamkeit
389 1215 1278 1253 schien, vertieft zu einer Treulosigkeit der heischen¬
383 1256 1289 1318 den Sinne. Nichts ist so schnitzlerisch wie dieser
381 1295 1281 1351 Abschiedston, doch überspitzt und durch eine un¬
383 1340 1280 1403 sichtbare vierte Person belastet ist der von dem
379 1382 1283 1441 kleinen Schauspiel vorausgesetzte Konflikt. Den
379 1429 1286 1487 Achtungserfolg, den # im Lessingtheater hatte,
370 1474 1279 1523 dankt es seiner Stimmung und dankt es der
383 1512 1283 1573 Wiedergabe. Bassermann stellt den unver¬
373 1560 1282 1622 söhnlichen Ehegatten dar, den Arzt Dr. Eckold,
379 1599 1287 1651 der, als die Tochter das Haus verlassen hat, der
372 1648 1278 1708 „Gefährtin“ seinen bisher verborgenen Haß ins
381 1695 1272 1741 Antlitz schreit; und schon durch seine Maske, durch
376 1728 1273 1782 seinen starren, bösen Blick übt er eine zwingende
375 1779 1276 1840 Suggestion aus. Seine Partnerin ist Fräulein
373 1829 1286 1884 Lossen, die die Wiener Bürgersfrau, die
366 1859 1280 1935 „große Liebende“ zu einer schmerzbewegten
376 1906 848 1973 Rebekka West vergeistigt.
435 1955 1272 2026 Im „Bacchusfest“ das den Zyklus ab¬
376 2005 1264 2069 schließt, handelt es sich um die Ehe eines Drama¬
373 2054 1266 2113 tikers. Irgend einen jungen Mann hat seine
375 2088 1274 2145 kleine Frau, die Abwechslung ersehnte, ihm vor¬
363 2144 1265 2202 gezogen. Im Wartesaal des Salzburger Bahn¬
362 2180 1278 2243 hofs erreicht er das Pärchen. Die kleine Frau,
375 2233 1267 2276 die ihren berühmten Dichter noch immer liebt,
361 2270 1268 2332 sieht mit Aerger, dann mit Genugtuung, wie der
365 2312 1271 2362 junge Mann, verlegen stotternd, nach einem schüch¬
371 2361 1266 2417 ternen Versuch, energisch zu werden, seine neuen
360 2405 1264 2469 Rechte preisgibt. Ihr legitimer Besitzer erzählt
369 2435 1275 2489 hierbei vom Stoff seines neuen Dramas, vom
372 2496 1274 2533 griechischen Bacchusfest, von der kurzen Ge¬
367 2536 1257 2589 schlechterfreiheit, deren Mißbrauch über die
357 2586 1269 2639 heilige Nacht hinaus mit dem Tod bestraft wor¬
358 2621 1260 2681 den sei. Ein anspruchsloses Lustspiel, zu dem
369 2666 1256 2721 der allegorische Putz nicht passen will; und der
366 2709 1268 2773 augenwälzende Dichter=Pascha ist für Basser¬
361 2746 1258 2800 mann undankbar, weil auch hiet, in einen
359 2793 1264 2852 scherzhaften Dialog, die wütende Nachsucht des
374 2836 778 2895 Eckold sich eindrängt.
425 2884 1251 2957 Die „Große Szene“ wird für Bassermann
366 2944 1251 2993 werden, was der gefeierte Mime in Bahrs „Gelber
365 2972 1253 3030 Nachtigall“ hatte sein sollen: die Paraderolle,
366 3020 1263 3084 die ihm erlaubt, sich auszutoben. Er ist hier der
362 3070 1251 3128 selbstherrliche Tragöde, um den sich der lite¬
367 3112 1235 3172 rarische Direktor reißt, der vor dem „Hamlet“
363 3149 1250 3216 lärmend durch das Hotelzimmer wandert, dem
348 3196 1250 3249 die Bühnenkandidatinnen nachlausen und die
355 3244 1264 3294 jungen Bräute, und der, als „Hamlet“ kostümiert,
362 3290 1257 3340 noch einmal aus der Garderobe zurückkehrt, um
351 3326 1251 3388 seine schmollende Frau persönlich wegzutragen.
350 3381 1253 3418 Aber nicht nur die äußere Umwelt des Theaters
349 3411 1258 3466 zeichnet Schnitzler; er faßt den Menschentypus,
351 3462 1260 3520 das seltsame Durcheinander von Lüge und Wirk¬
355 3502 1260 3571 lichkeit, das schon in den „Letzten Masken“ uns
346 3549 1246 3610 erschreckte, und das für ihn das furchtbare oder
353 3596 1250 3646 lächerliche Geheimnis jeder Kunst ist. Basser¬
352 3645 1243 3696 manns strahlender Uebermut, Bassermanns
350 3686 1253 3726 Freude an diesem Schauspiel im Schauspiel sind
350 3723 1249 3782 unwiderstehlich. Neben ihm treten seine Gattin
359 3774 1246 3822 auf, Herr Forest als milder, philosophischer
347 3817 1250 3868 Direktor, Herr Loos als belogener Bräutigam
359 3864 1250 3921 und Fräulein Binder als hitzige Theater¬
344 3894 501 3971 novize.
1047 3904 1220 3974 P. W.
638 3940 938 4014 —
1958 1084 2690 1174 Dr. Max Goldschmidt
1967 1152 2548 1225 Bureau für Teitugeanse“
1876 1194 2116 1253 BERLI N.
2298 1201 2759 1274 Telefen Norden 3051.
2069 1212 2137 1280 4
1815 1260 2119 1336 Ausschnitt aus.
1874 1312 2712 1422 And auta
1887 1380 2780 1496 Ger. 16 710. 75
2720 1462 2863 1539 e
1906 1491 2012 1561 1
2033 1535 2496 1596 „Komödie der Worte.“
2028 1574 2508 1636 (Lessing=Theater.)
1731 1595 2867 1671 Die drei Einakter, die Arthur Schnitzler hier unter
1667 1638 2878 1710 einem Titel vereinigt, sind Variationen über das nicht gerade neues
1671 1686 2872 1753 Thema Ehebruch. Der erste, „Stunde des Erkennens“, zeigt dies
1672 1736 2877 1791 Abrechnung bei einem bürgerlich ehrbar gealterten Paare. Zehn
1664 1764 2865 1844 Jahre zurück liegt der ganz heimliche Seitensprung des haus¬
1672 1803 2867 1864 mütterlich soliden Weibchens, als nach Verheiratung der einzigen
1667 1842 2884 1902 Tochter der Ehemann zu erkennen gibt, daß er „damals“ allzu¬
1662 1881 2888 1943 gut sah und er nun kaltlächelnd die Ehegesponsin aus dem Hauses
1671 1926 2870 1989 weist. Es hilft der bestürzten Gattin nicht einmal etwas, daß
1676 1961 2871 2026 sein Verdacht den falschen Liebhaber trifft; den Fehltritt an sich
1661 2003 2875 2062 hat sie leider gleich im ersten Schreck eingestanden. Und sie geht.?
1742 2033 2875 2105 Im zweiten Stück, „Große Szene“ ist das ehebrechende;
1667 2076 2880 2142 Karnickel der Ehemann, ein primadonnenhafter Schauspieler,
1674 2134 2881 2188 dessen rücksichtslose Abenteuersucht und unverschämte Verlogenheit¬
1676 2152 2884 2213 ein Brautpaar ins Unglück, die Gattin aber zur Verzweiflung
1669 2177 2884 2261 und Abkehr von ihm treibt, bis sie erkennt, daß er im Grunde ein
1668 2237 2876 2316 großes Kind ist, und daß sie, nach der er schreit, ihn nicht verlassen
1670 2246 2886 2333 darf, ohne der Kunst einen schweren Verlust zuzufügen. — Das
1680 2304 2884 2375 dritte Stück, „Das Bacchusfest“, zeigt mit gefälliger Ironie, wie ein
1682 2339 2877 2415 betrogener Ehemann von geistigen Qualitäten einen bei seiner
1676 2390 2882 2448 Frau in schwacher Stunde siegreichen Trottel aus dem Sattel
1685 2425 2598 2507 hebt. ihn zum beschleunigten Verduften zwingend.
1734 2452 2882 2526 Kein Mensch wird von Schnitzler erwarten, daß er diesen gewiß
1680 2501 2880 2575 nicht originellen Konflikten ernsthaft zu Leibe geht. Immerhin
1682 2529 2893 2616 verhalf uns seine geschliffene dramatische Technik zu einem
1684 2582 2874 2652 amüsanten Abend. Bassermann, Träger der Hauptrolle in
1683 2617 2879 2687 allen drei Fällen, fand besonders in der „Großen Szene“ einen
1690 2661 2880 2731 willkommenen Schlager. Sein Schauspieler Herbot ist eine
1685 2689 2882 2779 prächtig temperamentvolle Leistung, allerdings in üppiger Fülle
1693 2746 2888 2802 Gelegenheit zu mancherlei erheiternden Mätzchen bietend, die der
1692 2751 2900 2837 Dichter selbst sich in dem Theatermilieu der Szene natürlich auch“
1686 2801 2899 2886 nicht entgehen läßt. Neben Bassermann war im ersten Stück*
1686 2846 2888 2913 [Lina Lossen eine gut kultivierte Bürgerfrau, nur für das
1696 2904 2903 2956 Ehebrüchgeständnis von viel zu edler Linie. Das zwischen Ver¬“
1680 2914 2900 3017 zweifeln und Verstehen schwankende Schausvielerweibchen gab klug
1686 2949 2906 3056 und nett Else Bassermann, trefflich akkompagniert von
1700 3011 2887 3077 Carl Forest, in der Rolle des aus brennenden Kassenängsten
1701 3038 2892 3113 heraus andauernd begütigenden Theaterdirektors. Das verirrte
1700 3086 2895 3169 Ebeschäfchen im Bachusfest spielt Traute Dumcke=Carlsen
1698 3149 1962 3206 recht drollig.
1782 3170 2900 3232 Das Haus rief besonders nach dem zweiten Einakter stürmisch
1679 3201 2894 3273 nach Schnitzler und Bassermann, welch letzterer sein
1707 3229 2899 3301 Gastspiel=Repertoire um eine Bombennummer bereichert sieht.
1702 3279 2895 3351 Nicht zuletzt triumphierte Barnowskys tüchtige Regie.
2731 3317 2867 3365 W—r.
