3392 4352
2113 185 2560 299 box 32/1
243 210 1975 301 26.1. Kongedie der Norte—zuklus
1467 1224 3293 1315 mehr in Fuhlung mit den vor¬ fanterie, der Maschinengewehre
1203 1243 1449 1342 W
2554 1303 2706 1368 S
132 1330 1456 1398 achloser Be=Liebe! — gewährleistet jene Sicherheit des
1471 1352 3341 1432 um der Zukunft der Tochter nichts in den Beide sind im Begriff, sich zu verraten
119 1375 1456 1450 eder Zucker= Besitzes, die wir im ewig sich wendenden
1488 1396 2528 1482 Weg zu legen, und es wurde ihm leicht, zu
2501 1415 3336 1490 Doktor aus dem Nebenzimmer dazw
136 1417 1460 1496 wollten, ihr Wechsel der irdischen Dinge dadurch erhalten
1502 1460 2506 1528 schweigen, da er sich früh in Entsagung geübt
2496 1473 3342 1537 und die Angelegenheit, nachdem Ort
130 1467 1451 1559 dann einer und bewahren können, daß wir uns der himm¬
1490 1509 2514 1574 und zum Stoiker ausgebildet hatte, der, an¬
2501 1518 3340 1588 Rolle ausgespielt hat, in eigene Hand
142 1520 1454 1603 und gingen lischen Gabe wert zeigen, das heißt, wahrhaft
1487 1560 2519 1637 statt wie sein Jugendfreund und Rival Pro¬
2494 1571 3340 1638 Er macht kurzen Prozeß und setzt de
140 1577 1465 1662 hatten, zum sliebenswürdig sind. Ob inner= oder
1492 1616 2525 1693 fessor Dr. Rudolf Ormin eine glänzende
2498 1616 3336 1702 vollen Gattin den Stuhl vor die
139 1622 1455 1710 der Unsterb= außerhalb der Ehe, kommt höchstens darum
1481 1666 2517 1748 wissenschaftliche Laufbahn einzuschlagen, als
2498 1679 3301 1738 seiner wohl überlegten, bis in
138 1669 1458 1753 führen und in Betracht, weil die Liebe keine stärkere Be¬
1481 1725 2505 1794 praktischer Medikus im Ordinationszimmer
2494 1711 3336 1793 Möglichkeit hinein durchdachten Rach
133 1722 1465 1816 sie zu Zeus, lastungsprobe kennt als eben die Ehe. In den
1477 1764 2509 1841 versimpelte. Er wollte Geld verdienen und auf
2504 1784 3339 1847 so weit, daß er Klara „tiefer ernie
182 1785 1462 1863 zu Junomeisten Fällen ergibt es sich dann, daß die
1481 1821 3335 1896 dem Posten sein, sobald er als „Arzt seiner ein Mensch irgendeinen andern er
127 1820 1468 1915 cht, was sie Enttäuschten und Betrogenen ihre üblen Er¬
1492 1874 2520 1951 Ehre“, grausam wie der Spanier, seine Rache
2503 1882 3329 1949 darf“. Er nennt sie seine —, und als
418 1876 1458 1954 fahrungen sich selbst zuzuschreiben haben. Wie
135 1909 428 1972 ächelten ver¬
1475 1919 2507 2000 kalt genießen, seinem ungetreuen Weibe das
2487 1919 3333 2007 dagegen auflehnt, ruft er triumphier
426 1913 1462 2005 ihnen die Ehe als Vorwand, als Mittel zum
123 1964 423 2035 en um ihre
1481 1958 2517 2051 letzte Rezeptoverschreiben würde. Wohl hat
2493 1992 3339 2059 „Oh, das tut wohl. Und es war
420 1962 1456 2057 Zweck diente, so nehmen und geben sie für
139 2011 428 2094 ohne daß sie
1480 2032 3334 2096 Eckhold recht, Klara zu verdächtigen. Aber im wert, zehn Jahre lang diese Stund
411 2031 1463 2110 Liebe, was etwas ganz andres war, indem sie
1489 2079 3339 2165 Zuen retiro der Liebe, das ihm der Detektiv warten, wenn du heute deine Ern#
421 2076 1461 2159 Sinnenlust, Ehrgeiz, Eitelkeit, Faulheit, Ge¬
126 2094 430 2193 ine Moral.
1485 2131 3339 2213 bezeichnete, im Absteigquartier, in dem er wirklich so tief empfindest, als ich bag
424 2140 1456 2215 winnsucht und dergleichen menschliche
139 2176 428 2243 neuen Ein¬
1478 2189 3328 2261 Klara verschwinden sah, wartete nicht Ormin, meine empfunden habe.“ Klaras Rep
418 2178 1462 2261 Schwächen mehr mit dem schmeichelhaftesten
145 2217 438 2290 unter dem
1481 2228 3339 2311 sondern — Flöding. Wer ist das? Ein Talmi= daß sie ihrem Manne die letzte Wahr
415 2248 1455 2317 Ausdruck belegten, der sich ihnen gefällig an¬
137 2273 431 2343 Porte“ zur
1466 2291 2505 2369 genie, eine Modezelebrität auf literarischem
2490 2288 3333 2364 birgt, nicht aus Scham, sondern in
421 2284 1465 2367 bot zu einem Maul voll Wind. Aus einer teils
152 2325 433 2397 hihr Thema
1473 2341 2508 2424 Gebiete, wie möglicherweise Ormin auf wissen¬
2490 2346 3336 2417 nung, es werde doch noch zwischen
418 2352 1451 2416 willkürlichen, teils unbeabsichtigten Begriffs¬
132 2378 429 2446 Paare vor¬
1464 2395 2505 2470 schaftlichem. Klara, die allzu großen Respekt
2503 2402 3330 2471 Ormin, sollte er zurückkehren, zu ein
409 2401 1461 2480 verwirrung hervorgegangen, erweiterte sich
124 2431 430 2506 den Flatter¬
1464 2427 2509 2512 vor jedem in den Zeitungen gedruckten Wort
2499 2451 3286 2521 essanten, Aufsehen erregenden
133 2444 1466 2547 vielen aus= das leere Wort zur hohlen Phrase, und Liene
1464 2485 2512 2559 zu haben scheint — die Schicksalsschwestern der
2496 2500 3295 2584 kommen, in dem sie genannt wird.
428 2501 1464 2572 wurde zum Feldgeschrei einer Gesellschaft, die
131 2538 432 2597 n und einer
1476 2551 2520 2642 beiden andern Einakter teilen ihre Leiden¬
428 2541 1468 2636 das innerste Gefühl des Menschen auf den
2575 2550 3335 2637 Doch das sind Vermutungen, eb
119 2589 427 2652 Ursache. Wir
1475 2604 2510 2667 schaft für alle mit Druckerschwärze behafteten
429 2602 1402 2686 Lippen führt, aber nicht im Herzen trägt.
2495 2610 3330 2688 gewiß wie das endgültige Schicksal
134 2623 434 2715 ls ob er nur
1478 2658 2499 2724 Reklamehelden! — fiel dem blendenden Lite¬
506 2651 1451 2741 Das erste der drei Gesellschaftsbilder, das
2491 2671 3337 2735 Sie verläßt das Haus mit den Gebär#
139 2694 444 2760 zu nahe zu
1479 2712 2504 2795 raten zur Beute, während sie Ormin, weil sie
430 2711 1455 2798 uns Schnitzler in seiner Komödic des Worte¬
2494 2718 3312 2794 Selbstmörderin. Möglich, daß sie
136 2729 429 2811 ethisches Er¬
1479 2739 2196 2842 ihn wirklich liebte (?), abwies.
2492 2755 3338 2836 bringt, aber nicht ausgeschlossen, daß
432 2770 1460 2849 und der Worte vor Augen stellt, macht uns
122 2790 443 2871 ychologischen
1566 2790 2500 2876 Sie gewinnt es über sich, in der Sprech¬
2488 2821 3335 2898 lebt und noch einige männliche Rettu
433 2838 1465 2894 mit Dr. Karl Eckhold und seiner Frau Klara
1477 2837 2498 2947 stunde des Erkennens, während der Gatte
2491 2874 3337 2941 Werk setzt. Das Ungewisse, das jedem
422 2876 1466 2952 bekannt. Die Verheiratung ihres einzigen
134 2853 439 2963 iud sunder
1479 2892 2496 2985 nebenan ordiniert, dem unerhörten Lieb¬
2494 2930 3332 2994 Einakter einen Schluß ohne Ende ber
425 2927 1458 3010 Kindes Bettine hat die „Stunde des Er¬
132 2946 433 3021 sei, das wir
1484 2969 2493 3037 haber, der als Chirurg mit dem Roten Kreuz
2481 2973 3335 3057 einen unwiderstehlich geheimnisvoll
430 2984 1447 3049 kennens“ gezeitigt, die zwei Unglücklichen
134 2998 443 3089 enn es uns
1490 3009 2506 3092 auf den russisch=japanischen Kriegsschauplatz
2489 3027 3324 3094 auf den Zuschauer des ersten a
419 3020 1451 3106 schlägt und das Scheinglück ihrer Existenz ver¬
120 3054 243 3118 l.
1478 3075 3332 3152 abgeht, wo die Pest, das gelbe Fieber und die Staunen wird der Befriedigung weich
433 3083 1457 3156 nichtet. So lange die Tochter im Hause lebte,
119 3085 431 3177 Jüge er zehn¬
1485 3126 3339 3196 Cholera auf ihn warten, die fürchterliche er das Stück erst dreimal gelesen un
427 3148 1451 3219 hielt der Vater es künstlich aufrecht. Er weiß
133 3149 442 3228 Ehe, bedeutet
1482 3173 3328 3250 Beichte auf die Reise mitzugeben — eine mal gesehen haben wird. Wir wollen
424 3173 1465 3265 seit zehn Jahren, daß er von seiner Frau
137 3187 442 3290 und Sache.
1464 3229 3345 3303 Hysterische aus Größenwahn, die ihre Mannes= Schwerfälligkeit den Dichter nicht veran
436 3243 1449 3310 schmachvoll betrogen wird. Aber er hat ge¬
174 3254 444 3332 — nicht zu
1476 3258 2504 3353 tollheit mit Redensarten von Seelenadel,
2484 3291 3334 3352 machen, der den großen Satir##
136 3311 3338 3420 nteu freien schwiegen, gegen alle Welt wie gegen die Frau. Barmherzigkeit und Nächstenliebe drapiert, weniger deutlich zeigt als den tielb
565 3378 927 3489 M0 A
