3392 4352
2211 172 2667 261 box 32/6
349 182 2063 284 26.1. Kongedie der Norie—Zyklus
1115 584 1859 707 Apean schewerzebedee
1289 698 1700 809 E
1012 695 1316 836 N
1033 821 1893 899 andaires orursents #crrunds ausschmirrrodao
1036 871 1903 968 BERLIN SO 16, RUNGESTRASSE 22-24
926 945 1967 1009 Bearbeitet die deutsche und ausländische Presse auch auf Inserate.
912 973 1959 1051 Lietert Listen über geplante Bauten aller Art. Geschättseroffnungen.
1275 1035 1615 1092 Festlichkeiten usw.
1092 1066 1450 1144 FEE II T
1453 1068 1671 1148 PPCDSTNE
1052 1123 1884 1254 Berliner Börsen=Courier
1138 1232 1765 1298 Abendausgabe — Berlin SW. 10
1202 1278 1692 1346 Ausschaftt aus der Nummer vom:
1455 1338 1867 1442 EI3. MAl 124
2000 1512 2951 1586 das Publikum soweit sein, auch ihn abzulehnen.
2012 1571 2951 1623 Selbst eine Rolle, die vor wenigen Jahren noch
1051 1525 2000 1634 Bassermann, Moissi und Schnitzler
2001 1606 2957 1662 reizend war: der Handwerksbursche in Tolstois
1044 1618 2009 1701 Kammerspiele und Deutsches Theater.
2009 1656 2964 1703 „Er ist an allem schuld“ ist heute nicht mehr zu
2004 1691 2972 1750 ertragen. Jede Wirkung ist bewußt. Und aus
1124 1671 2009 1746 „Wir spielen alle. Wer es weiß, ist klug.“
2010 1727 2959 1787 den feinen Uebergängen von Phantastik und
1131 1733 2009 1787 Arthur Schnitzlers Versspiel „Paracel¬
2011 1770 2948 1842 Ironie sind outrierte, isolierte Possenzüge ge¬
1068 1776 2010 1821 sus“, seing Einakter „Komödieder Worte“
2003 1810 2186 1874 worden.
1076 1807 2004 1874 sind rettungslose Vergangenheit. Als das Wiener
2071 1835 2970 1899 Bassermann aber hat, auf dem Boden
1067 1857 2011 1917 Theater Zusbruck einer menschlichen, einer
1065 1891 2007 1944 städtischen, Leinge gemeinschaftlichen Kultur war,
2004 1886 2960 1949 seiner alten Rollen, zur Meisterschaft zurück¬
1069 1937 2003 1988 lebte esls die Stadt die Weltanschauung, die
2004 1933 2958 1988 gefunden. Ein beglückender Strom von Leben¬
2012 1974 2961 2037 digkeit überschwemmte die dürren Stücke, über¬
1064 1975 1999 2031 sie und ihre geistigen Exponenten geschaffen
2799 2009 2958 2065 Seine
2002 2012 2751 2064 schwemmte Partner und Publikum.
1058 2026 2010 2075 hatten, vom Spiegelbild dieser Kultur, dem
2009 2049 2960 2099 Nuancen, die schon erstarrt zu sein schienen, sind
1067 2054 2002 2111 Theater in der Widerspiegelung zurückerhielt,
2014 2091 2960 2142 wieder im Fluß des schöpferischen Temperaments
1067 2102 2004 2147 wurde der Schöpfer zum Geschöpf. Anfang und
2003 2139 2954 2209 gelöst. Bassermann ist wieder jung geworden.
1061 2136 2005 2191 Ende vertauschten sich. Die Schriftsteller über¬
2005 2168 2529 2233 Ein beglückendes Erlebnis.
1066 2180 2008 2234 trugen das Spiel auf das Leben. Schnitzler und
2061 2191 2972 2267 Für das Deutsche Theater aber wird es not¬
1063 2218 2010 2273 Hofmannsthal, unfähig einen neuen Anfang zu
2017 2253 2961 2312 wendig sein, im nachsten Jahre völlig auf Gast¬
1062 2253 1995 2307 geben, blieben abhängig von diesem Zustande der
2011 2294 2957 2353 spiele zu verzichten. Denn selbst an den Basser¬
1061 2303 1996 2362 schwächlichen Umkehrung. Ihre Werke sind mit
2009 2332 2965 2386 mann=Abenden, selbst unter der Regie von Paul
1058 2345 1615 2398 dem alten Wien versunken.
2001 2379 2952 2435 Bildt erlebt man Darsteller, die wie Sigmund
1129 2370 1999 2434 Das Wort verlor seine Zeugungskraft und
2011 2416 2960 2478 Nunberg, in ddie tiefste Provinz gehören.
1062 2420 2001 2480 wurde entweder ironisch entwertet (Schnitzler)
2005 2455 2959 2505 Und neben Julie Serda mit ihren hohlen,
1055 2466 2004 2518 oder prunkend aufgetrieben (Hofmannsthal). An
2009 2495 2955 2548 tiefen, gezogenen Tönen erscheint Else Basser¬
1067 2507 1999 2550 die Stelle einer inneren Vorstellung trat die
2003 2533 2954 2595 mann fast als ein großes Talent. Die Schau¬
1057 2541 1999 2600 (nicht kämpferische, sondern passive) Zersetzung
2004 2575 2960 2634 spielkunst vertrat neben Bassermann nur Paul
1063 2593 1992 2638 anderer Anschauungen. An die Stelle des direk¬
2014 2620 2956 2674 Bildt, dem eine Rolle wie der etwas frisierte
1058 2624 2002 2688 ten Ausdrucks die umschreibende Mitteilung,
2004 2656 2960 2718 Dr. Ormin sehr gut liegt, der aber nach dem
1064 2672 1999 2720 Das Dranta wurde skeptisches Feuilleton oder
1058 2703 2953 2763 dekorative Geste. Man verbarg innere Leere — Erfolge in dieser Rolle und bei Andrejew er¬
1063 2762 2961 2804 entweder durch Ironie oder durch Schwulst. Der kennen wird, daß seine Zukunft nicht auf dem
1061 2783 2951 2840 Glaube an die schöpferischen Elemente der Gebiete von entrückten Liebhabern und Helden,
1999 2820 2915 2895 sondern von gedrängten Charakterrollen liegt.
1050 2826 2002 2891 Sprache war verloren (obwohl Hofmannsthal
2064 2857 2958 2932 Am Moissi=Abend sah es auf der Bühne noch
1058 2874 1997 2933 gerade für einen Sprachschöpfer gilt). Dichtung
2004 2903 2955 2953 schlimmer aus. Walter Brandt ist ein Talent.
1061 2903 2003 2965 wurde zur psychologischen (oder psychoanalyti¬
2006 2947 2950 3011 Aber seine Vitalität kommt nicht zum persön¬
1059 2950 1958 3019 schen) Diskussion. Kunst zum Kunstgewerbe.
1132 2982 2947 3049 In diese gespensterhafte Welt wurde manlichen, sondern meistens nur zum gebräuchlichen
1062 3030 2962 3084 durch das Gast'piel von Bassermann und Moissi „Ausdruck. Renée Stobrawa wird nicht
1048 3083 2960 3133 wieder eingeführt. Sie wurde an dem Moissi frichtig geleitet. Sie spricht oft nur Text, statt
1052 3115 2421 3185 Abend als lebendig nicht einmal mehr vorge= Fhn durchzugestalten.
2567 3112 2982 3217 Wee 14
1053 3154 2014 3211 täuscht. Moissi als Paracelsus wiederholte die
1065 3198 2021 3247 Armut des Stückes. Wenn Schnitzler dichtet, als
1065 3244 2028 3287 wenn wienerisches Theater Weltanschauung
1064 3269 2022 3334 wäre, so spielt Moissi, als ob Schnitzler die Rolle.
1054 3323 2010 3383 nach den schauspielerischen Eindrücken Moissis ge¬
1408 3361 2014 3425 Wieder der melancholischt
1064 3372 1415 3424 schrieben hätte.
1068 3404 2014 3464 Singsang, wieder die gesenkte Kopfhaltung.
1056 3442 2016 3503 Eine aufreizende Affektation. Moissi hat die
1053 3489 2018 3553 Kühnheit befessen, in einer italienischen Zeitung
1063 3531 2012 3590 gegen die jüngere eutsche Dichtung, gegen die
1072 3570 2016 3613 jüngere deutsche Schanspielkunst zu sprechen. Es
1073 3610 2027 3660 ist eine Ehre für die jungen Dramatiker und
1062 3652 2040 3731 Schauspieler, daß Moissi sie ablehnt. Bald wird
