3392 4224
2346 35 3107 109 nreneemen
871 72 3100 166 und 6 Pienmg für das Litel Fraschenolel, gleichzeitig eine Erhöhung aller Ver¬
542 158 1946 233 kaufs= und Ausschankpreise ein. Die neuen Preise treten am
1853 219 2924 432 Oktober d. J.
851 244 1871 427 Iontag, den 2
546 441 3110 520 in Kraft. — Wir geben der Erwartung Ausdruck, daß das konsumierende Dublikum anch diese Oreisregelung als berechtigt
550 521 3108 585 anerkennen wird, wobei wir bemerken, daß es sich hierbei um eine durch den Krieg hervorgerufene vorübergehende Maß¬
559 568 912 648 nahme handelt.
2888 618 3072 699 (23086)
793 632 1372 714 Berlin, im Oktober 1915.
680 714 3022 836 Gemeinsame Kommission der Berliner Brauereien und Gastwirtsverbände.
2955 879 3244 968 W
1770 834 1912 982 G
2324 980 3259 1035 und „Gläubiger“ den Spielplan beherrschen und
1358 975 2316 1061 verfügt über eine umfangreiche, klangvolle Stimme, die
408 981 1369 1054 Die Herrschaften, die jetzt dort tätig sind,
2327 1019 3272 1083 ferner durch die Neueinstudierung des Kleistschen
415 1033 1366 1094 machen doch einen gar zu dürftigen Eindruck,
1373 1031 2309 1084 auf der Bühne gewiß von guter Wirkung ist. Für den
2308 1065 3262 1127 Lustspiels „Amphitryon“ der Spielplan des Theaters
412 1072 1363 1123 Bessere Schauspieler würden auch über allzu¬
1361 1074 2310 1128 Konzertsaal ist ein großer Ton nicht die Hauptsache;
2336 1098 3271 1174 i. d. Königgrätzerstraße eine weitere Bereicherung er¬
410 1105 1364 1167 große Schwächen der im Herrnfeld=Theater ge¬
1377 1097 2316 1160 in dem Bestreben, ihn zu erzeugen, dürfen nicht
2319 1145 2455 1211 fährt.
1373 1149 2318 1205 seinere und intimere Züge verloren gehen. Da die
402 1156 1366 1225 spielten Stücke leichter hinweghelfen, und das wäre
411 1195 1105 1247 ein nicht zu unterschätzender Gewinn.
1378 1183 2326 1246 Sängerin aber in der musikalischen Darstellung und
2421 1181 3267 1245 Heinrich Knote wird auch in der laufenden
1366 1233 2321 1279 auch in der Behandlung des Textes nicht ungewandt
2321 1231 3269 1285 Spielzeit am Deutschen Opernhause sein übliches
1374 1265 2316 1323 ist, konnte man sich an den materiellen Vorzügen des
2325 1280 3264 1327 Gastspiel absolvieren. Vor Weihnachten wird er zu¬
508 1292 1358 1353 Konzerte. Die Singakademie führte in
1362 1309 2317 1373 Organs erfreuen. Herr Otto Bake begleitete diskret
2331 1315 3273 1363 nächst einige Male als Siegfried und Tannhäuser
417 1331 1365 1393 ihrem ersten Abonnements=Konzert am Freitag unter
2326 1357 2524 1419 auftreten.
1374 1352 1840 1416 und gewandt am Flügel.
407 1377 1377 1434 Leitung ihres Direktors Prof. Georg Schumann das
1413 1369 2314 1440 Artur Schnabel, Carl Flesch und Hugo Becker
2414 1403 3270 1474 Im Thalia=Theater steuert die Neubearbeitung
411 1424 1366 1483 Händelsche Oratorium „Deborah“ auf. Das Werk
1366 1430 2318 1479 haben sich auch für diesen Winter zu gemeinsamem
2331 1437 3263 1503 von „Drei Paar Schuhe“ mit neuer Musik von
420 1453 1365 1510 eines der ersten Versuche des Altmeisters auf
1364 1466 2315 1532 Musizieren zusammengetan, und zwar beabsichtigen sie
2322 1498 3274 1547 Gilbert nächste Woche auf die 50. Aufführung zu,
419 1508 1367 1561 diesem Gebiete, ist nur als der Vorläufer
1374 1497 2322 1565 an fünf Abenden, deren erster gestern im Beethovensaal
2331 1535 3273 1590 während „Kamrad Männe“ als Sonntags=Nachmittag¬
414 1538 1368 1605 der späteren Meisterwerke, wie „Israel in Egypten“.
1373 1532 2322 1602 stattfand, sämtliche Kammermusikwerke Joh. Brahms'
2333 1578 3019 1636 Vorstellung lebhaftes Interesse erregt.
415 1565 1366 1641 „Messias" und „Indas Maccabäus“ anzusehen,
1378 1592 2323 1645 ihren Hörern vorzuführen. Daß sie zu einem Unter¬
420 1615 1368 1680 mit dem er den Begriff dieser Kunstform end¬
1381 1623 2319 1681 nehmen solcher Art, wie wenige berufen, braucht bei
2410 1622 3265 1679 „Der künstliche Meusch“, die neue Operette
411 1660 1368 1708 gültig festlegte. Es enthält aber bereits viel des
1380 1671 2325 1721 der Wertschätzung, deren sich die Künstler in der musi¬
2333 1669 3281 1730 von Leo Fall, begeht übermorgen im Theater des
410 1697 1373 1751 Schönen und Wertvolken und namentlich eine Reihe
1381 1707 2313 1761 kalischen Welt erfreuen, wohl nicht erst besonders be¬
2330 1720 3268 1765 Westens das Jubiläum der 25. Aufführung. Das
415 1726 1370 1786 herrlicher Chorsätze, die stets ihrer Wirkung auf den
1381 1739 2320 1797 tont zu werden. Es genügt daher, wenn berichtet wird,
2320 1754 3278 1810 awüsante Werk wird auch weiterhin allabendlich ge¬
410 1792 1374 1838 Hörer sicher sein können. Der machtvolle acht¬
1369 1772 2318 1838 daß ihre gestrigen Darbietungen, zu denen das
2330 1787 3265 1847 geben, während für heute nachmittag „Polenblut“
408 1822 1371 1863 stimmige Eingangschor „Du Gott der Macht, Du
1368 1822 2317 1873 C-moll=Trio (op. 101), die liebliche G-dur=Sonate
2332 1834 2595 1898 angesetzt ist.—
412 1861 1366 1906 Gott der Kraft“, die Israelitenchöre „Seht wie
1381 1863 2323 1921 (op. 78) und das prächtige A-dur=Klavierquartett
2402 1886 3271 1961 Franz Lehärs neueste Operette „Der Stern“
418 1899 1373 1943 der Uebermüth'ge naht voll finstrem Grimm
1377 1900 2322 1957 (Bratsche: Herr Rich. Heber) zählten, soweit ich sie hören
2313 1929 3264 1986 gucker“, Text von Dr. Franz Löhner, wurde von
414 1940 1375 1985 und bösem Rat“ und „O hör', hör' Deines Volkes
1369 1955 2327 1995 konnte, ganz danach angetan waren, den zahlreich An¬
2324 1972 3271 2029 Direktor Monti für seine Bühne erworben und
422 1981 1370 2029 Ruf“, der unvergleichliche Baalschor „O Baal, der im
1381 1980 2316 2038 wesenden einen hohen künstlerischen Genuß zu bereiten.
2314 1996 3278 2081 geht hier nach des Uraufführung in Wien in Szene.
416 2012 1370 2066 Himmel thront“ und der polyphone Schlußchor des
1373 2036 2318 2078 Da war alles sorgfältig vorbereitet und abgewogen,
417 2060 1372 2099 Werkes „Nun schall' der Dank im Hohen Lied zum
2238 2057 2329 2113 in
1366 2061 1479 2119 die
1467 2059 2241 2114 Einzelleistungen ganz treffliche und
2420 2052 3269 2116 Konzertnachrichten. Morgen abend 7½ Uhr
414 2096 1371 2140 Himmel auf“ mit anschließendem Alleluja sind dem
1381 2099 2320 2149 verständnisvollem Zusammenspiel zu klangschöner Ge¬
2320 2098 2457 2164 findet
2457 2103 3272 2159 in denPhilharmonie das zweite Nikisch¬
410 2132 1364 2188 Besten, was Händel geschrieben, an die Seite zu
1375 2145 2324 2196 samtwirkung vereint, sodaß nichts den Hörer im
2321 2147 3275 2209 Konzert statt (Hauptprobe heute mittag 12 Uhr)
419 2175 1370 2225 setzen. Die Chöre wurden unter Georg Schu¬
1380 2180 2324 2240 Genießen störte und der warme Beifall, den die
2329 2188 3280 2238 und im Meistersaal (8 Uhr) der Klavierabend von
413 2220 1371 2268 mann mit Kraft und Ausdruck gesungen, feurig
1372 2223 2251 2290 Künstler ernteten, seine volle Berechtigung hatte.
2321 2217 3276 2271 Ernst Levy aus Basel. — Die Gesellschaft der
417 2244 1368 2301 und weihevoll, je nach dem Wechsel der Stimmungen.
2130 2256 2280 2328 A. S.
2335 2253 3279 2319 Musikfreunde (Dirigent Professor Ernst Wendel)
414 2284 1372 2347 Unter den Solisten ragte Anna Kaempfert vor
2320 2304 3277 2359 veranstaltet ihr erstes Konzert mit dem Phil¬
418 2332 1379 2385 allem hervor, da sie mit ihrer frischen, wohlklingenden
3170 2345 3280 2396 Es
2890 2345 3002 2396 30.
3069 2346 3170 2397 M.
2326 2352 2906 2406 harmonischen Orchester am
412 2369 1373 2429 Stimme und ihrem warmempfundenen Vortrage sich
1460 2370 2323 2424 Königliche Theater. Heute gelangt im Kgl.
2333 2392 3284 2447 gelangt zur Aufführung Max Reger Variationen
415 2413 1373 2464 völlig auf der Höhe ihrer Aufgabe erhielt. Fräu¬
1376 2402 2327 2473 Opernhause Offenbachs phantastische Oper „Hoff¬
2329 2427 3277 2474 und Fuge über ein lustiges Thema von Hiller, Emil
414 2452 1374 2511 lein Hilde Ellger, die Vertreterin der Alt¬
1385 2453 2317 2498 manns Erzählungen“ zur Aufführung. Ginlietta:
2327 2465 3275 2526 Sauer Klavierkonzert E-moll Beethoven Sinsonie
404 2487 1380 2546 partie, bot recht Gutes, und auch Herr v. Raatz¬
1372 2504 2320 2556 „Fr. Hafgren=Waag, Antonia: Fr. Dux, Olympia:
2335 2497 3287 2554 Nr. 7 A-dur. Solist: Emil Sauer. — Das Pro¬
411 2534 1369 2592 Brockmann (Abinoam) blieb im Stil. Herr Ludw.
1372 2542 2326 2583 Fr. Hanja, Nikaus: Frl. Birkenström, Stimme der
2327 2546 3275 2606 gramm des populären Lieder=Abends (Brahms=Abend)
409 2571 1376 2635 Heß hingegen isi der Partie des Sisera gesangs¬
1380 2568 2315 2625 Mutter: Frl. Gelter, Hoffmann: Hr. Bergmann,
2330 2587 3277 2632 von Eva Katharina Lißmann am Sonntag, den
409 2608 1377 2670 technisch und stimmlich nicht voll gewachsen.
1385 2613 2323 2657 Coppelius — Dapertutto —Mirakel: Herr Schwarz,
2325 2618 3282 2671 31. Oktober, abends 8 Uhr, im Beethovensaal, enthält
418 2655 1376 2709 Das Philharmonische Orchester bewältigte
1385 2651 2323 2700 Cochenill — Pitichinaccio — Franz: Hr. Henke, Her¬
2322 2664 3279 2727 unter anderem eine Anzahl Mädchen= und Volks¬
416 2689 1373 2744 seine Aufgabe ganz vortrefflich; vielleicht hätten die
1381 2691 2313 2755 mann: Herr Habich, Crospel: Herr Bachmann,
2329 2707 2475 2770 lieder.
413 2726 1377 2786 Holzbläser etwas stärker besetzt sein können. Die
1382 2725 2330 2786 Schlemihl: Herr Funck, Lutter: Herr Krasa.
2421 2736 3271 2819 Lonis Hutscheureuter †. Im Alter von
414 2770 1374 2829 fünf Oboen verliehen dem Orchesterklang zwar einen
1372 2770 2320 2817 Dirigent: Herr Generalmusikdirektor Blech. Die
2322 2779 3286 2851 74 Jahren starb gestern in Eisenach, wie uns ein
1384 2806 2322 2857 bereits angekündigte Richard Strauß=Woche
418 2811 1375 2859 gewissen Glanz, der aber meines Erachtens doch noch
2320 2834 3271 2892 Privattelegramm von dort meldet, Prof. Louis Hutschen¬
1891 2836 2317 2908 wie folgt festgelegt:
411 2851 1381 2912 etwas mehr Helle vertragen hätte. Die Orgelpartie
1386 2854 1909 2911 der Königlichen Oper ist
2333 2867 3284 2925 reuter, der bekannte Maler des Thüringer Waldes
414 2890 1384 2951 hatte Herr Professor Irrgang, die Begleitung am
1374 2887 2322 2941 1. Abend: Elektra“ am Mittwoch, den 27. d. Mis.,
2320 2901 3284 2968 und langjährige Leiter der Zeichen= und Modellier¬
414 2930 1369 2974 Cembalo Herr Musikdirektor Eschke übernommen; beide
1372 2927 2320 2980 2. Abend: „Rosenkavalier“ am Freitag, den 29. d. Mts.,
2322 2950 3273 3002 schule Lichte, die er auf bedeutende Höhe gebracht
419 2969 1376 3032 Herren entledigten sich ihrer Aufgaben mit feinem
1384 2966 2322 3026 3. Abend: „Ariadne auf Naxos“ (im Kgl. Schau¬
2324 2988 3278 3042 hatte. Hutschenrenters Bilder beschäftigen sich viel
406 3005 876 3074 künstlerischen Geschmack.
1384 3012 2234 3060 spielhause) am Sonntag, den 31. d. Mts.
2328 3029 3279 3083 mit den Industrien des Thüringer Waldes. Er
447 3028 1373 3104 Der erste Kammermusik=Abend den das Wiener
1384 3035 2313 3105 und letzter Abend: Tondichtung des Meisters
2324 3061 3281 3122 lenkte dadurch die Aufmerksamkeit weiterer Kreise
1375 3087 1510 3145 „Ein
1520 3072 2328 3144 Heldenleben“ und anschließend daran
403 3087 1379 3145 Rosé=Quartett (Prof. Arnold Rosé, Paul Fischer,
2316 3110 3274 3167 darauf und hat sich deshalb um die Förderung dieser
419 3120 1376 3177 Anton Rusitzka, Friedrich Buxbaum) am Mittwoch
1385 3118 2248 3189 Salome“ am Dienstag, den 2. November.
2328 3148 3032 3215 Industrien große Verdienste erworben.
405 3149 1375 3216 in der Singakademie veranstaltete, brachte die Quartette
1371 3148 2326 3209 Im Königl. Schauspielhause geht heute das
408 3189 1382 3259 in D-moll (Köch.=Verz. Nr. 421) von Mozart, op. 59
1386 3198 2332 3253 Lustspiel „Die Journalisten“ in Szeue, in den Haupt¬
2431 3189 3277 3253 Carl Leyst, dessen Dramen „Hoche & Bona¬
410 3243 1374 3294 Nr. 2, in E-moll von Beethoven und das „Vogel=Quartett“
1385 3245 2314 3295 rollen mit den Damen Abich, Arnstädt und Thimig
2320 3251 3275 3306 parte" und „Nüremberch“ mit starkem Erfolg auf¬
417 3271 1384 3341 op. 33 Nr. 3 in C-dur von Haydn in heirlicher Wieder¬
1389 3284 2321 3334 sowie mit den Herren Vollmer, Böttcher, Eichholz,
2320 3294 3280 3342 geführt wurden, hat ein neues Drama seines Bona¬
1382 3311 1488 3373 von
416 3319 1371 3374 gabe. Dieser bis ins Kleinste hinein durchlebte Vortrag,
1468 3304 2314 3388 Ledebur, Mannstädt, Patry, Stange und
2324 3323 3281 3377 parte=Cyclus „Das Consulat“ vollendet. Es be¬
410 3368 1384 3426 diese geistige Freiheit im Erfassen des künstlerischen
1385 3352 2017 3428 Werrack. Regie: Herr Dr. Bruck.
2326 3361 3277 3421 handelt die Verschwörung des Josef Aréna gegen das
416 3403 1386 3461 Inhalts sind unvergleichlich. Das ist die höchste
2334 3407 3276 3461 Consulat, an der sich Vernadotte, Masséna, Moreau,
1467 3402 2327 3475 Im Deutschen Theater findet die Erstauf¬
410 3436 1381 3495 Kunst, die es versteht, eigenstes und tiefstes Empfinden
2330 3438 2955 3505 Lecourbe und Monnier beteiligten.
1383 3454 2322 3508 führung von Schillers „Maria Stuart“ in der
414 3483 1375 3537 in ein Kunstwerk zu ergießen, ohne doch Wesen und
2430 3494 3277 3545 Paul Apel, der Verfasser von „Hans Sonnen¬
1380 3479 2328 3556 Inszenierung von Max Reinhardt am Freitag statt.
411 3521 1378 3582 Art dieses Kunstwerkes im geringsten persönlich zu
2320 3535 3281 3603 slößers Höllenfahrt“ hat ein neues Stück vollendet,
1387 3541 2322 3592 In den Hauptrollen sind beschäftigt die Damen:
414 3559 1374 3613 modeln und zu formen. Der Höhepunkt des Abends
2320 3559 2989 3633 das „Hausjörg der Träumer“ heißt.
1386 3584 2315 3642 Maria Fein, Hermine Körner, Martha Santen und
406 3596 1380 3653 war der unübertreffliche Vortrag des Beethovenschen
1379 3617 2320 3679 die Herren Paul Bildt, Ferdinand Bonn, Bruno
417 3639 1381 3699 Quartetts, der den Wiener Gästen nicht enden¬
1388 3654 2323 3721 Decarli, Josef Klein, Eduard von Winterstein und
417 3674 1372 3739 wollenden Beifallsjubel seitens des vollbesetzten Saales
1376 3698 1722 3768 Hermann Wlach.
2362 3688 3243 3765 Wetteraussichten für das mittlere Nord¬
407 3728 608 3797 eintrug.
2464 3749 3146 3792 dentschland bis Montag mitlag.
460 3757 1373 3810 Die Opernsängerin Mafalda Salvatini gab
1473 3736 2332 3818 Theater i. d. Königgrätzerstraße. „Rausch“
2365 3778 3281 3857 Ziemlich kühl, östlich der Oder, besonders an der
1382 3797 2327 3842 das Repertoirstück des Theaters i. d. Königgrätzer¬
410 3795 1387 3851 einen Arien= und Liederabend im Beethovensaal, von
2322 3815 3279 3899 Küste, vielsach heiter, meiter westlich noch überwiegend
1383 3837 2321 3888 straße kann kommende Woche nur im Kommödienhause
418 3822 1376 3889 dessen Progamm ich eine Anzahl Gesänge von
2335 3875 3270 3926 bewölkt und etwas nebelig, uirgends erhebliche
1379 3876 2318 3940 aufgeführt werden, da wegen des anhaltenden Zu¬
419 3881 1370 3937 eethoven, Gluck (Arie aus „Alceste“ Ihr Götter
423 3904 2589 3979 ewiger Nacht) und Brahms hörte. Die Künstterin! spruchs die beiden Strindberg=Abende „Der Vater“1 Niederschläge.
