3392 4320
240 178 1955 255 26.1. Konoedie der NorteZuklus
787 373 1289 467 Linzer Tagespost,
336 403 796 488 Ausschnitt aus:
917 446 1111 531 Linz.
522 483 807 569 150K1197
342 514 514 581 vom:
1343 562 1455 634 —
315 623 1419 708 7 Vor Art. Schnlkler gelangten am Burgtheater brei
239 672 1427 736 Fingkter unter dem SammerKomödie der Worte“
245 732 1423 776 ur Aufführung, von denen die mittlere Charakterkomödie dem
261 767 1427 813 dichter der „Liebelei“ neue Ehren einbrachte. Sie heißt „Große
252 803 309 851 5
300 806 1422 859 zene“ und bringt einen ehemaligen Hamlet=Darsteller des
261 840 1433 887 Zrgtheaters auf die Bühne, der die Ehe mit einer Statt¬
267 871 1431 934 altereibeamtens=Braut bricht. Die erste Abteilung „Stunde
258 919 1426 965 es Erkennens“ zeigt die Rache eines Arztes für den Ehe¬
264 961 1439 1007 ruch seiner Frau nach 10 Jahren beim Ausbruch des Russisch=,
260 991 1424 1054 zapanischen Krieges. Die dritte Abteilung „Das Bacchus,
270 1032 1421 1089 est“ spielt in der Restauration des Salzburger Bahnhofys.
252 1069 1433 1115 eine Dichtersgattin kehrt von einem beschränkten Chemiker Am
264 1108 960 1176 lttersee zu ihrem Gatten zurück.
362 1499 1514 1625 Ausschnitt austmuner e#sen Geita
931 1582 1374 1692 ergenens 4½
357 1599 775 1676 vom: 13031
741 1618 935 1720 B
1124 1713 1208 1774 1o
480 1781 708 1871 Arthun
807 1798 1326 1875 blers Einakter=Reihe
373 1825 1323 1900 „Komödie der Wörke“ erzselte bei ihrer vor¬
354 1890 1317 1930 gestrigen Erstaufführung im Wiener Burgtheater, mit
354 1929 1328 1986 Harry Walden, Lotte Mendelsky und Frau Bleibtren
360 1967 1325 2026 in führenden Rollen, stürmischen Erfolg. Der gleich¬
361 2013 1320 2059 zeitigen Aufführung im Darmstädter Hoftheater wurde
366 2039 1329 2104 eine „gute Aufnahme“ zu teil. Hier wie dort fand
361 2084 1311 2167 der Einakter „Große Szene“ den stärksten Beifaß.
647 2244 1010 2386 Sschmitt aus:
994 2343 1489 2455 ünehner Zeitung
789 2387 1076 2467 150Kl. 1915
638 2409 728 2458 1:
1074 2422 1372 2506 München
724 2532 1304 2604 Apritat=dabahren werde. (Z.)
810 2577 1766 2647 t [Dreineue Schnitzler.] Man schreibt uns aus
717 2636 1767 2693 (Wien vom 13.Ortober=##ls erste Neuheit in der neuen
719 2682 1756 2727 Spielzeit brachte das Burgtheater gestern drei Einakter
726 2718 1759 2767 von Artur Schnitzler heraus, die den gemeinsamen
717 2763 1767 2822 Namen „Komödie der Worte“ führen, ein sehr be¬
719 2803 1762 2850 zeichnender Titel für das, was unter diesem Sammel¬
722 2842 1768 2885 namen gebeten wird. Das erste Stück heißt: „Stunde
720 2885 1760 2934 des Erkennens". Ein Mann weiß, daß ihn seine
719 2924 1758 2967 Frau betrügt, er hat dafür vollgültige Beweise. Aber er
725 2960 1764 3004 verbeißt seine Wut und legt seinen Rachedurst aufs Eis
727 2997 1764 3057 aus Rücksicht für das seiner Ehe entsprossene Kind, dessen
718 3035 1764 3085 Zukunft durch einen Familienskandal nicht gefährdet wer¬
733 3087 1762 3138 den soll. Nach zehn Jahren, als die Tochter geheiratet hat
717 3129 1757 3177 und ihre Zukunft gesichert ist, kommt er auf den Ehebruch
726 3180 1763 3219 zurück und jagt seine Frau aus dem Hause. Man fühlt,
714 3216 1768 3264 daß das eine ganz unmögliche Geschichte ist, und auch dem
718 3242 1755 3292 geistvollsten Dialog kann es nicht gelingen, dem Publilum
718 3287 1753 3340 die Sache plausibel zu machen. Das Stück wurde auch sehr
723 3327 1765 3367 kühl aufgenommen, sogar von der großen Schnitzler=Ge¬
716 3360 1759 3417 gemeinde, die das Haus füllte. In dem zweiten Ein¬
716 3409 1753 3456 akter: „Große Szene", dem besten unter den dreien,
726 3453 1757 3499 handelt es sich um einen Schauspieler, der sozusagen
716 3495 1764 3539 handwerksmäßig oder instinktiv die Ehe bricht und damit
723 3531 1756 3585 seiner guten Frau großes Leid verursacht. U. a. hat er in
713 3571 1758 3626 der Sommerfrische ein ganz junges Mädel, die Braut
723 3612 1758 3659 eines braven Burschen, verführt, und dieser kommt nun,
728 3654 1752 3707 um die Wahrheit zu erfahren. Und da spielt ihm nun
718 3688 1757 3736 der Schauspieler eine große Lügenszene vor, in der er
720 3731 1766 3780 hm haarklein, auch mit einem gefälschten Brief, beweist,
726 3771 1778 3831 daß die Braut als reiner Engel in die Ehe tritt. Die¬
728 3807 1780 3873 Komödie in der Komödie, aber meisterhaft gemacht. And
726 3851 1771 3896 der Typus einer gewissen Art von Komödiantentum wird
713 3893 1778 3945 da in einer Weise gezeichnet, wie es besser, istreicher
719 3932 1783 3981 und geschickter gar nicht möglich ist. Das Stück hatte rau¬
720 3972 1784 4032 schenden Beifall und wird sich gewiß stäptig auf dem Re¬
710 4011 1784 4066 vertoire erhalten. In dem drittenEinakter: „Das
2107 170 2546 257 box 32/1
2270 2190 2316 2258 100
1758 2256 2829 2319 Bacchusfest“ geht die junge Frau eines etwas an¬
1770 2303 2828 2363 gegrauten berühmten Schriftstellers mit einem jungen!
1770 2345 2830 2400 Fabrikantensohn, der auch Segelsport treibt, durch, und
1768 2381 2832 2424 das Pärchen will, bevor es sich „auf ewig“ vereinigt, dies##
1755 2413 2814 2463 dem legitimen Gatten kurz und bündig, sozusagen zwischen
1763 2460 2817 2515 zwei Eilzügen, mitteilen. Aber mit überaus amüsanter
1769 2503 2815 2545 dialektischer Ueberlegenheit frozzelt der Gatte die beiden
1766 2534 2814 2606 wieder auseinander, und es bleibt — abgesehen von dem
1779 2585 2809 2633 mehrwöchigen Zwischenspiel — wieder alles beim alten,
1780 2668 2808 2715 von Frau sich wieder in einen jungen Burschen verschaut.
1771 2698 2823 2757 Auch hier zeigt sich die volle psychologische Treffsicherheit
1779 2731 2820 2801 des Dichters und die blendende Kunst seines Dialogs. Auch
1771 2783 2814 2830 dieses Stück hat Beifall gefunden, obgleich in Wien die
1772 2826 2816 2875 Unsitte herrscht, daß nach dem letzten Fallen des Vorhangs
1782 2868 2815 2912 alle Welt auf Bühne und Autor vergißt und nur rasch in
1769 2906 2808 2959 die Garderobe zu gelangen strebt. — Die Aufführung war
1781 2949 2790 3005 nicht durchwegs zu loben, namentlich ließe sich an der
1778 2990 2811 3041 Darstellung der drei Frauenrollen manches bemängeln.
1772 3022 2819 3090 Harry Walden gab in allen drei Stücken die Haupt¬
1777 3055 2812 3120 rolle, besonders gut im dritten Stück. — Und nun noch
1772 3107 2811 3165 eine kurze allgemeine Bemerkung: Artur Schnitzler ist
1775 3133 2825 3197 gewiß ein echter und bedeutender Künstler, ein tiefschür¬
1780 3182 2815 3249 fender Seelenforscher, ein glänzender und geistvoller
1776 3237 2803 3283 Dialektiker. Man ist aufrichtig dankbar für die zahl¬
1771 3259 2819 3317 reichen prächtigen Gaben, die uns sein großes Talent ge¬
1783 3312 2808 3363 schenkt hat. Allein man muß mit Befremden feststellen,
1779 3352 2802 3404 daß sich dieses Talent in etwas einseitiger Richtung ent¬
1767 3393 2809 3439 wickelt hat — in der Richtung der brüchigen Ehen. Nun
1777 3414 2818 3474 ist es ja sicher, daß das Sexualproblem eine große Rolle
1772 3470 2807 3513 im Leben spielt, aber doch nicht die einzige, wie in den Ge¬
1774 3507 2807 3566 stalten Schnitzlers. Auch wenn man die glänzenden Vor¬
1766 3536 2812 3598 züge der neuesten Darbietungen des Dichters, die man
1766 3582 2816 3641 gestern kennen lernte, vollauf würdigt, kann man dennoch
1767 3625 2818 3695 den Wunsch nicht unterdrücken, daß der nunmehr voll aus¬
1779 3668 2807 3736 gereifte Künstler seine große Kunst anderen Problemen
1770 3714 2088 3774 zuwenden möge.
