3344 4352
2068 242 2537 345 box 32/1
216 235 2077 345 26.1. Konoedie der Vorte zuklus
123 1016 424 1102 pe Sane GE.
160 1075 454 1199 Gleue
337 1198 551 1304 +42
841 1334 1921 1392 ja, sogar schon aus dem Buche — kaum noch einheitlich
2025 1335 3069 1385 Der Wunsch des Autors, daß die drei männlichen
118 1334 426 1444 gtheater.
784 1373 1674 1438 emtfunden werden, nicht mehr ganz vermeiden.
1933 1371 3082 1445 Hauptrollen der drei Stücke ein und derselbe Schauspieler
114 1415 774 1486 ##kter von Artur Schnitzler. — „Stunde des
872 1423 1922 1482 Daß Fau Klara aus Liebe zur ihrer Ehe den ungelieb¬
1927 1431 3086 1484 darstellen möge, scheint mir in glücklicher zu sein. Er hat wohl
185 1485 762 1545 — Das Buchuefest: — Erste Auf¬
1921 1485 3085 1540 an Bassermann gedacht. Hier war aber Walden, und der hat,
786 1471 1916 1535 teren Geliebten erwählt und dann wieder die Geliebte ihres
120 1514 391 1583 am 12. Oktober.
1922 1535 3091 1586 bei aller Tüchtigkeit, bei allem künstlerischem Maß, das er dies¬
787 1533 1913 1591 Mannes zu werden glaubt, daß ihr Gatte sich durch äußere
114 1552 767 1639 leißig und doch kein Vielschreiber,
772 1577 1923 1626 und innere Zufälligkeiten, die nur mehr mit dem vom Dache
1928 1579 3077 1637 mal bewährte, nicht genug Persönlichkeit. Seinem späten Rächer
111 1620 764 1678 t mindestens ein neues Stück fertig
1928 1623 3077 1682 fehlte die Gewalt der Stunde, auf die er zehn Jahre lang ge¬
783 1625 1921 1689 fallenden Ziegelstein zu vergleichen sind, die Untreue der Frau
122 1670 763 1728 sung seines Namens einzukassieren,
784 1680 1919 1737 entdeckt, sich aber in der Person des Liebhabers irrt, läßt uns,
1936 1668 3080 1728 wartet hatte, sein virtuoser Schauspieler Herbott vergaß an den
117 1720 767 1774 n hätte. Man erwartet also bei ihm
1930 1727 3082 1782 entscheidenden Stellen „der großen Szene“ den letzten Trumpf:
775 1741 1924 1785 um mit den Worten des Dichters zu sprechen, „das Bild der
111 1765 763 1833 en Entwicklungen. Darum hat die
784 1769 1921 1824 Seolen hinter den Wolken der Erlebnisse verschwimmen“. Da¬
1934 1769 3088 1826 ehrlich, echt zu scheinen. Er versuchte es gar nicht, auch das
162 1813 762 1875 gerade die treuesten Anhänger
1930 1815 3085 1870 Publikum mit zu überrumpeln. Das ist aber das höchste Ziel
769 1816 1922 1878 rum ist auch das zweite der Stücke „Die große Szene“ nicht
115 1860 756 1913 ktäuscht. Denn wieder ist die Hoff¬
1937 1867 3076 1923 des Einfalls und seiner Gestaltung. Am stärksten fehlte das
783 1860 1924 1924 nur äußerlich, sondern auch künstlerisch das wirksamste, weil
118 1903 757 1974 chnitzler endlich den Anatol=Stoff
1935 1919 3068 1975 Zwingende der Persönlichkeit im „Bachusfest“, das unmög¬
778 1919 1920 1966 hier die Verschlingung der Voraussetzungen zum Witz des
123 1951 757 2017 Das Thema und dessen psycho¬
1925 1961 3079 2032 lich wird, wenn der Zuhörer nicht mit im Banne des Bühne
783 1962 1916 2022 Vorwurses gehört. Hier bewundern wir auch eine Technik,
122 2005 765 2056 weise mit ihm. Die Anatol sind
773 2005 1924 2079 von hinreißender Sicherheit und Überlegenheit, hier lieben wir
1919 2008 3072 2070 und Personen bescherrschenden Darstellers ist. Es ist ein Tier¬
108 2045 766 2114 der Fünfzig — aber sie lassen ihren
1929 2054 3081 2127 chenbändigerstück. Auch sonst gab es an diesem Abend viele
782 2062 1928 2123 die hohe menschliche und künstlerische Kultur des Dichters, die
107 2100 758 2164 Masken fallen von der männlichen
1934 2094 3074 2170 hochstehende Burgtheaterleistungen in ärgerlichen Fehlbe¬
783 2119 1927 2171 einen Stoff, dessen Schlagkraft auch ein Bühnenhandwerker
120 2140 758 2205 werden von der des Weibes ge¬
1924 2141 3071 2214 setzungen. Fr. Bleibtreu, Fr. Medelsky, Herr
781 2159 1909 2215 wirksam hätte nützen können, weit über die unmittelbare theatra¬
112 2185 767 2249 en Geheimnissen, die wir schon im
1926 2190 3073 2273 Tiedtke waren prächtig als sie selbst, aber nicht in ihren
779 2213 1923 2268 lische Vollendung hinaushebt. „Das Bachusfest“ ist ein hübscher
125 2241 769 2301 dachten, lauern dem Dichter immer
1935 2259 3077 2316 Rollen. Frl. Wohlgemuth versagte in einer ausgespro¬
772 2248 1914 2307 spielerischer, eigentlich übermütiger Einsall, der die ehebreche¬
112 2292 758 2345 de zeigt sich dasselbe wie bei allen
1928 2297 3074 2364 chenen Marberg= oder Retty=Rolle leider auch persönlich. Sie
781 2304 1919 2368 rische und ehepsychologische Beschwerung und Vertiefung nicht
116 2339 760 2391 die man auf ihre tiefsten Anstöße
1939 2349 3074 2412 spricht wieder schlechter als vor den Ferien. Sehr nett war
783 2349 1925 2407 ganz gut verträgt. Der Rettungsversuch der Aufführung, der
110 2380 759 2448 einbar einfachste Erllärungsformel
1928 2399 3082 2455 Frl. Kutschera in einem sehr heiklen Röllchen. Herr
776 2397 1921 2461 in die Beziehungen zwischen der Gattin des berühmten Schrift¬
110 2433 769 2497 tssagendste, und eröffnet sogleich
1929 2447 3085 2503 Rhomberg ist immer auf dieselbe Weise sympathisch und
786 2449 1915 2504 stellers Staufner und dem so rührend unbedeutenden Dr. Wer¬
121 2477 772 2542 auf die Kompliziertheit. Die letzte
1931 2488 3083 2540 von überaus wohlerzogener Unbeholsenheit, aber ein bißchen
787 2495 1913 2553 nig einen parodistischen Zug hineintrug, hat die Kluft zwi¬
107 2522 762 2591 nendliche Fülle der Möglichkeiten
1931 2528 3094 2588 simpel. Die ungetrübteste Erinnerung an das Burgtheater, von
788 2536 1921 2603 schen den theatralischen Erfordernissen des Einfalls und seinen
117 2575 763 2628 rreichtes Ziel nur als Ende eines
1924 2578 3089 2656 dem wir noch immer träumen, schien dies Herrn Dey¬
788 2592 1913 2647 Hintergründen nur erweitert und die Schauspieler vor zwie¬
115 2623 767 2683 an auf diesem gefunden hat, kann
1925 2635 2289 2707 rient verlörpert.
786 2645 1910 2709 spältige Aufgaben gestellt, die kaum mehr restlos zu lösen waren.
109 2665 759 2748 rheiten sind der Gewinn, die End¬
122 2718 353 2791 nttäuschung.
875 2706 1923 2792 „Komödie der Worte“. Was soll der Gesamttitel besagen?
792 2785 1918 2838 Etwa, daß alle Worte, die menschliche Beziehungen bezeichnen
788 2827 1926 2894 sollen, besonders aber alle, die von Erotik und Ehe handeln,
128 2829 767 2908 ist sehr vieles schön, oder tief,
780 2876 1934 2940 zur Lüge werden, indem sie sich von unseren Lippen lösen. Je
110 2881 752 2949 gleich, in diesen drei Stücken. Grau¬
788 2930 1926 2997 ehrlicher wir sein wollen, desto mehr werden wir zu Narren
113 2944 759 3000 Mannesseele sind darin; förmlicher
780 2976 1924 3040 unserer Worte. Aber an was sollen wir uns am Ende halten,
117 2984 756 3047 Geschlechtsgeheimnisse. Künstlerisch
778 3020 1934 3073 wenn Worte lügen und Erlebnisse Wolken vor unsere Seelen
108 3022 758 3096 halter leider keinen Fortschritt des
771 3069 1929 3136 ziehen, so daß das Bild unserer Seele selbst den besten Freun¬
111 3088 759 3139 hmer zu jenen, denen das Bewußt¬
771 3102 1936 3191 den verschwimmt? „Alles verstehen, heißt alles verzeihen“, sagt
113 3127 761 3196 selung aller menschlichen Beziehun¬
776 3167 1928 3233 französische Lebensweisheit. Aber Worte, Taten und Erleb¬
130 3172 757 3232 der dramatischen Voraussetzungen
778 3219 1922 3270 nisse lügen ja; wie sollen wir da verstehen? Wir müssen den
113 3221 766 3289 nistiges Suchen nach den Quellen
782 3264 1924 3324 Satz umkehren, scheint uns Schnitzler zu lehren: Alles ver¬
114 3265 759 3330 icht künstlichen Konstruierens aus¬
765 3310 1924 3359 zeihen, heißt alles verstehen. Aber alles verstehen, heißt auch
119 3324 757 3380 des Erkennens“ läßt sich der Vor¬
777 3372 1937 3435 nichts mehr unterscheiden. Die Endweisheit tritt der Anfangs¬
122 3365 761 3425 allzu verwickelter Voraussetzungen,
132 3408 1414 3478 Kunstwerkes von der Bühne ber frage hart auf die Fersen .....
