3392 4352
2063 174 2568 286 box 32/1
249 180 1990 283 26.1. Konoedie der Norte zykius
626 1274 1572 1393 Foresetzung dgs Romans: „Collins Abenteuer“ von
1572 1336 3300 1405 dem flüchtigen Gast anfangs in sprachloser Be= Liebe! — gewährleistet jene
542 1331 1320 1420 Irauk Heller auf Seite 20 vom 13. Oktober.
644 1394 720 1444 —
1559 1391 3315 1464 stürzung nach, beweinten, als weder Zucker= Besitzes, die wir im ewig sich
1564 1435 3330 1515 brot noch süße Worte mehr helfen wollten, ihr Wechsel der irdischen Dinge dadu
1569 1498 3331 1556 grausames Mißgeschick, maßen dann einer und bewahren können, daß wir un
823 1462 3333 1623 Feuilleton. ####% dem andern die Schuld daran bei und gingen lischen Gabe wert zeigen, das hei
1563 1600 3326 1655 zuletzt, nachdem sie sich ausgezankt hatten, zum liebenswürdig sind. Ob
1559 1647 3328 1718 Strande hinab, wo die Tempel der Unsterb= außerhalb der Ehe, kommt höch
791 1618 1552 1756 Burgtheater.
1561 1694 3336 1753 lichen standen, um Beschwerde zu führen und in Betracht, weil die Liebe keine
513 1695 1567 1825 „Komödie der Worte.“ Drei Einakter von
1558 1749 3324 1817 Rats einzuholen. Juno schickte sie zu Zeus, lastungsprobe kennt als eben die
829 1765 1295 1859 Artur Schnitzler¬
1561 1797 3342 1865 Zeus zu Venus, Venus wieder zu Juno meisten Fällen ergibt es sich dan
612 1817 1567 1937 In irgendeiner mythologischen Legende
1559 1855 3337 1917 zurück. Alle drei wußten nicht recht, was sie Enttäuschten und Betrogenen ihr
523 1893 1574 1980 wird erzählt, Venus habe, um sich Jupiter
2584 1899 3331 1969 fahrungen sich selbst zuzuschreiben
1561 1909 2586 1959 sagen sollten, und zwei von ihnen lächelten ver¬
2574 1948 3327 2029 ihnen die Ehe als Vorwand, als
521 1949 2582 2028 und der eifersüchtigen Ehehüterin Juno legen und zweideutig, als wäre ihnen um ihre
2581 2000 3318 2074 Zweck diente, so nehmen und g
530 2005 2578 2075 gefällig zu bezeigen, ihrem Amor ein= eigene Gottheit bange geworden, ohne daß sie
2571 2044 3333 2121 Liebe, was etwas ganz andres wg
531 2061 2074 2114 mal die Flügel gestutzt. Der leichte Vogel dies recht bedauerten.
538 2105 1570 2155 sei dann als solcher in einem wunder¬
2579 2110 3329 2186 Sinnenlust, Ehrgeiz, Eitelkeit, F#
1635 2097 2578 2188 Unsre Fabel hat leider keine Moral.
2570 2167 3307 2220 winnsucht und dergleichen
535 2155 1558 2236 schönen, funkelnagelneuen goldenen Käfig
1552 2147 2577 2248 Ebenso „unmoralisch“ sind die drei neuen Ein¬
529 2210 1561 2283 eingesperrt und von dem beglückten Paar,
1562 2185 3331 2278 akter Artur Schnitzlers, die er unter dem Schwächen mehr mit dem schmei
2562 2268 3318 2334 Ausdruck belegten, der sich ihnen
521 2266 2572 2346 das ihn gefangen hielt, täglich mit süßem Generaltitel „Komédie der Worte“ zur
2573 2319 3335 2391 bot zu einem Maul voll Wind. Aug
524 2310 2568 2390 Zuckerbrot gefüttert worden. Eine Zeitlang Trilogie zusammengefaßt hat. Auch ihr Thema
522 2360 1557 2427 schien er sich in der ihm ungewohnten Meta¬
2564 2368 3330 2446 willkürlichen, teils unbeabsichtigte
1548 2386 2568 2449 ist dasselbe. Es werden uns drei Paare vor¬
2565 2413 3327 2477 verwirrung hervorgegangen, er
516 2412 1554 2480 morphose ganz papageienmäßig wohl zu be¬
1559 2437 2569 2500 geführt, deren keinem es gelang, den Flatter¬
2577 2472 3336 2535 das leere Wort zur hohlen Phrasch
518 2484 2572 2558 finden. Dick und fett geworden, blinzelte er geist der Liebe zu binden, aus vielen aus¬
2576 2528 3329 2599 wurde zum Feldgeschrei einer Ges
520 2526 1559 2593 seine Besitzer gönnerhaft an, wiederholte auf
1557 2533 2570 2603 gesprochenen persönlichen Gründen und einer
514 2574 1549 2644 Verlangen das ihm vorgesagte: „Ich liebe
2563 2569 3328 2649 das innerste Gefühl des Mensch
1556 2586 2575 2644 verschwiegenen gegenständlichen Ursache. Wir
518 2630 1554 2702 dich“ immer wieder mit zwei verschiedenen
2568 2615 3328 2706 Lippen führt, aber nicht im Herze
1558 2638 2575 2706 fürchten, dem Dichter, der so tut, als ob er nur
521 2679 1544 2747 Stimmen, die wie eine klangen, fraß gehorsam
2638 2680 3335 2756 Das erste der drei Gesellschaft
1548 2693 2568 2759 darstellen und unterhalten wolle, zu nahe zu
525 2730 1555 2806 aus der Hand von Mann und Frau, neigte
2570 2722 3329 2799 uns Schnitzler in seiner Komödie
1548 2739 2568 2811 treten, wenn wir ihm ein positiv ethisches Er¬
522 2769 2570 2866 fromm das Dulderhaupt, um sich die Locken gebnis seiner scharfsinnigen psychologischen
2560 2793 3328 2856 und der Worte vor Augen stellt
514 2829 1561 2906 krauen zu lassen, und schlief endlich, den Kopf
1543 2843 3312 2905 Untersuchungen aufdisputierten, etwa mit der mit Dr. Karl Eckhold und seiner
511 2879 2559 2960 zwischen den Federn, sanft ein. Mittlerweile Lehre, daß die Liebe kein Geschenk, sondern
2564 2895 3330 2972 bekannt. Die Verheiratung ihre
520 2939 2559 3015 aber hatten die in ihrem Wachstum nicht ein geliehenes Gut des Himmels sei, das wir
2562 2950 3340 3023 Kindes Bettine hat die „Stund
519 2986 2558 3078 weiter behinderten Schwingen mächtig zu= täglich neu verdienen müssen, wenn es uns
2565 3000 3330 3067 kennens“ gezeitigt, die zwei U
513 3059 2369 3117 genommen, so daß sie den Schelm wieder in nicht wieder genommen werden soll.
2557 3030 3325 3117 schlägt und das Scheinglück ihrer
520 3094 1561 3166 die Höhe tragen konnten, und da flog er eines
1623 3076 2556 3171 Ein gefesselter Amor, und trüge er zehn¬
2551 3103 3313 3178 nichtet. So lange die Tochter im
518 3143 1544 3200 schönen Tages, hast es nicht gesehen, flott und
1534 3134 2556 3230 mal die geheiligten Bande der Ehe, bedeutet
2557 3159 3335 3230 hielt der Vater es künstlich aufrech
509 3196 2560 3272 kock wie eine Schwalbe durch den unbewachten den Widerspruch in der Person und Sache.
2566 3211 3303 3271 seit zehn Jahren, daß er von
516 3252 2573 3326 Kerker zum offenen Feuster in die blaue Frei= Nur der freie Genius der Liebe — nicht zu
2560 3264 3319 3337 schmachvoll betrogen wird. Aber
511 3302 2051 3382 Leit hinaus. Die gekränkten Wohltäter sahen verwechseln mit dem #
2811 3316 3333 3403 egen alle Welt wie gege
1944 3306 2694 3395 u der sogenannten freien schwie
1244 3333 1892 3414 Shun usurt Dehhunsel Aa#t
2571 3295 3003 3417 schwiegen, gegen alle
3100 3357 3214 3398 an u
1292 3368 1497 3458 111.0
2579 3388 3032 3522 9—
