3392 4320
217 215 1917 331 26.1. Konoedie der Norte zyklus
434 743 662 810 Seite 6.
400 860 1384 940 bestand bei den Griechen darin, daß einmal in je¬
397 912 1387 995 dem Jahre zur Zeit der Weinlese, für eine Nacht
406 973 1391 1031 alle Bande der Familie, alle Gebote der Sitte ein¬
412 1020 1388 1092 fach aufgehoben waren. Bei Anbruch des Tages war
417 1085 1403 1140 das Fest vorbei, und jeder Teilnehmer war ver¬
407 1119 1408 1192 pflichtet, zu vergessen, mit wem er für seinen Teil
417 1172 1405 1240 im heiligen Hain das Fest gefeiert hatte. Einander
415 1222 1406 1291 wiederzuerkennen, hätte als frevelhaft gegolten.
415 1272 1400 1343 Wenn zwei noch am nächsten Abend nach einander
420 1318 1402 1379 Sehnsucht verspürten, so durfte niemand, auch nicht
423 1368 1401 1435 Ehegatten oder Eltern, die Verliebten zurückhalten.
413 1418 1397 1476 Aus dieser zweiten Nacht gab es aber keine Rückkehr.
413 1467 1401 1531 Das frühere Heim war beiden verschlossen, und sie
416 1501 1401 1584 blieben für den weiteren Verlauf des Daseins auf
424 1571 1392 1636 einander angewiesen. Darum sollen so wenige Lust
409 1612 1404 1690 verspürt haben, am zweiten Abend, — außer Haus
422 1669 1411 1728 zu gehen. Das Liebespaar versteht die mythologi¬
421 1719 1399 1786 schen Erklärungen des Herrn Staufner. Dr. Guido
613 1776 687 1809 ## .
421 1763 1407 1829 Wernig fayrt in entgegengesetzter Richtung ab,
416 1829 1402 1887 Herr und Frau Staufner bleiben wieder einander
411 1868 1181 1951 vereint noch einige Tage in Salzburg.
490 1962 1410 2054 [Kontraktbrüchig.] Hermine Körner
418 2030 1403 2098 hat plötzlich der Dresdener Hofbühne, der Stätten
428 2088 1383 2146 ihrer großen Erfolge, den Rücken gewandt und ist
423 2135 1401 2196 von Max Reinhardt für das Deutsche Theater in
419 2179 1403 2258 Berlin verpflichtet worden. Sie berief sich bei der
430 2221 1403 2296 plötzlichen Lösung ihres Vertrages mit dem Dres¬
424 2266 1398 2350 dener Kgl. Schauspielhaus auf ein vormundschaftli¬
432 2332 1406 2391 ches Urteil, demzufolge der Vertrag ungültig sei
428 2377 1401 2453 weil der Gatte der Künstlerin (der einige Jahre am
429 2413 1409 2500 Breslauer Schauspielhaus tätige Ferry Körner, der
431 2483 1411 2546 überdies von seiner Frau getrennt lebt), zu seinem
433 2529 1411 2607 Abschluß seinerzeit nicht die Einwilligung gegeben
428 2564 1422 2648 habe. Nunmehr ist aber dieses Urteil aufgehoben
432 2628 1431 2698 worden, denn das Vormundschaftsgericht bezeichnet!
428 2681 1412 2747 sich als unzuständig, weil der Gatte der Frau Kör¬
431 2735 1411 2788 ner Österreicher ist. Graf Seebach, der Dresdener
427 2776 1419 2845 Generalintendant, hat beim Präsidium des Deut¬
433 2822 1415 2903 schen Bühnenvereines beantragt, über die Künstle¬
431 2867 1413 2938 rin wegen Kontraktbruchs den Bann zu verhängen.
515 2928 1407 2993 [William Miller,] der erste Tenor der
435 2989 1419 3054 Wiener Hofoper, dessen Vertrag mit Saisonschluß
430 3025 1423 3110 abläuft, verhandelt mit einem ersten Berliner
440 3087 721 3163 Kunstinstitut.
512 3136 1419 3203 [„Die Csardasfürstin“] ist der Titel der
427 3189 1429 3265 neuen Oepertte von Emerich Kalman, Text
429 3242 1088 3317 von Leo Stein und Bela Jenbach.
482 3351 1385 3431 In Allerheiligen und Allerseelen.
432 3431 1429 3504 gemahnen uns die Verstorbenen ganz besonders
438 3483 1431 3542 eindringlich an die Hinterbliebenen; und mehr
431 3533 1438 3598 denn je empfindet man an diesen Tagen die
444 3580 1419 3650 ganze große Not der armen Kinder, die Vater
437 3618 1422 3702 Mutter, ihre Ernährer und Beschützer verlore,
441 3680 1409 3748 haben und in ihrer Hilflosigkeit angewiese
444 3727 1407 3783 sind auf das verständnisvolle Mitgefühl mer
445 3778 1400 3839 schenfreundlicher Wohltäter; und da gibt es g
447 3831 1406 3887 wiß niemanden, der nicht gerne seine Hilf
443 3869 1404 3942 bereitschaft durch eine wenn auch nur klein
442 3939 975 4002 Spende bezeigen wollte.
517 3982 1402 4041 Diese opferwillige Allerseelenstimmung si
437 4025 1404 4090 heuer vollauf unseren hilfsbedürftigen Kinde
444 4076 1386 4145 zugute kommen: die Bezirkskommi
460 4121 1388 4191 sion für Jugendfürsorge veranstalt
1108 4175 1343 4229 K
2073 203 2535 294 box 32/4
2045 626 3252 753 Ausschnitt aus: zue Badische Landes Zeitung
2045 742 2214 802 vom:
2684 727 2987 818 Mannbeim
2205 755 2497 866 B
2069 840 2280 919 T. (Ein
2602 850 3154 972 a Heidelberal Lüer dei¬
1992 874 2824 972 delsper gercheeoresterihroree und:
2093 945 3129 1025 Die „Komödie der Worte“ von Artur Schnitz¬
1997 980 3127 1057 ler, sdie aus drei Einaktern besteht und anläßlich ihrer Ur¬
1998 1017 3125 1103 aufführungen auch an dieser Stelle besprochen wurde, ist
2002 1056 3123 1143 am gestrigen Mittwoch durch das Darmstädter Hof¬
2003 1093 3128 1180 theater im ausverkauften Heidelberger Stodt¬
2001 1132 3116 1216 theater zur hiesigen Erstaufführung gebracht worden.
1998 1169 3118 1257 Im Mittelpunkt des Abends stand der Einakter „Große
1995 1210 3112 1296 Scene“, der psychologisch wahr, voller Ironie und großer
1991 1245 3113 1331 Lustigkeit steckt. Herr Harprecht bot hier ein Bild
1985 1291 3111 1375 verblüffender Echtheit. Das innere Gerüst des „Bacchus¬
1985 1319 3113 1398 festes“ erscheint einigermaßen dürftig; überraschend un¬
1985 1365 3110 1453 wahr vollends wirkte die Psychologie der „Stunde des
1987 1401 3101 1483 Erkennen s“. Alle drei Einakter sind erfüllt von feiner
1978 1430 3099 1535 Kultur, doch kann ruhig behauptet werden, daß das wahr¬
1976 1477 3113 1586 haft Dichterische allgemein vermißt wird. Von den übrigen
1982 1518 3101 1611 Darstellern der im ganzen sehr kobenswerten Aufführung,
1975 1556 3103 1639 die freundlichen Beifall fand, sind Frl. Meißner, Frl.
1965 1591 3105 1709 Gothe und namentlich auh Herr Meizker besonders
1957 1622 2254 1685 hervorzuheben.
1768 2145 2174 2232 Ausschnitt aus:
2176 2148 2951 2256 Hannoverscher Courier
1779 2257 1968 2322 vom:
1959 2277 2226 2372 K
1840 2381 2734 2504 Theater und Musik.
1874 2475 2877 2551 Deutsches Theater. Als zweiten literarischen Abend
2922 2481 3108 2572 4
1741 2495 2874 2576 dieser Spielzeit bereitet die Direktion das neueste Werk
1959 2560 2870 2617 d zwar die drei Einakter „Stunde des
1731 2589 2866 2662 Erennens', „Große Szene“ und „Das Bachusfest“, unter
1726 2649 2876 2712 dem Gesamttitel „Komödic der Worte“. Das Werk,
1729 2678 2870 2734 das gegenwärtig auf dem Spielplan fast aller großer Bühnen
1726 2722 2876 2786 Deutschlands, wie München, Frankfurt usw. steht, wurde erst
1737 2758 2874 2800 türzlich am k. k. Hofburgtheater in Wien und am Lessing¬
1728 2803 2875 2850 theater in Berlin zur Aufführung gebracht, und ist wohl der
1728 2826 2876 2893 stärkste Erfolg, den Schnitzler seit „Liebelei“ mit einer
1738 2876 2883 2935 Bühnendichtung erzielt hat. Der Reiz der Stücke liegt darin,
1738 2914 2877 2966 daß die drei männlichen Hauptrollen auf Wunsch des
1740 2956 2875 3010 Dichters von demselben Darsteller gespielt werden, dem sie
1738 2990 2871 3047 Gelegenheit geben, sein Charakterisierungstalent und seine
1743 3028 2880 3075 Wandlungsfähigkeit zu zeigen. In Wien ist Harry Walden,
1742 3069 2878 3127 in Berlin Bassermann der Träger dieser Rollen, die in der
1732 3102 2878 3165 hiesigen Aufführung von Robert Taube dargestellt
1738 3146 2880 3204 werden, dessen großes schauspielerisches Können sich hier
1726 3188 2874 3243 bereits in den verschiedenartigsten Aufgaben erprobt hat. Die
1739 3227 2872 3281 drei weiblichen Hauptrollen liegen in den Händen der Damen
1738 3264 2875 3306 Normann, Rupprecht und Schneider. Fräulein
1735 3296 2868 3362 Marta Schneider, die neue jugendliche Salondame, wird sich
1725 3341 2871 3401 bei dieser Gelegenheit zum ersten Male in einer neuen Rolle
1723 3375 2868 3436 vorstellen, nachdem sie jetzt schon als Nachfolgerin von Ida
1723 3407 2873 3461 Wüst in dem Zugstück „Die selige Exzellenz“ durch ihr an¬
1720 3449 2866 3501 mutiges und liebenswürdiges Spiel die Symphatien des
1731 3497 2870 3550 Publikums erworben hat. Die übrigen Hauptrollen liegen
1718 3545 2866 3593 in den Händen der Herren Clodius, Mackay und
1733 3576 2859 3613 Semler. Der anhaltende Kassenerfolg des Presber¬
1733 3602 2872 3669 Steinschen Lustsviels gab der Direktion Zeit und Muße, die
1730 3641 2868 3715 „Komödie der Worte“ mit der gehörigen Sorgfalt vorzu¬
1729 3686 2874 3739 bereiten. Die Erstaufführung ist am Mittwoch, den
1727 3723 2019 3778 10. November.
