<?xml version="1.0" encoding="UTF-8" standalone="yes"?>
<PcGts xmlns="http://schema.primaresearch.org/PAGE/gts/pagecontent/2013-07-15" xmlns:xsi="http://www.w3.org/2001/XMLSchema-instance" xsi:schemaLocation="http://schema.primaresearch.org/PAGE/gts/pagecontent/2013-07-15 http://schema.primaresearch.org/PAGE/gts/pagecontent/2013-07-15/pagecontent.xsd">
    <Metadata>
        <Creator>prov=University of Rostock/Institute of Mathematics/CITlab/Gundram Leifert/gundram.leifert@uni-rostock.de:name=ONB_Newseye_GT_M1+(htr_id=10810)::::v=2.4.2
prov=University of Rostock/Institute of Mathematics/CITlab/Tobias Gruening/tobias.gruening@uni-rostock.de:name=de.uros.citlab.module.baseline2polygon.B2PSeamMultiOriented:v=2.4.2
prov=University of Rostock/Institute of Mathematics/CITlab/Tobias Gruening/tobias.gruening@uni-rostock.de:name=/mnt/transkribus/LA/DEA/URO/LA_news_onb_att.pb:de.uros.citlab.segmentation.CITlab_LA_ML:v=2.4.2
Transkribus</Creator>
        <Created>2019-10-07T11:10:22.840+02:00</Created>
        <LastChange>2019-10-07T23:18:05.901+02:00</LastChange>
        <TranskribusMetadata docId="223960" pageId="9494818" pageNr="347" tsid="16487190" status="IN_PROGRESS" userId="40391" imgUrl="https://files.transkribus.eu/Get?id=WUQQCPXKHAUTDUIGZMCAOOAS&amp;fileType=view" xmlUrl="https://files.transkribus.eu/Get?id=LAKGEQYPKJSHSKXNOLUYLGDU" imageId="6185045"/>
    </Metadata>
    <Page imageFilename="223960_0347.jpeg" imageWidth="3344" imageHeight="4320">
        <ReadingOrder>
            <OrderedGroup id="ro_1711443346334" caption="Regions reading order">
                <RegionRefIndexed index="0" regionRef="r1"/>
                <RegionRefIndexed index="1" regionRef="r2"/>
            </OrderedGroup>
        </ReadingOrder>
        <TextRegion orientation="0.0" id="r1" custom="readingOrder {index:0;}">
            <Coords points="360,102 360,4007 1492,4007 1492,102"/>
            <TextLine id="r1l1" custom="readingOrder {index:0;}">
                <Coords points="387,154 1490,146 1488,98 1376,92 386,123"/>
                <Baseline points="394,151 448,150 502,149 557,148 611,146 666,145 720,144 774,143 829,142 883,141 938,140 992,139 1046,138 1101,137 1155,135 1210,134 1264,132 1318,130 1373,128 1427,126 1482,124"/>
                <TextEquiv>
                    <Unicode>Eheglücks weniger als eine Geliebte. Weshalb er#</Unicode>
                </TextEquiv>
            </TextLine>
            <TextLine id="r1l2" custom="readingOrder {index:1;}">
                <Coords points="391,213 693,213 749,175 837,210 1475,174 1474,144 1399,135 390,162"/>
                <Baseline points="398,200 451,200 505,199 558,198 612,198 665,197 719,196 772,195 826,194 879,193 933,192 986,191 1040,189 1093,187 1147,186 1200,184 1254,182 1307,181 1361,178 1414,176 1468,174"/>
                <TextEquiv>
                    <Unicode>sie jetzt fortjagt? Er glaubt nämlich, Ormin sei der</Unicode>
                </TextEquiv>
            </TextLine>
            <TextLine id="r1l3" custom="readingOrder {index:2;}">
                <Coords points="388,261 1474,229 1473,195 1375,178 387,221"/>
                <Baseline points="394,248 447,248 501,248 554,248 608,247 662,247 715,246 769,245 823,244 876,242 930,241 984,239 1037,238 1091,236 1145,235 1198,233 1252,232 1306,229 1359,228 1413,226 1467,224"/>
                <TextEquiv>
                    <Unicode>Glückliche gewesen, ahnt nicht, wer es tatsächlich</Unicode>
                </TextEquiv>
            </TextLine>
            <TextLine id="r1l4" custom="readingOrder {index:3;}">
                <Coords points="389,311 1480,290 1479,243 388,268"/>
                <Baseline points="395,297 448,297 502,297 556,296 610,296 664,295 718,294 772,293 826,291 880,290 934,289 987,287 1041,286 1095,284 1149,283 1203,281 1257,280 1311,278 1365,277 1419,276 1473,274"/>
                <TextEquiv>
                    <Unicode>gewesen. Sie bekennt sich aus Trotz und Schmerz</Unicode>
                </TextEquiv>
            </TextLine>
            <TextLine id="r1l5" custom="readingOrder {index:4;}">
                <Coords points="376,350 1364,343 1478,328 1477,286 375,316"/>
                <Baseline points="383,349 437,348 491,347 546,346 600,344 655,343 709,341 763,340 818,339 872,337 927,336 981,334 1035,333 1090,332 1144,330 1199,329 1253,327 1307,326 1362,324 1416,322 1471,321"/>
                <TextEquiv>
                    <Unicode>zu dem Ehebruch, der gar nicht gewesen, und geht</Unicode>
                </TextEquiv>
            </TextLine>
            <TextLine id="r1l6" custom="readingOrder {index:5;}">
                <Coords points="390,396 1465,388 1474,340 389,361"/>
                <Baseline points="397,393 450,394 504,394 557,394 611,393 664,392 718,391 771,389 825,387 878,385 932,383 985,381 1039,379 1092,377 1146,375 1199,373 1253,372 1306,371 1360,371 1413,371 1467,371"/>
                <TextEquiv>
                    <Unicode>in den Tod. Das zweite Stück: Große Szene,</Unicode>
                </TextEquiv>
            </TextLine>
            <TextLine id="r1l7" custom="readingOrder {index:6;}">
                <Coords points="354,443 1481,451 1480,402 1383,377 354,414"/>
                <Baseline points="361,428 416,432 472,434 527,435 583,436 639,437 694,437 750,436 806,435 861,434 917,433 973,432 1028,430 1084,429 1140,428 1195,427 1251,426 1307,425 1362,425 1418,425 1474,426"/>
                <TextEquiv>
                    <Unicode>—aildort die Ehe eines großen Schauspielers. Kon¬</Unicode>
                </TextEquiv>
            </TextLine>
            <TextLine id="r1l8" custom="readingOrder {index:7;}">
                <Coords points="353,524 1148,538 1424,525 1456,486 353,494"/>
                <Baseline points="360,523 414,523 468,524 523,524 577,524 632,523 686,523 741,522 795,522 850,521 904,520 958,519 1013,518 1067,518 1122,517 1176,516 1231,516 1285,516 1340,516 1394,516 1449,516"/>
                <TextEquiv>
                    <Unicode>rad Herbst hat in der Sommerfrische die Braut</Unicode>
                </TextEquiv>
            </TextLine>
            <TextLine id="r1l9" custom="readingOrder {index:8;}">
                <Coords points="354,571 1376,578 1456,556 1456,519 923,557 856,528 353,533"/>
                <Baseline points="360,571 414,571 468,572 523,572 577,572 632,572 686,572 741,572 795,572 850,571 904,571 958,571 1013,570 1067,570 1122,570 1176,569 1231,569 1285,568 1340,568 1394,567 1449,566"/>
                <TextEquiv>
                    <Unicode>eines Freundes verführt, das konnte ihm seine</Unicode>
                </TextEquiv>
            </TextLine>
            <TextLine id="r1l10" custom="readingOrder {index:9;}">
                <Coords points="359,632 1172,607 1377,633 1453,609 1453,571 970,575 917,606 877,576 498,604 359,575"/>
                <Baseline points="366,619 420,620 474,621 528,621 582,622 636,622 690,622 744,622 798,622 852,621 906,621 960,620 1014,620 1068,619 1122,618 1176,617 1230,616 1284,615 1338,613 1392,612 1447,611"/>
                <TextEquiv>
                    <Unicode>Frau nicht verzeihen, sie, die den Werbungen</Unicode>
                </TextEquiv>
            </TextLine>
            <TextLine id="r1l11" custom="readingOrder {index:10;}">
                <Coords points="353,670 1454,673 1422,619 353,636"/>
                <Baseline points="360,673 414,672 468,672 522,672 577,671 631,671 685,670 740,670 794,669 848,669 903,668 957,668 1011,667 1065,666 1120,666 1174,665 1228,665 1283,664 1337,663 1391,663 1446,662"/>
                <TextEquiv>
                    <Unicode>eines Verehrers keine Folge gibt; dennoch kommt</Unicode>
                </TextEquiv>
            </TextLine>
            <TextLine id="r1l12" custom="readingOrder {index:11;}">
                <Coords points="361,729 1256,731 1436,721 1455,678 361,680"/>
                <Baseline points="368,721 422,721 476,721 530,720 584,720 638,720 692,720 746,719 800,719 854,718 908,718 962,717 1016,717 1070,716 1124,715 1178,715 1232,714 1286,713 1340,712 1394,711 1448,710"/>
                <TextEquiv>
                    <Unicode>sie zurück. Er kann sie auch künftig betrügen, aber</Unicode>
                </TextEquiv>
            </TextLine>
            <TextLine id="r1l13" custom="readingOrder {index:12;}">
                <Coords points="362,770 1462,764 1410,714 1338,743 781,724 745,752 362,729"/>
                <Baseline points="369,767 423,767 477,768 531,768 586,768 640,768 694,768 749,768 803,767 857,767 912,766 966,766 1020,765 1074,764 1129,764 1183,763 1237,763 1292,762 1346,762 1400,762 1455,761"/>
                <TextEquiv>
                    <Unicode>nur nicht lügen. Da kommt der Bräutigam, will</Unicode>
                </TextEquiv>
            </TextLine>
            <TextLine id="r1l14" custom="readingOrder {index:13;}">
                <Coords points="355,817 1356,825 1464,807 1464,765 354,771"/>
                <Baseline points="362,816 416,817 471,818 526,819 581,819 636,819 690,818 745,817 800,816 855,816 910,814 964,813 1019,812 1074,811 1129,810 1184,809 1238,808 1293,808 1348,807 1403,807 1458,808"/>
                <TextEquiv>
                    <Unicode>Aufklärung, ob Konrad der Geliebte des Mädchens</Unicode>
                </TextEquiv>
            </TextLine>
            <TextLine id="r1l15" custom="readingOrder {index:14;}">
                <Coords points="369,864 1429,873 1463,869 1463,808 368,826"/>
                <Baseline points="376,866 430,866 484,867 538,866 592,866 646,866 700,865 754,864 808,864 862,862 916,861 970,861 1024,860 1078,859 1132,857 1186,857 1240,856 1294,855 1348,854 1402,854 1456,854"/>
                <TextEquiv>
                    <Unicode>war oder nicht. Der Schauspieler sagt weder nein</Unicode>
                </TextEquiv>
            </TextLine>
            <TextLine id="r1l16" custom="readingOrder {index:15;}">
                <Coords points="357,910 1284,922 1423,912 1458,864 356,878"/>
                <Baseline points="364,916 418,916 472,915 527,915 581,915 635,914 690,913 744,913 798,912 853,911 907,910 961,910 1016,909 1070,908 1124,907 1179,906 1233,905 1287,904 1342,903 1396,903 1451,902"/>
                <TextEquiv>
                    <Unicode>noch ja, überzeugt ihn aber durch eine kunstvoll von</Unicode>
                </TextEquiv>
            </TextLine>
            <TextLine id="r1l17" custom="readingOrder {index:16;}">
                <Coords points="359,981 1462,960 1461,922 1365,909 1189,935 358,910"/>
                <Baseline points="366,960 420,961 474,962 529,963 583,963 638,963 692,963 747,962 801,961 856,960 910,959 964,958 1019,957 1073,956 1128,955 1182,954 1237,953 1291,953 1346,953 1400,953 1455,954"/>
                <TextEquiv>
                    <Unicode>dem Mädchen und ihm für alle Fälle — in einem</Unicode>
                </TextEquiv>
            </TextLine>
            <TextLine id="r1l18" custom="readingOrder {index:17;}">
                <Coords points="368,1007 1082,1029 1450,992 1386,957 368,968"/>
                <Baseline points="376,1009 429,1010 482,1011 536,1011 589,1011 642,1011 696,1010 749,1009 802,1009 856,1008 909,1007 962,1006 1016,1005 1069,1004 1122,1003 1176,1002 1229,1002 1282,1001 1336,1001 1389,1001 1443,1001"/>
                <TextEquiv>
                    <Unicode>Briefe — vorbereitete Lüge von ihrer Unschuld, in¬</Unicode>
                </TextEquiv>
            </TextLine>
            <TextLine id="r1l19" custom="readingOrder {index:18;}">
                <Coords points="361,1054 1429,1058 1457,981 1380,1020 360,1016"/>
                <Baseline points="368,1058 422,1060 476,1060 530,1060 584,1061 638,1061 692,1060 747,1060 801,1060 855,1059 909,1058 963,1057 1017,1056 1071,1055 1126,1054 1180,1053 1234,1052 1288,1051 1342,1050 1396,1049 1451,1048"/>
                <TextEquiv>
                    <Unicode>dem er eine förmliche Theaterszene von seiner ver¬</Unicode>
                </TextEquiv>
            </TextLine>
            <TextLine id="r1l20" custom="readingOrder {index:19;}">
                <Coords points="365,1119 1250,1123 1366,1092 1459,1121 1458,1049 1126,1092 1065,1061 365,1083"/>
                <Baseline points="373,1112 426,1111 480,1110 534,1110 588,1109 642,1108 696,1108 750,1107 804,1106 858,1106 912,1105 965,1105 1019,1104 1073,1104 1127,1104 1181,1103 1235,1103 1289,1103 1343,1102 1397,1102 1451,1102"/>
                <TextEquiv>
                    <Unicode>geblichen Werbung vordeklamiert. Er spielt die</Unicode>
                </TextEquiv>
            </TextLine>
            <TextLine id="r1l21" custom="readingOrder {index:20;}">
                <Coords points="373,1173 1224,1171 1417,1155 1456,1111 372,1114"/>
                <Baseline points="380,1159 433,1159 486,1159 540,1159 593,1159 647,1159 700,1159 754,1158 807,1158 861,1157 914,1156 967,1155 1021,1154 1074,1153 1128,1152 1181,1151 1235,1150 1288,1149 1342,1149 1395,1148 1449,1147"/>
                <TextEquiv>
                    <Unicode>Rolle so natürlich, daß er selbst die Lügen stellen¬</Unicode>
                </TextEquiv>
            </TextLine>
            <TextLine id="r1l22" custom="readingOrder {index:21;}">
                <Coords points="377,1212 1449,1197 1448,1165 1364,1153 376,1177"/>
                <Baseline points="384,1209 436,1208 489,1208 542,1208 595,1207 648,1207 701,1207 753,1206 806,1206 859,1206 912,1205 965,1204 1018,1204 1071,1203 1123,1202 1176,1200 1229,1199 1282,1197 1335,1196 1388,1194 1441,1192"/>
                <TextEquiv>
                    <Unicode>weise glaubt. Seine Frau freilich hat kein Ver¬</Unicode>
                </TextEquiv>
            </TextLine>
            <TextLine id="r1l23" custom="readingOrder {index:22;}">
                <Coords points="364,1259 1382,1262 1461,1225 1290,1199 364,1227"/>
                <Baseline points="371,1258 425,1257 479,1257 533,1256 587,1256 642,1255 696,1255 750,1254 804,1254 858,1253 913,1253 967,1252 1021,1251 1075,1251 1129,1250 1184,1249 1238,1247 1292,1246 1346,1244 1400,1243 1455,1241"/>
                <TextEquiv>
                    <Unicode>ständnis für derlei; Konrad, der eben ins Theater</Unicode>
                </TextEquiv>
            </TextLine>
            <TextLine id="r1l24" custom="readingOrder {index:23;}">
                <Coords points="362,1325 1385,1310 1456,1298 1456,1258 361,1260"/>
                <Baseline points="369,1309 423,1307 477,1307 531,1306 585,1305 639,1304 693,1303 747,1303 801,1302 855,1302 909,1301 963,1301 1017,1300 1071,1300 1125,1299 1179,1298 1233,1297 1287,1297 1341,1296 1395,1295 1449,1293"/>
                <TextEquiv>
                    <Unicode>ging, den Hamlet zu spielen, kommt kostümiert zu¬</Unicode>
                </TextEquiv>
            </TextLine>
            <TextLine id="r1l25" custom="readingOrder {index:24;}">
                <Coords points="375,1356 1456,1352 1465,1299 375,1320"/>
                <Baseline points="382,1354 435,1354 489,1354 543,1354 597,1354 651,1353 704,1353 758,1351 812,1351 866,1349 920,1348 973,1347 1027,1346 1081,1345 1135,1344 1189,1343 1242,1343 1296,1342 1350,1342 1404,1342 1458,1342"/>
                <TextEquiv>
                    <Unicode>rück und gewinnt die Frau wieder, die sich willen¬</Unicode>
                </TextEquiv>
            </TextLine>
            <TextLine id="r1l26" custom="readingOrder {index:25;}">
                <Coords points="365,1423 1458,1406 1458,1350 365,1355"/>
                <Baseline points="372,1398 428,1398 485,1398 542,1398 599,1398 655,1398 712,1398 769,1397 826,1397 883,1396 939,1395 996,1395 1053,1394 1110,1394 1167,1393 1223,1393 1280,1393 1337,1392 1394,1392 1451,1393"/>
                <TextEquiv>
                    <Unicode>los dem Zauber seiner Persönlichkeit hingeben muß.</Unicode>
                </TextEquiv>
            </TextLine>
            <TextLine id="r1l27" custom="readingOrder {index:26;}">
                <Coords points="366,1450 1451,1436 1450,1404 1368,1394 366,1423"/>
                <Baseline points="373,1446 426,1447 480,1447 533,1447 587,1447 640,1447 694,1447 747,1446 801,1445 854,1445 908,1444 961,1443 1015,1442 1068,1441 1122,1440 1175,1440 1229,1439 1282,1438 1336,1438 1389,1437 1443,1437"/>
                <TextEquiv>
                    <Unicode>Das dritte Stück ist: Das Bacchusfest (nicht.</Unicode>
                </TextEquiv>
            </TextLine>
            <TextLine id="r1l28" custom="readingOrder {index:27;}">
                <Coords points="367,1492 1435,1508 1423,1443 1078,1440 1034,1475 992,1446 367,1449"/>
                <Baseline points="374,1494 426,1495 479,1495 532,1495 584,1495 637,1495 690,1494 742,1494 795,1493 848,1493 901,1492 953,1492 1006,1491 1059,1490 1111,1490 1164,1489 1217,1489 1269,1488 1322,1488 1375,1487 1428,1487"/>
                <TextEquiv>
                    <Unicode>wie der Theaterzettel schrieb: „Das Bachusfest").</Unicode>
                </TextEquiv>
            </TextLine>
            <TextLine id="r1l29" custom="readingOrder {index:28;}">
                <Coords points="376,1554 1409,1555 1460,1501 375,1500"/>
                <Baseline points="382,1545 435,1546 489,1546 542,1546 596,1546 650,1546 703,1545 757,1545 810,1544 864,1543 918,1543 971,1542 1025,1541 1078,1540 1132,1540 1186,1539 1239,1538 1293,1538 1346,1537 1400,1537 1454,1536"/>
                <TextEquiv>
                    <Unicode>Während der Dichter Felix Steuchner im Gebirge</Unicode>
                </TextEquiv>
            </TextLine>
            <TextLine id="r1l30" custom="readingOrder {index:29;}">
                <Coords points="374,1612 1453,1583 1453,1554 1347,1545 374,1549"/>
                <Baseline points="381,1594 434,1594 487,1594 540,1594 594,1594 647,1593 700,1593 753,1592 807,1592 860,1591 913,1591 966,1590 1020,1589 1073,1589 1126,1588 1179,1587 1233,1585 1286,1584 1339,1583 1392,1582 1446,1580"/>
                <TextEquiv>
                    <Unicode>an einem Theaterstück dieses Titels schreibt — er</Unicode>
                </TextEquiv>
            </TextLine>
            <TextLine id="r1l31" custom="readingOrder {index:30;}">
                <Coords points="370,1657 1424,1647 1464,1637 1464,1581 369,1606"/>
                <Baseline points="376,1644 430,1643 484,1642 538,1641 592,1641 646,1640 700,1639 754,1639 808,1638 862,1638 916,1638 970,1637 1024,1637 1078,1637 1132,1636 1186,1636 1240,1636 1294,1636 1348,1636 1402,1636 1457,1636"/>
                <TextEquiv>
                    <Unicode>rührt von einem alten griechischen Brauch her, daß</Unicode>
                </TextEquiv>
            </TextLine>
            <TextLine id="r1l32" custom="readingOrder {index:31;}">
                <Coords points="373,1697 1415,1701 1465,1693 1465,1649 373,1665"/>
                <Baseline points="380,1693 433,1693 487,1692 541,1691 595,1691 649,1690 703,1690 757,1689 811,1689 865,1689 919,1688 972,1688 1026,1688 1080,1687 1134,1687 1188,1686 1242,1685 1296,1685 1350,1684 1404,1683 1458,1682"/>
                <TextEquiv>
                    <Unicode>einmal im Jahre Mann und Weib sich dem Taumel</Unicode>
                </TextEquiv>
            </TextLine>
            <TextLine id="r1l33" custom="readingOrder {index:32;}">
                <Coords points="368,1742 1399,1744 1464,1697 368,1714"/>
                <Baseline points="376,1740 430,1740 484,1740 538,1740 592,1740 646,1739 700,1739 754,1738 808,1738 862,1737 916,1736 970,1735 1024,1734 1078,1733 1132,1732 1186,1731 1240,1731 1294,1730 1348,1730 1402,1729 1457,1729"/>
                <TextEquiv>
                    <Unicode>der Sinneslust hingeben dürfen und dann einander</Unicode>
                </TextEquiv>
            </TextLine>
            <TextLine id="r1l34" custom="readingOrder {index:33;}">
                <Coords points="369,1790 855,1807 1222,1775 1269,1801 1429,1790 1462,1745 368,1747"/>
                <Baseline points="376,1792 432,1790 489,1789 546,1788 603,1787 659,1786 716,1786 773,1785 830,1785 887,1785 943,1784 1000,1784 1057,1784 1114,1783 1171,1783 1227,1782 1284,1782 1341,1781 1398,1780 1455,1779"/>
                <TextEquiv>
                    <Unicode>vergessen müssen — und dabei flirtet, hat seine</Unicode>
                </TextEquiv>
            </TextLine>
            <TextLine id="r1l35" custom="readingOrder {index:34;}">
                <Coords points="372,1833 1416,1840 1465,1799 371,1790"/>
                <Baseline points="379,1839 435,1839 492,1839 549,1839 606,1838 662,1837 719,1837 776,1836 833,1835 890,1834 946,1833 1003,1833 1060,1832 1117,1831 1174,1831 1230,1830 1287,1830 1344,1830 1401,1830 1458,1831"/>
                <TextEquiv>
                    <Unicode>Gattin ein Verhältnis mit dem unbedeutenden Dr.</Unicode>
                </TextEquiv>
            </TextLine>
            <TextLine id="r1l36" custom="readingOrder {index:35;}">
                <Coords points="373,1887 1472,1889 1471,1847 1404,1835 459,1860 373,1833"/>
                <Baseline points="380,1886 434,1886 488,1886 542,1886 596,1886 651,1885 705,1885 759,1884 813,1884 867,1883 922,1882 976,1882 1030,1881 1084,1881 1138,1881 1193,1880 1247,1880 1301,1880 1355,1880 1409,1880 1464,1881"/>
                <TextEquiv>
                    <Unicode>Wernig angefangen. Sie erwarten den Mann am</Unicode>
                </TextEquiv>
            </TextLine>
            <TextLine id="r1l37" custom="readingOrder {index:36;}">
                <Coords points="368,1938 1464,1942 1431,1881 367,1904"/>
                <Baseline points="374,1935 428,1935 482,1935 536,1934 590,1934 644,1934 698,1934 753,1933 807,1933 861,1932 915,1932 969,1932 1023,1931 1077,1931 1132,1931 1186,1930 1240,1930 1294,1930 1348,1930 1402,1930 1457,1929"/>
                <TextEquiv>
                    <Unicode>Bahnhof in Salzburg und wollen ihm sagen, daß</Unicode>
                </TextEquiv>
            </TextLine>
            <TextLine id="r1l38" custom="readingOrder {index:37;}">
                <Coords points="371,2005 1400,1991 1474,1944 371,1950"/>
                <Baseline points="378,1985 432,1984 486,1984 541,1983 595,1983 650,1982 704,1981 759,1981 813,1980 868,1980 922,1979 976,1979 1031,1978 1085,1978 1140,1978 1194,1978 1249,1977 1303,1977 1358,1977 1412,1978 1467,1978"/>
                <TextEquiv>
                    <Unicode>die Frau von ihm weggeht. Steuchnerl äßt den</Unicode>
                </TextEquiv>
            </TextLine>
            <TextLine id="r1l39" custom="readingOrder {index:38;}">
                <Coords points="366,2023 484,2052 1122,2045 1425,2032 1470,1989 365,2010"/>
                <Baseline points="373,2037 427,2035 482,2034 536,2033 591,2032 645,2031 700,2031 754,2030 809,2030 863,2029 918,2029 972,2028 1027,2028 1081,2028 1136,2027 1190,2027 1245,2027 1299,2026 1354,2026 1408,2025 1463,2025"/>
                <TextEquiv>
                    <Unicode>Jüngling gar nicht zu Morte und zum Geständnis</Unicode>
                </TextEquiv>
            </TextLine>
            <TextLine id="r1l40" custom="readingOrder {index:39;}">
                <Coords points="363,2080 1467,2097 1466,2034 1387,2028 363,2051"/>
                <Baseline points="371,2086 425,2085 479,2083 534,2082 588,2082 643,2081 697,2080 752,2079 806,2078 861,2078 915,2077 969,2077 1024,2077 1078,2076 1133,2076 1187,2076 1242,2076 1296,2076 1351,2076 1405,2076 1460,2076"/>
                <TextEquiv>
                    <Unicode>dessen kommen, was er auf den eisten Blick sieht,</Unicode>
                </TextEquiv>
            </TextLine>
            <TextLine id="r1l41" custom="readingOrder {index:40;}">
                <Coords points="377,2136 1470,2128 1469,2096 1388,2082 376,2097"/>
                <Baseline points="384,2132 440,2132 497,2131 554,2131 611,2130 667,2129 724,2128 781,2127 838,2127 895,2126 951,2125 1008,2124 1065,2124 1122,2123 1179,2122 1235,2122 1292,2121 1349,2121 1406,2121 1463,2121"/>
                <TextEquiv>
                    <Unicode>und beyält dadurch sein Weib, das weiterhin seine</Unicode>
                </TextEquiv>
            </TextLine>
            <TextLine id="r1l42" custom="readingOrder {index:41;}">
                <Coords points="375,2190 1468,2171 1467,2134 1420,2129 374,2134"/>
                <Baseline points="382,2179 438,2179 495,2179 552,2178 609,2178 665,2177 722,2177 779,2176 836,2175 893,2175 949,2174 1006,2173 1063,2173 1120,2172 1177,2172 1233,2172 1290,2172 1347,2172 1404,2172 1461,2172"/>
                <TextEquiv>
                    <Unicode>Gefährtin bleiben wird. Als er allein mit ihr ist.</Unicode>
                </TextEquiv>
            </TextLine>
            <TextLine id="r1l43" custom="readingOrder {index:42;}">
                <Coords points="368,2216 450,2244 1416,2236 1472,2230 1472,2188 367,2174"/>
                <Baseline points="375,2227 429,2229 484,2229 538,2230 593,2230 647,2230 702,2229 756,2228 811,2228 865,2226 920,2225 974,2224 1029,2223 1083,2222 1138,2221 1192,2221 1247,2220 1301,2220 1356,2220 1410,2221 1465,2221"/>
                <TextEquiv>
                    <Unicode>ruft er ihr freilich zu: „Ich hasse Dich“, worauf sie</Unicode>
                </TextEquiv>
            </TextLine>
            <TextLine id="r1l44" custom="readingOrder {index:43;}">
                <Coords points="383,2275 1306,2288 1451,2273 1478,2230 382,2239"/>
                <Baseline points="390,2276 444,2277 498,2278 552,2278 606,2278 660,2278 714,2277 768,2276 822,2275 876,2274 930,2273 984,2272 1038,2271 1092,2270 1146,2269 1200,2268 1254,2268 1308,2268 1362,2268 1416,2268 1471,2269"/>
                <TextEquiv>
                    <Unicode>mit dem Ausruf: „Ich Dich noch mehr“ in seine</Unicode>
                </TextEquiv>
            </TextLine>
            <TextLine id="r1l45" custom="readingOrder {index:44;}">
                <Coords points="385,2330 1274,2337 1431,2325 1471,2270 385,2291"/>
                <Baseline points="392,2328 445,2328 499,2327 552,2327 606,2326 660,2326 713,2325 767,2324 820,2323 874,2322 928,2321 981,2321 1035,2320 1088,2319 1142,2318 1196,2317 1249,2316 1303,2316 1356,2315 1410,2315 1464,2315"/>
                <TextEquiv>
                    <Unicode>Arme fällt. Also in allen drei Stücken mehr inner¬</Unicode>
                </TextEquiv>
            </TextLine>
            <TextLine id="r1l46" custom="readingOrder {index:45;}">
                <Coords points="379,2382 1475,2357 1463,2310 1352,2338 378,2332"/>
                <Baseline points="386,2377 440,2376 494,2376 548,2375 602,2375 656,2374 710,2373 764,2373 818,2372 872,2371 926,2371 980,2370 1034,2369 1088,2369 1142,2368 1196,2367 1250,2367 1304,2366 1358,2366 1412,2365 1467,2365"/>
                <TextEquiv>
                    <Unicode>liches Geschehen, als äußere Handlung, dabei pracht¬</Unicode>
                </TextEquiv>
            </TextLine>
            <TextLine id="r1l47" custom="readingOrder {index:46;}">
                <Coords points="379,2435 1479,2419 1417,2373 378,2382"/>
                <Baseline points="386,2425 440,2425 494,2425 548,2425 603,2425 657,2424 711,2423 766,2422 820,2421 874,2420 929,2419 983,2418 1037,2417 1091,2416 1146,2415 1200,2415 1254,2415 1309,2415 1363,2415 1417,2416 1472,2417"/>
                <TextEquiv>
                    <Unicode>volle Menschenzeichnung, gütige Menschlichkeit, in</Unicode>
                </TextEquiv>
            </TextLine>
            <TextLine id="r1l48" custom="readingOrder {index:47;}">
                <Coords points="374,2464 729,2492 1471,2456 1447,2420 373,2431"/>
                <Baseline points="380,2474 434,2474 488,2474 542,2474 596,2473 651,2473 705,2472 759,2472 813,2471 867,2470 922,2469 976,2468 1030,2467 1084,2467 1138,2466 1193,2465 1247,2464 1301,2464 1355,2463 1409,2463 1464,2463"/>
                <TextEquiv>
                    <Unicode>einem anmutigen, durch feine Ironie und unauf¬</Unicode>
                </TextEquiv>
            </TextLine>
            <TextLine id="r1l49" custom="readingOrder {index:48;}">
                <Coords points="376,2544 1462,2514 1461,2478 1301,2467 375,2490"/>
                <Baseline points="382,2522 435,2522 489,2521 542,2521 596,2520 650,2520 703,2519 757,2518 811,2517 864,2517 918,2516 972,2515 1025,2514 1079,2513 1133,2513 1186,2513 1240,2512 1294,2512 1347,2512 1401,2513 1455,2513"/>
                <TextEquiv>
                    <Unicode>dringlichen Witz erheiterten Dialog. Der erste Ein¬</Unicode>
                </TextEquiv>
            </TextLine>
            <TextLine id="r1l50" custom="readingOrder {index:49;}">
                <Coords points="383,2578 1452,2578 1462,2531 382,2542"/>
                <Baseline points="390,2573 443,2572 496,2571 549,2570 603,2569 656,2569 709,2568 762,2567 816,2567 869,2566 922,2566 975,2566 1029,2566 1082,2565 1135,2565 1188,2565 1242,2565 1295,2565 1348,2566 1401,2566 1455,2566"/>
                <TextEquiv>
                    <Unicode>akter zwar stellenweise lang, doch nie langweilig,</Unicode>
                </TextEquiv>
            </TextLine>
            <TextLine id="r1l51" custom="readingOrder {index:50;}">
                <Coords points="376,2610 437,2636 1463,2610 1462,2579 1352,2566 376,2588"/>
                <Baseline points="384,2618 437,2617 491,2616 544,2616 598,2616 651,2615 705,2615 758,2615 812,2615 865,2615 919,2614 973,2614 1026,2614 1080,2614 1133,2613 1187,2613 1240,2612 1294,2611 1347,2611 1401,2610 1455,2608"/>
                <TextEquiv>
                    <Unicode>der zweite ist der beste. Im Mittelpunkt jedes Stük¬</Unicode>
                </TextEquiv>
            </TextLine>
            <TextLine id="r1l52" custom="readingOrder {index:51;}">
                <Coords points="377,2669 1406,2674 1474,2626 377,2634"/>
                <Baseline points="384,2666 438,2667 492,2667 546,2667 600,2666 654,2666 708,2666 763,2665 817,2665 871,2664 925,2664 979,2663 1033,2662 1087,2662 1142,2661 1196,2660 1250,2660 1304,2659 1358,2658 1412,2658 1467,2657"/>
                <TextEquiv>
                    <Unicode>kes stand Wilhelm Heim, jedesmal der vollendete</Unicode>
                </TextEquiv>
            </TextLine>
            <TextLine id="r1l53" custom="readingOrder {index:52;}">
                <Coords points="391,2731 1385,2720 1478,2703 1478,2672 390,2675"/>
                <Baseline points="398,2717 451,2717 505,2716 558,2716 612,2715 666,2715 719,2714 773,2713 827,2712 880,2712 934,2711 988,2710 1041,2709 1095,2709 1149,2708 1202,2708 1256,2707 1310,2707 1363,2707 1417,2706 1471,2706"/>
                <TextEquiv>
                    <Unicode>Ausdruck des dargestellten Charakters: am besten</Unicode>
                </TextEquiv>
            </TextLine>
            <TextLine id="r1l54" custom="readingOrder {index:53;}">
                <Coords points="382,2773 1354,2776 1474,2748 1440,2716 1225,2707 382,2735"/>
                <Baseline points="389,2765 442,2765 496,2765 550,2765 604,2765 658,2765 712,2764 766,2764 820,2763 874,2763 928,2762 981,2762 1035,2761 1089,2760 1143,2759 1197,2759 1251,2758 1305,2757 1359,2756 1413,2756 1467,2755"/>
                <TextEquiv>
                    <Unicode>als Konrad Herbst, mit selbstgefälliger Leichtigkeit</Unicode>
                </TextEquiv>
            </TextLine>
            <TextLine id="r1l55" custom="readingOrder {index:54;}">
                <Coords points="386,2823 1476,2808 1475,2770 1413,2761 385,2777"/>
                <Baseline points="392,2816 445,2816 499,2815 553,2814 607,2813 661,2812 715,2811 768,2810 822,2809 876,2809 930,2808 984,2808 1038,2807 1092,2807 1145,2807 1199,2806 1253,2806 1307,2807 1361,2807 1415,2807 1469,2808"/>
                <TextEquiv>
                    <Unicode>des eitlen Komödianten, des lieben Kerls, der sich</Unicode>
                </TextEquiv>
            </TextLine>
            <TextLine id="r1l56" custom="readingOrder {index:55;}">
                <Coords points="384,2878 1475,2858 1474,2808 384,2832"/>
                <Baseline points="391,2865 444,2864 498,2862 552,2861 606,2860 660,2859 713,2859 767,2858 821,2858 875,2858 929,2858 982,2858 1036,2858 1090,2858 1144,2857 1198,2857 1251,2856 1305,2856 1359,2855 1413,2853 1467,2852"/>
                <TextEquiv>
                    <Unicode>seiner Lumperei gar nicht bewußt ist; glänzend aber</Unicode>
                </TextEquiv>
            </TextLine>
            <TextLine id="r1l57" custom="readingOrder {index:56;}">
                <Coords points="385,2914 1452,2921 1478,2860 385,2883"/>
                <Baseline points="392,2912 448,2912 505,2911 562,2911 619,2910 675,2909 732,2909 789,2908 846,2907 903,2906 959,2906 1016,2905 1073,2904 1130,2904 1187,2904 1243,2903 1300,2903 1357,2903 1414,2903 1471,2903"/>
                <TextEquiv>
                    <Unicode>auch als tückisch=rachsüchtiger, fast gemeiner Dr.</Unicode>
                </TextEquiv>
            </TextLine>
            <TextLine id="r1l58" custom="readingOrder {index:57;}">
                <Coords points="393,2958 1236,2969 1356,2934 1484,2965 1483,2916 1387,2904 393,2922"/>
                <Baseline points="400,2961 453,2960 507,2959 561,2959 615,2958 669,2958 723,2957 776,2956 830,2956 884,2955 938,2955 992,2954 1046,2953 1100,2953 1153,2952 1207,2952 1261,2951 1315,2951 1369,2951 1423,2950 1477,2949"/>
                <TextEquiv>
                    <Unicode>Eckold, und als energisch=kluger Steuchner. Der</Unicode>
                </TextEquiv>
            </TextLine>
            <TextLine id="r1l59" custom="readingOrder {index:58;}">
                <Coords points="383,3002 1178,3023 1472,3000 1472,2964 383,2978"/>
                <Baseline points="390,3010 443,3009 497,3007 551,3007 605,3006 658,3005 712,3005 766,3004 820,3004 873,3003 927,3003 981,3002 1035,3002 1088,3001 1142,3001 1196,3000 1250,2999 1303,2998 1357,2996 1411,2994 1465,2993"/>
                <TextEquiv>
                    <Unicode>Künstler hat für einen Abend eine seltene Wand¬</Unicode>
                </TextEquiv>
            </TextLine>
            <TextLine id="r1l60" custom="readingOrder {index:59;}">
                <Coords points="393,3065 1433,3057 1475,3050 1474,2999 392,3019"/>
                <Baseline points="400,3059 453,3058 506,3057 560,3057 613,3056 666,3055 720,3054 773,3053 826,3052 880,3052 933,3051 986,3050 1040,3049 1093,3049 1146,3048 1200,3048 1253,3048 1306,3047 1360,3047 1413,3048 1467,3048"/>
                <TextEquiv>
                    <Unicode>lungsfähigkeit bewiesen. Alma Sorel wuchs als</Unicode>
                </TextEquiv>
            </TextLine>
            <TextLine id="r1l61" custom="readingOrder {index:60;}">
                <Coords points="385,3110 1476,3123 1476,3051 384,3072"/>
                <Baseline points="391,3106 444,3106 498,3105 552,3104 606,3104 660,3103 714,3102 768,3101 822,3101 876,3100 930,3099 983,3099 1037,3098 1091,3097 1145,3097 1199,3096 1253,3096 1307,3096 1361,3096 1415,3096 1469,3096"/>
                <TextEquiv>
                    <Unicode>Klara Eckold zu schlichter Größe an ihrer Rolle em¬</Unicode>
                </TextEquiv>
            </TextLine>
            <TextLine id="r1l62" custom="readingOrder {index:61;}">
                <Coords points="378,3161 1470,3159 1469,3109 1345,3101 377,3122"/>
                <Baseline points="385,3154 438,3154 492,3154 546,3154 600,3154 654,3153 708,3152 762,3152 816,3151 870,3150 924,3149 977,3149 1031,3148 1085,3147 1139,3147 1193,3146 1247,3146 1301,3145 1355,3145 1409,3145 1463,3145"/>
                <TextEquiv>
                    <Unicode>por. Ella Swoboda gab die Sophie Herbst brav,</Unicode>
                </TextEquiv>
            </TextLine>
            <TextLine id="r1l63" custom="readingOrder {index:62;}">
                <Coords points="392,3205 1482,3215 1481,3138 391,3170"/>
                <Baseline points="398,3204 451,3203 505,3202 559,3202 613,3201 667,3200 721,3199 774,3199 828,3198 882,3197 936,3197 990,3196 1044,3196 1098,3195 1151,3195 1205,3195 1259,3195 1313,3195 1367,3195 1421,3195 1475,3195"/>
                <TextEquiv>
                    <Unicode>ohne jedoch den vom Dichter gewollten Gegensatz</Unicode>
                </TextEquiv>
            </TextLine>
            <TextLine id="r1l64" custom="readingOrder {index:63;}">
                <Coords points="387,3266 1438,3259 1484,3215 386,3216"/>
                <Baseline points="393,3254 447,3253 501,3252 555,3252 609,3251 664,3251 718,3250 772,3250 826,3250 880,3249 935,3249 989,3248 1043,3247 1097,3247 1151,3246 1206,3245 1260,3244 1314,3243 1368,3242 1422,3240 1477,3238"/>
                <TextEquiv>
                    <Unicode>zu ihrem Mann: Einfachheit und Güte, restlos dar¬</Unicode>
                </TextEquiv>
            </TextLine>
            <TextLine id="r1l65" custom="readingOrder {index:64;}">
                <Coords points="381,3315 1443,3313 1472,3254 380,3274"/>
                <Baseline points="387,3306 440,3304 494,3303 548,3302 602,3301 656,3300 710,3299 764,3298 818,3297 872,3297 926,3296 979,3296 1033,3295 1087,3295 1141,3294 1195,3294 1249,3293 1303,3292 1357,3291 1411,3290 1465,3289"/>
                <TextEquiv>
                    <Unicode>zustellen. Maria Jagla etwas zu farblos, wenn</Unicode>
                </TextEquiv>
            </TextLine>
            <TextLine id="r1l66" custom="readingOrder {index:65;}">
                <Coords points="393,3348 1451,3354 1471,3293 392,3318"/>
                <Baseline points="400,3354 453,3352 506,3351 559,3349 613,3348 666,3347 719,3346 772,3346 826,3345 879,3345 932,3344 985,3344 1039,3343 1092,3343 1145,3342 1198,3342 1252,3341 1305,3340 1358,3339 1411,3339 1465,3337"/>
                <TextEquiv>
                    <Unicode>auch Agnes Steuchner nur als hübsche, dumme</Unicode>
                </TextEquiv>
            </TextLine>
            <TextLine id="r1l67" custom="readingOrder {index:66;}">
                <Coords points="394,3404 1479,3388 1332,3344 394,3361"/>
                <Baseline points="401,3397 454,3398 508,3398 561,3399 615,3399 668,3398 722,3398 775,3397 829,3396 882,3395 936,3394 990,3393 1043,3392 1097,3391 1150,3391 1204,3390 1257,3390 1311,3390 1364,3391 1418,3392 1472,3394"/>
                <TextEquiv>
                    <Unicode>Gans gedacht ist; im zweiten Stück spielte sie eine</Unicode>
                </TextEquiv>
            </TextLine>
            <TextLine id="r1l68" custom="readingOrder {index:67;}">
                <Coords points="393,3449 1407,3457 1480,3447 1480,3388 640,3427 392,3403"/>
                <Baseline points="399,3445 452,3446 506,3447 560,3447 613,3447 667,3447 721,3446 774,3446 828,3445 882,3444 936,3443 989,3442 1043,3441 1097,3440 1150,3439 1204,3439 1258,3439 1311,3439 1365,3439 1419,3440 1473,3442"/>
                <TextEquiv>
                    <Unicode>angehende Schauspielerin ziemlich lebenswahr.</Unicode>
                </TextEquiv>
            </TextLine>
            <TextLine id="r1l69" custom="readingOrder {index:68;}">
                <Coords points="393,3511 1468,3499 1480,3448 392,3461"/>
                <Baseline points="400,3494 453,3495 507,3495 560,3495 614,3495 668,3494 721,3494 775,3493 829,3492 882,3491 936,3490 990,3489 1043,3489 1097,3488 1151,3487 1204,3487 1258,3487 1312,3487 1365,3487 1419,3488 1473,3489"/>
                <TextEquiv>
                    <Unicode>Paul Hoppe zeichnete den Ormin diskret und her¬</Unicode>
                </TextEquiv>
            </TextLine>
            <TextLine id="r1l70" custom="readingOrder {index:69;}">
                <Coords points="392,3566 1438,3555 1486,3539 1486,3490 391,3513"/>
                <Baseline points="399,3545 453,3545 507,3545 561,3544 615,3544 669,3543 723,3543 777,3542 831,3541 885,3541 939,3540 993,3540 1047,3539 1101,3539 1155,3539 1209,3538 1263,3538 1317,3538 1371,3538 1425,3538 1479,3538"/>
                <TextEquiv>
                    <Unicode>zensgut. Eduard Gebhard war im zweiten Stück</Unicode>
                </TextEquiv>
            </TextLine>
            <TextLine id="r1l71" custom="readingOrder {index:70;}">
                <Coords points="389,3603 1478,3593 1477,3563 1339,3541 388,3553"/>
                <Baseline points="396,3596 449,3596 503,3595 557,3594 611,3594 664,3593 718,3592 772,3592 826,3592 879,3591 933,3591 987,3591 1041,3590 1094,3590 1148,3590 1202,3590 1256,3590 1309,3589 1363,3589 1417,3589 1471,3589"/>
                <TextEquiv>
                    <Unicode>als betrogener Bräutigam der arme, gute Junge,</Unicode>
                </TextEquiv>
            </TextLine>
            <TextLine id="r1l72" custom="readingOrder {index:71;}">
                <Coords points="392,3645 1470,3660 1482,3593 391,3604"/>
                <Baseline points="398,3644 451,3645 505,3645 559,3644 613,3644 667,3643 721,3643 774,3642 828,3641 882,3640 936,3639 990,3638 1044,3638 1098,3637 1151,3637 1205,3637 1259,3637 1313,3637 1367,3638 1421,3639 1475,3641"/>
                <TextEquiv>
                    <Unicode>im dritten als schüchterner Liebhaber am Platze.</Unicode>
                </TextEquiv>
            </TextLine>
            <TextLine id="r1l73" custom="readingOrder {index:72;}">
                <Coords points="394,3695 1228,3703 1328,3666 1486,3703 1486,3659 1321,3637 394,3644"/>
                <Baseline points="401,3693 454,3692 508,3692 562,3691 616,3691 670,3690 724,3690 778,3689 832,3689 886,3689 940,3688 993,3688 1047,3688 1101,3688 1155,3688 1209,3688 1263,3688 1317,3688 1371,3688 1425,3688 1479,3689"/>
                <TextEquiv>
                    <Unicode>Eine köstliche Rolle in der „Großen Szene“ einen</Unicode>
                </TextEquiv>
            </TextLine>
            <TextLine id="r1l74" custom="readingOrder {index:73;}">
                <Coords points="386,3732 465,3761 1489,3753 1455,3693 385,3708"/>
                <Baseline points="393,3745 447,3745 501,3744 556,3743 610,3742 665,3741 719,3740 773,3740 828,3739 882,3739 937,3738 991,3738 1045,3737 1100,3737 1154,3737 1209,3736 1263,3736 1317,3736 1372,3736 1426,3737 1481,3737"/>
                <TextEquiv>
                    <Unicode>geschäftigen, von Sprüchen überquellenden, dabei</Unicode>
                </TextEquiv>
            </TextLine>
            <TextLine id="r1l75" custom="readingOrder {index:74;}">
                <Coords points="393,3796 1407,3800 1481,3758 393,3761"/>
                <Baseline points="400,3791 453,3791 507,3791 561,3790 614,3790 668,3789 722,3789 775,3788 829,3788 883,3787 937,3787 990,3786 1044,3786 1098,3785 1151,3785 1205,3785 1259,3784 1312,3784 1366,3784 1420,3784 1474,3784"/>
                <TextEquiv>
                    <Unicode>materiell=praktischen Theaterdirektor gab Leopold</Unicode>
                </TextEquiv>
            </TextLine>
            <TextLine id="r1l76" custom="readingOrder {index:75;}">
                <Coords points="398,3843 1487,3849 1455,3791 398,3801"/>
                <Baseline points="405,3835 458,3835 512,3835 566,3835 620,3834 673,3834 727,3834 781,3834 835,3834 888,3834 942,3834 996,3834 1050,3834 1103,3834 1157,3834 1211,3834 1265,3834 1318,3833 1372,3833 1426,3833 1480,3832"/>
                <TextEquiv>
                    <Unicode>Brandt, der auch für ein flottes Zusammenspiel</Unicode>
                </TextEquiv>
            </TextLine>
            <TextLine id="r1l77" custom="readingOrder {index:76;}">
                <Coords points="406,3900 1452,3899 1499,3872 1452,3841 406,3845"/>
                <Baseline points="413,3887 469,3887 526,3886 583,3886 640,3886 696,3886 753,3885 810,3885 867,3885 924,3885 980,3885 1037,3886 1094,3886 1151,3886 1208,3886 1264,3887 1321,3887 1378,3887 1435,3888 1492,3888"/>
                <TextEquiv>
                    <Unicode>sorgte. Der Besuch des Theaters war gut, bis auf:</Unicode>
                </TextEquiv>
            </TextLine>
            <TextLine id="r1l78" custom="readingOrder {index:77;}">
                <Coords points="402,3948 1310,3962 1461,3934 1485,3884 402,3902"/>
                <Baseline points="409,3933 462,3935 515,3935 569,3936 622,3937 676,3937 729,3937 783,3937 836,3937 890,3937 943,3937 996,3936 1050,3936 1103,3936 1157,3935 1210,3935 1264,3934 1317,3934 1371,3934 1424,3934 1478,3934"/>
                <TextEquiv>
                    <Unicode>Lücken in den oberen Rängen. Man klatschte leb¬</Unicode>
                </TextEquiv>
            </TextLine>
            <TextLine id="r1l79" custom="readingOrder {index:78;}">
                <Coords points="1335,3984 1374,3991 1388,3987 1396,3991 1412,3985 1429,4004 1441,4006 1445,3945 1434,3943 1415,3951 1394,3937 1383,3940 1373,3933 1353,3947 1337,3949"/>
                <Baseline points="1342,3983 1373,3981 1404,3984 1435,3988"/>
                <TextEquiv>
                    <Unicode>R.</Unicode>
                </TextEquiv>
            </TextLine>
            <TextLine id="r1l80" custom="readingOrder {index:79;}">
                <Coords points="390,4001 416,4012 429,4011 440,4001 453,4002 464,4013 483,4012 512,4023 526,4011 540,4017 541,3976 522,3976 472,3945 456,3952 435,3941 413,3946 392,3937"/>
                <Baseline points="397,3990 424,3992 451,3992 478,3992 505,3993 533,3996"/>
                <TextEquiv>
                    <Unicode>haft.</Unicode>
                </TextEquiv>
            </TextLine>
            <TextEquiv>
                <Unicode>Eheglücks weniger als eine Geliebte. Weshalb er#
sie jetzt fortjagt? Er glaubt nämlich, Ormin sei der
Glückliche gewesen, ahnt nicht, wer es tatsächlich
gewesen. Sie bekennt sich aus Trotz und Schmerz
zu dem Ehebruch, der gar nicht gewesen, und geht
in den Tod. Das zweite Stück: Große Szene,
—aildort die Ehe eines großen Schauspielers. Kon¬
rad Herbst hat in der Sommerfrische die Braut
eines Freundes verführt, das konnte ihm seine
Frau nicht verzeihen, sie, die den Werbungen
eines Verehrers keine Folge gibt; dennoch kommt
sie zurück. Er kann sie auch künftig betrügen, aber
nur nicht lügen. Da kommt der Bräutigam, will
Aufklärung, ob Konrad der Geliebte des Mädchens
war oder nicht. Der Schauspieler sagt weder nein
noch ja, überzeugt ihn aber durch eine kunstvoll von
dem Mädchen und ihm für alle Fälle — in einem
Briefe — vorbereitete Lüge von ihrer Unschuld, in¬
dem er eine förmliche Theaterszene von seiner ver¬
geblichen Werbung vordeklamiert. Er spielt die
Rolle so natürlich, daß er selbst die Lügen stellen¬
weise glaubt. Seine Frau freilich hat kein Ver¬
ständnis für derlei; Konrad, der eben ins Theater
ging, den Hamlet zu spielen, kommt kostümiert zu¬
rück und gewinnt die Frau wieder, die sich willen¬
los dem Zauber seiner Persönlichkeit hingeben muß.
Das dritte Stück ist: Das Bacchusfest (nicht.
wie der Theaterzettel schrieb: „Das Bachusfest").
Während der Dichter Felix Steuchner im Gebirge
an einem Theaterstück dieses Titels schreibt — er
rührt von einem alten griechischen Brauch her, daß
einmal im Jahre Mann und Weib sich dem Taumel
der Sinneslust hingeben dürfen und dann einander
vergessen müssen — und dabei flirtet, hat seine
Gattin ein Verhältnis mit dem unbedeutenden Dr.
Wernig angefangen. Sie erwarten den Mann am
Bahnhof in Salzburg und wollen ihm sagen, daß
die Frau von ihm weggeht. Steuchnerl äßt den
Jüngling gar nicht zu Morte und zum Geständnis
dessen kommen, was er auf den eisten Blick sieht,
und beyält dadurch sein Weib, das weiterhin seine
Gefährtin bleiben wird. Als er allein mit ihr ist.
ruft er ihr freilich zu: „Ich hasse Dich“, worauf sie
mit dem Ausruf: „Ich Dich noch mehr“ in seine
Arme fällt. Also in allen drei Stücken mehr inner¬
liches Geschehen, als äußere Handlung, dabei pracht¬
volle Menschenzeichnung, gütige Menschlichkeit, in
einem anmutigen, durch feine Ironie und unauf¬
dringlichen Witz erheiterten Dialog. Der erste Ein¬
akter zwar stellenweise lang, doch nie langweilig,
der zweite ist der beste. Im Mittelpunkt jedes Stük¬
kes stand Wilhelm Heim, jedesmal der vollendete
Ausdruck des dargestellten Charakters: am besten
als Konrad Herbst, mit selbstgefälliger Leichtigkeit
des eitlen Komödianten, des lieben Kerls, der sich
seiner Lumperei gar nicht bewußt ist; glänzend aber
auch als tückisch=rachsüchtiger, fast gemeiner Dr.
Eckold, und als energisch=kluger Steuchner. Der
Künstler hat für einen Abend eine seltene Wand¬
lungsfähigkeit bewiesen. Alma Sorel wuchs als
Klara Eckold zu schlichter Größe an ihrer Rolle em¬
por. Ella Swoboda gab die Sophie Herbst brav,
ohne jedoch den vom Dichter gewollten Gegensatz
zu ihrem Mann: Einfachheit und Güte, restlos dar¬
zustellen. Maria Jagla etwas zu farblos, wenn
auch Agnes Steuchner nur als hübsche, dumme
Gans gedacht ist; im zweiten Stück spielte sie eine
angehende Schauspielerin ziemlich lebenswahr.
Paul Hoppe zeichnete den Ormin diskret und her¬
zensgut. Eduard Gebhard war im zweiten Stück
als betrogener Bräutigam der arme, gute Junge,
im dritten als schüchterner Liebhaber am Platze.
Eine köstliche Rolle in der „Großen Szene“ einen
geschäftigen, von Sprüchen überquellenden, dabei
materiell=praktischen Theaterdirektor gab Leopold
Brandt, der auch für ein flottes Zusammenspiel
sorgte. Der Besuch des Theaters war gut, bis auf:
Lücken in den oberen Rängen. Man klatschte leb¬
R.
haft.</Unicode>
            </TextEquiv>
        </TextRegion>
        <TextRegion orientation="0.0" id="r2" custom="readingOrder {index:1;}">
            <Coords points="1950,1185 1950,3088 2911,3088 2911,1185"/>
            <TextLine id="r2l1" custom="readingOrder {index:0;}">
                <Coords points="2208,1232 2241,1229 2288,1261 2330,1247 2343,1264 2394,1267 2420,1283 2449,1279 2472,1293 2493,1228 2469,1226 2439,1206 2403,1207 2350,1169 2316,1175 2278,1146 2238,1139"/>
                <Baseline points="2224,1205 2251,1209 2278,1216 2305,1224 2332,1233 2360,1243 2387,1253 2414,1263 2441,1271 2469,1278"/>
                <TextEquiv>
                    <Unicode>Giehont,</Unicode>
                </TextEquiv>
            </TextLine>
            <TextLine id="r2l2" custom="readingOrder {index:1;}">
                <Coords points="2493,1245 2529,1242 2543,1257 2625,1270 2639,1286 2685,1277 2718,1295 2761,1279 2785,1288 2798,1223 2748,1220 2725,1204 2651,1226 2640,1212 2505,1181"/>
                <Baseline points="2502,1232 2527,1238 2552,1243 2577,1248 2602,1253 2627,1257 2652,1262 2677,1266 2702,1272 2727,1278 2752,1283 2778,1290"/>
                <TextEquiv>
                    <Unicode>ODEZ 16 </Unicode>
                </TextEquiv>
            </TextLine>
            <TextLine id="r2l3" custom="readingOrder {index:2;}">
                <Coords points="2510,1335 2525,1329 2535,1330 2551,1318 2565,1320 2587,1335 2597,1335 2604,1264 2594,1262 2591,1257 2574,1264 2550,1253 2543,1257 2529,1243 2519,1242"/>
                <Baseline points="2519,1312 2555,1315 2592,1319"/>
                <TextEquiv>
                    <Unicode>170</Unicode>
                </TextEquiv>
            </TextLine>
            <TextLine id="r2l4" custom="readingOrder {index:3;}">
                <Coords points="2635,1353 2695,1360 2744,1391 2775,1393 2783,1404 2796,1397 2820,1420 2841,1425 2866,1426 2881,1370 2829,1341 2794,1341 2705,1284 2652,1288"/>
                <Baseline points="2643,1350 2671,1353 2699,1359 2727,1367 2755,1376 2783,1386 2811,1394 2839,1398 2867,1398"/>
                <TextEquiv>
                    <Unicode></Unicode>
                </TextEquiv>
            </TextLine>
            <TextLine id="r2l5" custom="readingOrder {index:4;}">
                <Coords points="2293,1481 2366,1475 2397,1488 2443,1477 2485,1493 2536,1482 2582,1507 2641,1477 2662,1480 2663,1446 2626,1450 2597,1431 2510,1437 2488,1423 2466,1432 2348,1416 2318,1426 2298,1414"/>
                <Baseline points="2302,1461 2327,1463 2352,1466 2377,1467 2402,1469 2428,1471 2453,1472 2478,1474 2503,1476 2528,1477 2554,1479 2579,1481 2604,1483 2629,1484 2655,1486"/>
                <TextEquiv>
                    <Unicode>Stadttheater.</Unicode>
                </TextEquiv>
            </TextLine>
            <TextLine id="r2l6" custom="readingOrder {index:5;}">
                <Coords points="2066,1532 2660,1558 2750,1585 2814,1556 2905,1576 2907,1540 2793,1504 2290,1512 2069,1465"/>
                <Baseline points="2073,1524 2114,1527 2155,1529 2196,1531 2238,1533 2279,1535 2320,1537 2362,1539 2403,1541 2444,1543 2486,1546 2527,1547 2568,1549 2609,1551 2651,1552 2692,1555 2733,1556 2775,1559 2816,1560 2857,1562 2899,1565"/>
                <TextEquiv>
                    <Unicode>Momödie der Worte“. Drei Einakter von</Unicode>
                </TextEquiv>
            </TextLine>
            <TextLine id="r2l7" custom="readingOrder {index:6;}">
                <Coords points="2153,1596 2172,1596 2175,1599 2182,1595 2189,1600 2197,1595 2203,1601 2212,1599 2237,1602 2245,1560 2238,1559 2219,1536 2201,1542 2196,1539 2190,1542 2177,1531 2165,1529"/>
                <Baseline points="2165,1572 2199,1578 2233,1584"/>
                <TextEquiv>
                    <Unicode></Unicode>
                </TextEquiv>
            </TextLine>
            <TextLine id="r2l8" custom="readingOrder {index:7;}">
                <Coords points="2262,1602 2305,1605 2310,1540 2303,1539 2301,1541 2295,1537 2293,1539 2291,1536 2285,1535 2273,1543 2266,1542"/>
                <Baseline points="2270,1584 2300,1586"/>
                <TextEquiv>
                    <Unicode>1</Unicode>
                </TextEquiv>
            </TextLine>
            <TextLine id="r2l9" custom="readingOrder {index:8;}">
                <Coords points="2370,1598 2445,1610 2590,1587 2654,1611 2874,1623 2907,1614 2908,1590 2790,1566 2749,1585 2662,1558 2578,1570 2543,1550 2524,1563 2447,1548 2408,1568 2371,1552"/>
                <Baseline points="2377,1596 2403,1593 2429,1592 2455,1591 2481,1591 2507,1591 2533,1591 2560,1592 2586,1593 2612,1594 2638,1596 2664,1597 2690,1599 2716,1600 2743,1601 2769,1602 2795,1603 2821,1603 2847,1603 2873,1602 2900,1601"/>
                <TextEquiv>
                    <Unicode>uch in unserem Schau¬</Unicode>
                </TextEquiv>
            </TextLine>
            <TextLine id="r2l10" custom="readingOrder {index:9;}">
                <Coords points="2033,1613 2865,1665 2912,1629 2593,1591 2415,1609 2342,1556 2281,1592 2254,1567 2219,1589 2035,1572"/>
                <Baseline points="2040,1609 2083,1611 2126,1612 2169,1614 2212,1617 2256,1619 2299,1621 2342,1624 2385,1626 2428,1628 2472,1631 2515,1633 2558,1636 2601,1638 2644,1640 2688,1642 2731,1644 2774,1645 2817,1647 2860,1648 2904,1649"/>
                <TextEquiv>
                    <Unicode>piglhaus nen Stücke jenen Erfolg,</Unicode>
                </TextEquiv>
            </TextLine>
            <TextLine id="r2l11" custom="readingOrder {index:10;}">
                <Coords points="2022,1660 2902,1692 2899,1647 2664,1659 2025,1610"/>
                <Baseline points="2030,1642 2073,1646 2116,1649 2159,1651 2203,1654 2246,1658 2289,1661 2332,1664 2376,1667 2419,1669 2462,1672 2505,1675 2549,1677 2592,1679 2635,1680 2678,1682 2722,1684 2765,1685 2808,1685 2851,1686 2895,1686"/>
                <TextEquiv>
                    <Unicode>der ihnen überall zuteil wurde: Das erste</Unicode>
                </TextEquiv>
            </TextLine>
            <TextLine id="r2l12" custom="readingOrder {index:11;}">
                <Coords points="2021,1695 2819,1742 2911,1728 2913,1685 2022,1666"/>
                <Baseline points="2028,1692 2071,1692 2115,1693 2159,1694 2203,1695 2247,1698 2291,1700 2334,1702 2378,1705 2422,1708 2466,1711 2510,1714 2554,1716 2598,1718 2641,1720 2685,1721 2729,1722 2773,1723 2817,1722 2861,1721 2905,1719"/>
                <TextEquiv>
                    <Unicode>„Stunde des Erkennens“ und letzte „Bacchusfest“.</Unicode>
                </TextEquiv>
            </TextLine>
            <TextLine id="r2l13" custom="readingOrder {index:12;}">
                <Coords points="2017,1738 2897,1772 2881,1727 2020,1694"/>
                <Baseline points="2025,1729 2068,1729 2111,1730 2154,1731 2198,1733 2241,1736 2284,1739 2328,1742 2371,1744 2414,1747 2458,1750 2501,1754 2544,1756 2587,1759 2631,1760 2674,1761 2717,1762 2761,1762 2804,1761 2847,1760 2891,1756"/>
                <TextEquiv>
                    <Unicode>freundliche Würdigung, das zweite „Große Szene“</Unicode>
                </TextEquiv>
            </TextLine>
            <TextLine id="r2l14" custom="readingOrder {index:13;}">
                <Coords points="2016,1778 2749,1821 2852,1822 2899,1787 2018,1738"/>
                <Baseline points="2024,1766 2067,1768 2110,1771 2154,1774 2197,1776 2240,1779 2284,1781 2327,1784 2370,1787 2414,1789 2457,1791 2500,1794 2544,1796 2587,1798 2630,1800 2674,1802 2717,1803 2760,1805 2804,1806 2847,1807 2891,1808"/>
                <TextEquiv>
                    <Unicode>lauten Beifall. Dieses ist eben ein echtes Theater¬</Unicode>
                </TextEquiv>
            </TextLine>
            <TextLine id="r2l15" custom="readingOrder {index:14;}">
                <Coords points="2017,1814 2906,1851 2895,1816 2019,1778"/>
                <Baseline points="2024,1807 2067,1810 2111,1813 2155,1816 2199,1818 2242,1821 2286,1824 2330,1826 2374,1828 2417,1831 2461,1833 2505,1836 2549,1837 2592,1839 2636,1841 2680,1842 2724,1844 2767,1845 2811,1847 2855,1847 2899,1848"/>
                <TextEquiv>
                    <Unicode>stück, reich an wirksamem Humor. Auf den In¬</Unicode>
                </TextEquiv>
            </TextLine>
            <TextLine id="r2l16" custom="readingOrder {index:15;}">
                <Coords points="2008,1864 2553,1873 2896,1921 2908,1851 2010,1818"/>
                <Baseline points="2016,1850 2060,1853 2104,1856 2148,1859 2192,1861 2236,1864 2280,1866 2324,1868 2368,1870 2412,1872 2457,1874 2501,1876 2545,1878 2589,1880 2633,1882 2677,1884 2721,1886 2765,1888 2809,1890 2853,1893 2898,1895"/>
                <TextEquiv>
                    <Unicode>halt der Einakzer kann leider nicht eingegangen</Unicode>
                </TextEquiv>
            </TextLine>
            <TextLine id="r2l17" custom="readingOrder {index:16;}">
                <Coords points="2004,1906 2854,1947 2919,1924 2775,1894 2006,1868"/>
                <Baseline points="2012,1889 2059,1893 2106,1896 2153,1899 2201,1903 2248,1905 2295,1908 2343,1910 2390,1913 2437,1915 2485,1918 2532,1920 2579,1923 2627,1925 2674,1926 2721,1929 2769,1931 2816,1933 2863,1935 2911,1937"/>
                <TextEquiv>
                    <Unicode>werden. Die von Leopold Braudt gelettete .</Unicode>
                </TextEquiv>
            </TextLine>
            <TextLine id="r2l18" custom="readingOrder {index:17;}">
                <Coords points="2005,1940 2681,1964 2721,1987 2890,1970 2786,1934 2007,1902"/>
                <Baseline points="2013,1932 2056,1934 2100,1936 2143,1938 2187,1941 2230,1944 2274,1946 2317,1949 2361,1952 2404,1954 2448,1957 2491,1959 2535,1961 2578,1963 2622,1965 2665,1967 2709,1968 2752,1970 2796,1971 2839,1972 2883,1972"/>
                <TextEquiv>
                    <Unicode>Aufführung perriet mit Ausnahme im „Baachus¬</Unicode>
                </TextEquiv>
            </TextLine>
            <TextLine id="r2l19" custom="readingOrder {index:18;}">
                <Coords points="2006,1980 2861,2029 2891,2026 2893,1987 2008,1936"/>
                <Baseline points="2013,1972 2056,1974 2100,1976 2143,1978 2187,1981 2230,1983 2274,1986 2317,1989 2361,1992 2404,1995 2448,1997 2492,2000 2535,2003 2579,2004 2622,2006 2666,2007 2709,2009 2753,2009 2796,2010 2840,2010 2884,2009"/>
                <TextEquiv>
                    <Unicode>seß“ Frische und Geschlossenheit. Hier erschien</Unicode>
                </TextEquiv>
            </TextLine>
            <TextLine id="r2l20" custom="readingOrder {index:19;}">
                <Coords points="2007,2020 2881,2071 2875,2022 2009,1981"/>
                <Baseline points="2014,2012 2057,2015 2100,2017 2143,2019 2186,2022 2229,2024 2272,2027 2315,2030 2358,2032 2401,2035 2444,2037 2487,2040 2530,2041 2573,2044 2616,2046 2659,2048 2702,2050 2745,2051 2788,2053 2831,2054 2875,2056"/>
                <TextEquiv>
                    <Unicode>das Kommen und Gehen der Fahrgäste viel zu</Unicode>
                </TextEquiv>
            </TextLine>
            <TextLine id="r2l21" custom="readingOrder {index:20;}">
                <Coords points="2002,2060 2881,2112 2883,2061 2004,2022"/>
                <Baseline points="2010,2057 2053,2060 2096,2061 2139,2063 2183,2065 2226,2067 2269,2069 2312,2072 2356,2074 2399,2076 2442,2078 2485,2080 2529,2082 2572,2085 2615,2086 2658,2088 2702,2090 2745,2092 2788,2094 2831,2095 2875,2097"/>
                <TextEquiv>
                    <Unicode>statistenmäßig. Wer dem Loben in einem Bahn¬</Unicode>
                </TextEquiv>
            </TextLine>
            <TextLine id="r2l22" custom="readingOrder {index:21;}">
                <Coords points="1994,2096 2825,2152 2881,2136 2883,2102 1996,2057"/>
                <Baseline points="2001,2096 2044,2098 2088,2100 2132,2103 2175,2106 2219,2108 2263,2111 2306,2114 2350,2116 2394,2118 2438,2121 2481,2123 2525,2125 2569,2127 2612,2129 2656,2130 2700,2132 2743,2133 2787,2134 2831,2134 2875,2134"/>
                <TextEquiv>
                    <Unicode>hofe einmal zugesehzen hat, findet das paarweise</Unicode>
                </TextEquiv>
            </TextLine>
            <TextLine id="r2l23" custom="readingOrder {index:22;}">
                <Coords points="1998,2141 2800,2196 2877,2161 2000,2099"/>
                <Baseline points="2006,2137 2049,2140 2092,2142 2135,2145 2178,2147 2221,2149 2264,2151 2308,2154 2351,2156 2394,2159 2437,2160 2480,2162 2523,2164 2566,2166 2610,2168 2653,2170 2696,2172 2739,2174 2782,2175 2825,2177 2869,2178"/>
                <TextEquiv>
                    <Unicode>Aufmarschieren wie von Institutenzöglingen</Unicode>
                </TextEquiv>
            </TextLine>
            <TextLine id="r2l24" custom="readingOrder {index:23;}">
                <Coords points="1988,2196 2189,2181 2220,2204 2813,2232 2871,2204 1990,2139"/>
                <Baseline points="1995,2180 2038,2181 2081,2182 2125,2184 2168,2185 2212,2187 2255,2190 2298,2193 2342,2195 2385,2198 2429,2200 2472,2203 2515,2206 2559,2208 2602,2211 2646,2213 2689,2215 2732,2216 2776,2218 2819,2218 2863,2219"/>
                <TextEquiv>
                    <Unicode>lächerlich. Es hätte im kleinen ein viel beweg¬</Unicode>
                </TextEquiv>
            </TextLine>
            <TextLine id="r2l25" custom="readingOrder {index:24;}">
                <Coords points="1985,2241 2843,2277 2876,2269 2878,2226 1987,2196"/>
                <Baseline points="1993,2221 2036,2222 2080,2224 2124,2226 2168,2227 2212,2230 2255,2233 2299,2234 2343,2237 2387,2240 2431,2242 2474,2244 2518,2246 2562,2249 2606,2252 2650,2253 2693,2255 2737,2257 2781,2257 2825,2259 2869,2259"/>
                <TextEquiv>
                    <Unicode>teres Bild geschaffen werden sollen. So entstand</Unicode>
                </TextEquiv>
            </TextLine>
            <TextLine id="r2l26" custom="readingOrder {index:25;}">
                <Coords points="1989,2263 2805,2314 2870,2286 2638,2251 1990,2239"/>
                <Baseline points="1996,2262 2039,2264 2082,2265 2126,2267 2169,2269 2212,2271 2256,2273 2299,2275 2342,2278 2386,2280 2429,2283 2472,2285 2516,2287 2559,2290 2602,2291 2646,2293 2689,2295 2732,2296 2776,2297 2819,2299 2863,2299"/>
                <TextEquiv>
                    <Unicode>eine surchtbare Leere, in der auch Eduard Geh¬</Unicode>
                </TextEquiv>
            </TextLine>
            <TextLine id="r2l27" custom="readingOrder {index:26;}">
                <Coords points="1988,2311 2839,2354 2868,2308 1990,2267"/>
                <Baseline points="1996,2303 2039,2305 2082,2306 2125,2308 2168,2310 2211,2313 2254,2315 2298,2317 2341,2319 2384,2322 2427,2324 2470,2326 2513,2329 2556,2331 2600,2333 2643,2335 2686,2337 2729,2338 2772,2340 2815,2341 2859,2342"/>
                <TextEquiv>
                    <Unicode>hard als Dr. Wernig und Maria Jagla als</Unicode>
                </TextEquiv>
            </TextLine>
            <TextLine id="r2l28" custom="readingOrder {index:27;}">
                <Coords points="1980,2354 2807,2398 2862,2384 2864,2355 1982,2314"/>
                <Baseline points="1987,2345 2030,2346 2073,2348 2117,2349 2160,2351 2204,2353 2247,2356 2290,2358 2334,2360 2377,2363 2421,2365 2464,2368 2507,2370 2551,2373 2594,2374 2638,2377 2681,2379 2724,2380 2768,2382 2811,2383 2855,2384"/>
                <TextEquiv>
                    <Unicode>Agnes lgum hervortraten. Die Stimme des</Unicode>
                </TextEquiv>
            </TextLine>
            <TextLine id="r2l29" custom="readingOrder {index:28;}">
                <Coords points="1986,2383 2081,2409 2858,2429 2852,2387 1988,2352"/>
                <Baseline points="1993,2385 2035,2386 2078,2388 2121,2390 2164,2392 2207,2394 2250,2396 2293,2399 2336,2401 2379,2404 2422,2407 2464,2409 2507,2412 2550,2414 2593,2416 2636,2418 2679,2420 2722,2422 2765,2423 2808,2423 2851,2424"/>
                <TextEquiv>
                    <Unicode>Bahnhosportiers (Leo Weiß) mußte fast geister¬</Unicode>
                </TextEquiv>
            </TextLine>
            <TextLine id="r2l30" custom="readingOrder {index:29;}">
                <Coords points="1979,2437 2867,2468 2846,2430 1981,2382"/>
                <Baseline points="1986,2426 2029,2428 2073,2430 2116,2431 2160,2434 2204,2436 2247,2438 2291,2440 2335,2442 2378,2444 2422,2446 2466,2448 2509,2451 2553,2453 2597,2455 2640,2457 2684,2460 2728,2462 2771,2464 2815,2466 2859,2469"/>
                <TextEquiv>
                    <Unicode>haft erllingen. Größere Wirkung errang die</Unicode>
                </TextEquiv>
            </TextLine>
            <TextLine id="r2l31" custom="readingOrder {index:30;}">
                <Coords points="1981,2475 2855,2526 2867,2468 1982,2435"/>
                <Baseline points="1988,2469 2031,2470 2075,2471 2118,2472 2162,2474 2205,2476 2249,2478 2292,2479 2336,2482 2379,2483 2423,2486 2466,2488 2510,2491 2553,2492 2597,2495 2640,2497 2684,2499 2727,2501 2771,2503 2814,2505 2858,2507"/>
                <TextEquiv>
                    <Unicode>„Stunde des Erkennens“, da Paul Hoppe den</Unicode>
                </TextEquiv>
            </TextLine>
            <TextLine id="r2l32" custom="readingOrder {index:31;}">
                <Coords points="1973,2518 2854,2550 2822,2511 1975,2477"/>
                <Baseline points="1980,2508 2023,2510 2066,2512 2110,2514 2153,2515 2196,2518 2240,2520 2283,2522 2326,2524 2370,2526 2413,2528 2456,2529 2500,2532 2543,2534 2586,2536 2630,2538 2673,2539 2716,2541 2760,2543 2803,2544 2847,2546"/>
                <TextEquiv>
                    <Unicode>Prof. Ornim, Alma Sorel Erkolds Gattin</Unicode>
                </TextEquiv>
            </TextLine>
            <TextLine id="r2l33" custom="readingOrder {index:32;}">
                <Coords points="1973,2550 2747,2601 2841,2589 2842,2562 1974,2519"/>
                <Baseline points="1980,2545 2022,2548 2065,2551 2108,2553 2150,2556 2193,2558 2236,2560 2278,2562 2321,2564 2364,2566 2407,2569 2449,2571 2492,2572 2535,2574 2577,2576 2620,2578 2663,2580 2705,2581 2748,2583 2791,2585 2834,2587"/>
                <TextEquiv>
                    <Unicode>Klara ausgezeichnet spielte. Die „Große Szene“</Unicode>
                </TextEquiv>
            </TextLine>
            <TextLine id="r2l34" custom="readingOrder {index:33;}">
                <Coords points="1975,2600 2845,2634 2847,2581 2455,2592 1977,2552"/>
                <Baseline points="1982,2589 2024,2591 2067,2594 2110,2596 2153,2598 2196,2600 2238,2602 2281,2605 2324,2606 2367,2609 2410,2610 2452,2612 2495,2614 2538,2616 2581,2618 2624,2619 2666,2621 2709,2622 2752,2624 2795,2626 2838,2627"/>
                <TextEquiv>
                    <Unicode>ließ vor allem Ella Swoboda als Sophie,</Unicode>
                </TextEquiv>
            </TextLine>
            <TextLine id="r2l35" custom="readingOrder {index:34;}">
                <Coords points="1960,2636 2815,2687 2853,2682 2855,2639 1962,2591"/>
                <Baseline points="1967,2632 2013,2634 2059,2635 2105,2638 2152,2640 2198,2641 2244,2643 2290,2646 2337,2648 2383,2650 2429,2652 2475,2654 2522,2657 2568,2659 2614,2661 2660,2664 2707,2665 2753,2668 2799,2670 2846,2672"/>
                <TextEquiv>
                    <Unicode>Eduarb Gebhard als Edgar Gley und ganz</Unicode>
                </TextEquiv>
            </TextLine>
            <TextLine id="r2l36" custom="readingOrder {index:35;}">
                <Coords points="1961,2673 2859,2734 2859,2675 1963,2635"/>
                <Baseline points="1968,2673 2012,2675 2056,2677 2100,2679 2145,2681 2189,2682 2233,2684 2277,2686 2322,2688 2366,2690 2410,2692 2454,2694 2499,2696 2543,2698 2587,2700 2631,2701 2676,2703 2720,2706 2764,2708 2808,2709 2853,2711"/>
                <TextEquiv>
                    <Unicode>besonders Leopold Brandt als Theaterdirektor</Unicode>
                </TextEquiv>
            </TextLine>
            <TextLine id="r2l37" custom="readingOrder {index:36;}">
                <Coords points="1966,2725 2744,2766 2849,2750 2851,2713 1968,2683"/>
                <Baseline points="1974,2714 2017,2715 2060,2717 2104,2719 2147,2721 2191,2724 2234,2725 2277,2728 2321,2730 2364,2732 2408,2735 2451,2738 2494,2740 2538,2741 2581,2744 2625,2746 2668,2747 2711,2749 2755,2750 2798,2751 2842,2751"/>
                <TextEquiv>
                    <Unicode>Fali hervortreten. Die führende Hauptrolle in</Unicode>
                </TextEquiv>
            </TextLine>
            <TextLine id="r2l38" custom="readingOrder {index:37;}">
                <Coords points="1954,2774 2790,2804 2857,2750 1956,2731"/>
                <Baseline points="1962,2754 2006,2755 2050,2756 2094,2759 2139,2761 2183,2763 2227,2765 2272,2768 2316,2770 2360,2773 2405,2775 2449,2778 2493,2780 2537,2782 2582,2784 2626,2786 2670,2788 2715,2789 2759,2790 2803,2791 2848,2791"/>
                <TextEquiv>
                    <Unicode>irdem der dret Einatter gab Wilhelm Heim. Er</Unicode>
                </TextEquiv>
            </TextLine>
            <TextLine id="r2l39" custom="readingOrder {index:38;}">
                <Coords points="1960,2807 2802,2849 2848,2785 2748,2806 1962,2771"/>
                <Baseline points="1968,2799 2011,2799 2055,2800 2098,2801 2142,2802 2185,2804 2229,2806 2272,2808 2316,2810 2359,2813 2403,2816 2446,2819 2490,2821 2533,2824 2577,2827 2620,2828 2664,2830 2707,2832 2751,2834 2794,2834 2838,2835"/>
                <TextEquiv>
                    <Unicode>zeigte sich wieder als denkenden und tieffühlenden</Unicode>
                </TextEquiv>
            </TextLine>
            <TextLine id="r2l40" custom="readingOrder {index:39;}">
                <Coords points="1963,2842 2655,2888 2856,2869 2843,2839 1965,2808"/>
                <Baseline points="1971,2839 2014,2839 2058,2840 2102,2841 2146,2843 2190,2845 2234,2846 2277,2849 2321,2851 2365,2854 2409,2857 2453,2860 2497,2863 2541,2865 2584,2868 2628,2870 2672,2872 2716,2874 2760,2875 2804,2877 2848,2878"/>
                <TextEquiv>
                    <Unicode>Schauspieler, der über eine außergewöhnliche Ge¬</Unicode>
                </TextEquiv>
            </TextLine>
            <TextLine id="r2l41" custom="readingOrder {index:40;}">
                <Coords points="1963,2885 2325,2918 2368,2892 2467,2918 2847,2915 2786,2878 1965,2844"/>
                <Baseline points="1970,2877 2013,2880 2056,2883 2100,2885 2143,2886 2187,2889 2230,2891 2274,2893 2317,2895 2361,2897 2404,2899 2447,2901 2491,2903 2534,2905 2578,2907 2621,2909 2665,2911 2708,2913 2752,2915 2795,2918 2839,2920"/>
                <TextEquiv>
                    <Unicode>staltungskraft bekügt. Er schuf Leben in än¬</Unicode>
                </TextEquiv>
            </TextLine>
            <TextLine id="r2l42" custom="readingOrder {index:41;}">
                <Coords points="1950,2925 2837,2979 2828,2913 1951,2886"/>
                <Baseline points="1957,2920 2000,2922 2044,2924 2088,2926 2131,2928 2175,2931 2219,2932 2262,2935 2306,2936 2350,2939 2394,2941 2437,2943 2481,2945 2525,2946 2568,2948 2612,2950 2656,2952 2699,2952 2743,2954 2787,2956 2831,2957"/>
                <TextEquiv>
                    <Unicode>dig neuer eigenart, einen scharfen Wechse, in</Unicode>
                </TextEquiv>
            </TextLine>
            <TextLine id="r2l43" custom="readingOrder {index:42;}">
                <Coords points="1958,2968 2836,3007 2837,2979 2788,2963 1960,2927"/>
                <Baseline points="1965,2961 2008,2962 2051,2965 2094,2967 2137,2969 2181,2971 2224,2973 2267,2976 2310,2978 2353,2981 2397,2983 2440,2985 2483,2988 2526,2990 2569,2991 2613,2993 2656,2995 2699,2997 2742,2998 2785,2999 2829,3000"/>
                <TextEquiv>
                    <Unicode>Sprache und Bewegungen, so daß sich der Ersolge</Unicode>
                </TextEquiv>
            </TextLine>
            <TextLine id="r2l44" custom="readingOrder {index:43;}">
                <Coords points="1951,3005 2317,3022 2410,3055 2820,3053 2843,3002 1953,2963"/>
                <Baseline points="1958,3000 2001,3002 2045,3004 2089,3007 2133,3010 2177,3013 2220,3014 2264,3017 2308,3020 2352,3023 2396,3025 2439,3027 2483,3029 2527,3031 2571,3033 2615,3034 2658,3036 2702,3037 2746,3038 2790,3038 2834,3038"/>
                <TextEquiv>
                    <Unicode>des Abends zum größten Teil an seinen Nam '</Unicode>
                </TextEquiv>
            </TextLine>
            <TextLine id="r2l45" custom="readingOrder {index:44;}">
                <Coords points="1941,3064 1971,3064 1987,3054 1997,3064 2018,3062 2048,3075 2119,3047 2121,3018 2073,3021 2049,3012 2032,3019 2024,3011 2001,3011 1994,3017 1971,3006 1944,3007"/>
                <Baseline points="1950,3043 1977,3045 2004,3046 2031,3047 2058,3048 2085,3050 2112,3053"/>
                <TextEquiv>
                    <Unicode>knüpfte.</Unicode>
                </TextEquiv>
            </TextLine>
            <TextLine id="r2l46" custom="readingOrder {index:45;}">
                <Coords points="2570,3094 2608,3092 2629,3102 2646,3091 2654,3098 2687,3095 2717,3082 2761,3107 2795,3093 2796,3053 2785,3054 2773,3042 2714,3046 2677,3038 2657,3050 2604,3035 2590,3045 2572,3044"/>
                <Baseline points="2578,3071 2604,3073 2630,3074 2656,3076 2683,3077 2709,3077 2735,3078 2761,3078 2788,3078"/>
                <TextEquiv>
                    <Unicode>Dr. P. N.;</Unicode>
                </TextEquiv>
            </TextLine>
            <TextEquiv>
                <Unicode>Giehont,
ODEZ 16 
170

Stadttheater.
Momödie der Worte“. Drei Einakter von

1
uch in unserem Schau¬
piglhaus nen Stücke jenen Erfolg,
der ihnen überall zuteil wurde: Das erste
„Stunde des Erkennens“ und letzte „Bacchusfest“.
freundliche Würdigung, das zweite „Große Szene“
lauten Beifall. Dieses ist eben ein echtes Theater¬
stück, reich an wirksamem Humor. Auf den In¬
halt der Einakzer kann leider nicht eingegangen
werden. Die von Leopold Braudt gelettete .
Aufführung perriet mit Ausnahme im „Baachus¬
seß“ Frische und Geschlossenheit. Hier erschien
das Kommen und Gehen der Fahrgäste viel zu
statistenmäßig. Wer dem Loben in einem Bahn¬
hofe einmal zugesehzen hat, findet das paarweise
Aufmarschieren wie von Institutenzöglingen
lächerlich. Es hätte im kleinen ein viel beweg¬
teres Bild geschaffen werden sollen. So entstand
eine surchtbare Leere, in der auch Eduard Geh¬
hard als Dr. Wernig und Maria Jagla als
Agnes lgum hervortraten. Die Stimme des
Bahnhosportiers (Leo Weiß) mußte fast geister¬
haft erllingen. Größere Wirkung errang die
„Stunde des Erkennens“, da Paul Hoppe den
Prof. Ornim, Alma Sorel Erkolds Gattin
Klara ausgezeichnet spielte. Die „Große Szene“
ließ vor allem Ella Swoboda als Sophie,
Eduarb Gebhard als Edgar Gley und ganz
besonders Leopold Brandt als Theaterdirektor
Fali hervortreten. Die führende Hauptrolle in
irdem der dret Einatter gab Wilhelm Heim. Er
zeigte sich wieder als denkenden und tieffühlenden
Schauspieler, der über eine außergewöhnliche Ge¬
staltungskraft bekügt. Er schuf Leben in än¬
dig neuer eigenart, einen scharfen Wechse, in
Sprache und Bewegungen, so daß sich der Ersolge
des Abends zum größten Teil an seinen Nam '
knüpfte.
Dr. P. N.;</Unicode>
            </TextEquiv>
        </TextRegion>
    </Page>
</PcGts>
