3344 4384
264 213 1976 321 26.1. Kongedie der Norte ZukIus
917 526 1618 668 spoas Schatengebedue
1083 686 1128 745 8
1140 648 1761 784 E. E
1100 702 1311 806 T
815 778 1696 857 waöaurts oturschts Teirunos ausseauirr-odao
824 813 1685 922 BERLIN SO 16, RUNGESTRASSE 22-24
717 867 1760 973 Bearbeitet die deutsche und ausländische Presse auch auf Inserate.
724 937 1750 1028 Lietert Listen über geplante Bauten aller Art. Geschäftseröffnungen.
1062 985 1406 1046 Pestlichkeiten usw.
778 1074 1668 1214 Berliner Morgenpost
1061 1174 1371 1247 Berlin SW. 10
965 1220 1465 1306 Ausschnitt aus der Nummer vom:
1225 1301 1622 1410 3 • MAl W24
991 1422 1799 1575 Theater=Kunst
1019 1583 1733 1695 Wissenschaft
1049 1716 1723 1826 „Komödie der Worse“.
970 1813 1799 1910 Bassermann in den Kammerspielen.
1002 1890 1837 1958 Die drei Einakter, die Arthur Schnitz¬
960 1939 1844 2007 ler unter diesem Titel zusammenfaßte, und die
945 1969 1842 2058 schon vor neun Jahren im Lessing=Theater ge¬
963 2038 1847 2098 spielt wurden, muten heute wie Zeugnisse einer
956 2081 1844 2146 vergangenen und mitunter etwas müden Kunst
950 2123 1842 2176 an, aber sie haben doch noch fließendes Bühnen¬
949 2174 1843 2238 blut, wenn ein Genje wie Bassermann über
949 2210 1180 2273 sie kommt.
1003 2227 1833 2310 Wirkliche Kraft und hegenwärtige Wirkung
946 2310 1834 2368 steckt freilich im Grunde nur in der „Großen
954 2339 1842 2410 Szene“. Ein berühmter Schauspieler, ver¬
954 2393 1846 2457 wöhnter Liebling des Glücks, des Publikums,
944 2435 1842 2501 der Weiber, lügt sich aus der Fülle der Aben¬
957 2480 1832 2548 teuer wieder zu der kleinen Frau zurück, die er
957 2523 1847 2581 eigentlich doch nur allein liebt. Das ist etwas
951 2580 1848 2630 für Bassermann. Er strahlt nur so vor Lebens¬
953 2622 1834 2671 frische, von lässiger Eleganz, von kindlicher Ver¬
950 2672 1842 2729 antwortungslosigkeit, der man nicht böse sein
951 2705 1839 2775 kann. Die Szene, wie er sich dem Bräutigam sei¬
942 2758 1843 2812 ner letzten Geliebten gegenüber mit hundert'
948 2799 1842 2852 neuen Einfällen der Erfindung durchschwindelt,
949 2848 1841 2909 ist ein kleines Meisterstück des Dichters — sie
951 2888 1845 2937 wird in dieser Aufführung ein doppeltes Meister¬
952 2934 1842 2989 stück durch die hinreißende, von innen leuch¬
951 2968 1850 3038 tende Grazie des Darstellers. Kostbar, wie hier
953 3020 1847 3087 der Mime im Leben Theater macht und dem ge¬
951 3050 1847 3122 foppten Konkurrenten einen kolossalen Bären
941 3111 1835 3164 aufbindet, den er so sorgsam ausmalt, daß er
951 3155 1839 3212 schließlich glaubt, er habe die Wahrheit ge¬
941 3195 1842 3247 sprochen. Der Scherz ist mehr als ein Scherz;
952 3243 1836 3309 es verbirgt sich darin Schnitzlers tiefsinnige Auf¬
945 3293 1848 3354 fassung von unserem sonderbaren Lebensspiel, in
938 3346 1833 3403 dem wir oft selbst nicht mehr Wahrheit und Be¬
947 3387 1478 3448 trug unterscheiden können.
1000 3401 1848 3492 In der „Stunde des Erkennens“ hat
940 3455 1835 3531 Bassermann das Ekel von Ehemann zu spielen,
947 3521 1852 3582 der die Entdeckung des Betruges seiner Frau
942 3575 1844 3622 zehn Jahre mit sich herumträgt, um spät seine
950 3618 1849 3673 kalte Rache zu genießen. In dem „Bacchus¬
952 3660 1857 3723 fest“ wieder ist er der Gatte, der mit leichter
955 3702 1851 3749 Mühe sein entlaufenes blondes Frauchen wie¬
955 3747 1841 3803 der einfängt und dem Amoroso den Laufpaß gibt.
957 3778 1854 3846 Hier wie dort weiß Schnitzler seine kultivierte
958 3831 1847 3903 Art der Menschenschilderung aus dem Kreis der
951 3878 1845 3943 bürgerlichen Gesellschaft des alten Oesterreich
957 3938 1841 3985 glünzen zu lassen, aber die Fabeln sind doch so
946 3965 1845 4026 gewaltsam konstruiert, die Entwickelung der
959 4008 1849 4077 Pointen so kühl und bewußt berechnet, daß wir
945 4068 1105 4130 er#
2116 200 2578 293 box 32/6
1868 1415 2765 1495 heute recht unbeteiligt gusehen. Immerhin macht
1870 1459 2757 1540 es Spaß, zu beobachten, wie Bassermann, der
1872 1515 2748 1576 Unverwüstliche, die Rollen abhebt, in Erschei¬
1863 1564 2747 1609 nung, Maske, Redeweise, in jeder Bewegung jedem
1870 1609 2747 1666 Blick der durchgefühlten Figuren. Man fühlt,
1873 1627 2758 1701 welche Freude es ihm ist, an einem Abend drei
1864 1687 2746 1751 Menschen mit der ganzen Luftschicht, in der sie
1868 1742 2741 1797 stehen, überrumpelnb lebendig zu machen. Das
1878 1786 2599 1855 Publikum hatte recht, entzückt zu sein.
1919 1836 2744 1894 Die Mitspieler können sich nur zum Teil in
1871 1878 2755 1931 respektvoller Entfernung neben dem wunder¬
1877 1921 2739 1976 vollen Matadoe halten. So Julia Serda und
1863 1968 2753 2021 Paul Bildt in der grauen Atmosphäre der
1864 2004 2752 2065 späten Ehe=Abrechnung, Sigmund Nunberg
1863 2055 2745 2113 als gewandter Theaterdirektor und die hübsche
1867 2090 2753 2152 Anni Mewes in der Rolle jenes blonden
1859 2143 2745 2202 Frauchens, das seiner Sinne so wenig gewiß ist.
1863 2188 2749 2241 Nicht vergessen möchte ich Herrn Sauter¬
1866 2236 2747 2287 Sarto, der einen dicken Bahnhofsportier aus
1856 2266 2740 2335 einst habsburgischen Gebirgsgegenden so behag¬
1862 2318 2781 2378 lich gab, daß ich mir sagte: Das möchte ich auch
1870 2366 2030 2431 spielen.
2405 2363 2727 2435 Max Osborn.
