<?xml version="1.0" encoding="UTF-8" standalone="yes"?>
<PcGts xmlns="http://schema.primaresearch.org/PAGE/gts/pagecontent/2013-07-15" xmlns:xsi="http://www.w3.org/2001/XMLSchema-instance" xsi:schemaLocation="http://schema.primaresearch.org/PAGE/gts/pagecontent/2013-07-15 http://schema.primaresearch.org/PAGE/gts/pagecontent/2013-07-15/pagecontent.xsd">
    <Metadata>
        <Creator>prov=University of Rostock/Institute of Mathematics/CITlab/Gundram Leifert/gundram.leifert@uni-rostock.de:name=ONB_Newseye_GT_M1+(htr_id=10810)::::v=2.4.2
prov=University of Rostock/Institute of Mathematics/CITlab/Tobias Gruening/tobias.gruening@uni-rostock.de:name=de.uros.citlab.module.baseline2polygon.B2PSeamMultiOriented:v=2.4.2
prov=University of Rostock/Institute of Mathematics/CITlab/Tobias Gruening/tobias.gruening@uni-rostock.de:name=/mnt/transkribus/LA/DEA/URO/LA_news_onb_att.pb:de.uros.citlab.segmentation.CITlab_LA_ML:v=2.4.2
Transkribus</Creator>
        <Created>2019-10-07T11:09:25.124+02:00</Created>
        <LastChange>2019-10-07T20:31:17.296+02:00</LastChange>
        <TranskribusMetadata docId="223960" pageId="9494231" pageNr="127" tsid="16455963" status="IN_PROGRESS" userId="40391" imgUrl="https://files.transkribus.eu/Get?id=LZGZDDRQIUBVVARHBLESDRNC&amp;fileType=view" xmlUrl="https://files.transkribus.eu/Get?id=WPEXZLZADJOAFTDGSHCYPLCT" imageId="6184458"/>
    </Metadata>
    <Page imageFilename="223960_0127.jpeg" imageWidth="3436" imageHeight="4320">
        <ReadingOrder>
            <OrderedGroup id="ro_1711443136622" caption="Regions reading order">
                <RegionRefIndexed index="0" regionRef="r1"/>
            </OrderedGroup>
        </ReadingOrder>
        <TextRegion orientation="0.0" id="r1" custom="readingOrder {index:0;}">
            <Coords points="294,209 294,3985 2988,3985 2988,209"/>
            <TextLine id="r1l1" custom="readingOrder {index:0;}">
                <Coords points="2147,265 2287,269 2372,234 2403,250 2558,253 2590,239 2590,176 2541,182 2508,168 2472,186 2425,172 2374,205 2336,207 2309,191 2273,203 2216,165 2146,174"/>
                <Baseline points="2157,241 2183,239 2209,238 2236,237 2262,237 2288,237 2315,237 2341,237 2368,237 2394,238 2420,238 2447,238 2473,238 2499,238 2526,237 2552,236 2579,234"/>
                <TextEquiv>
                    <Unicode>box 32/1</Unicode>
                </TextEquiv>
            </TextLine>
            <TextLine id="r1l2" custom="readingOrder {index:1;}">
                <Coords points="284,271 320,267 335,275 392,266 428,278 489,273 488,186 456,176 444,186 413,188 384,175 368,185 350,173 283,184"/>
                <Baseline points="294,252 320,250 346,249 373,248 399,248 426,248 452,249 479,249"/>
                <TextEquiv>
                    <Unicode>26.</Unicode>
                </TextEquiv>
            </TextLine>
            <TextLine id="r1l3" custom="readingOrder {index:2;}">
                <Coords points="495,289 2143,271 2142,220 2010,239 1851,176 1587,242 1308,182 495,230"/>
                <Baseline points="506,260 587,261 668,261 749,262 831,262 912,263 993,263 1075,263 1156,263 1237,263 1319,263 1400,263 1481,263 1562,262 1644,262 1725,261 1806,259 1888,258 1969,256 2050,255 2132,252"/>
                <TextEquiv>
                    <Unicode>Kondedie derWorteZykius</Unicode>
                </TextEquiv>
            </TextLine>
            <TextLine id="r1l4" custom="readingOrder {index:3;}">
                <Coords points="417,676 543,707 602,690 631,705 653,689 881,689 893,687 894,634 823,653 768,630 640,636 589,622 495,643 473,627 418,648"/>
                <Baseline points="427,676 452,675 477,675 503,674 528,674 553,674 579,674 604,674 630,675 655,675 680,675 706,676 731,677 757,678 782,678 807,680 833,681 858,682 884,683"/>
                <TextEquiv>
                    <Unicode>Ausschnitt aus:</Unicode>
                </TextEquiv>
            </TextLine>
            <TextLine id="r1l5" custom="readingOrder {index:4;}">
                <Coords points="427,760 563,774 615,757 645,775 666,755 717,759 762,790 815,788 845,807 937,789 941,693 913,678 882,697 678,693 612,731 523,711 429,717"/>
                <Baseline points="438,751 463,751 489,752 515,753 541,756 566,758 592,761 618,764 644,767 670,769 695,772 721,774 747,774 773,775 799,775 824,773 850,771 876,767 902,762 928,755"/>
                <TextEquiv>
                    <Unicode>vom: (#. M /110</Unicode>
                </TextEquiv>
            </TextLine>
            <TextLine id="r1l6" custom="readingOrder {index:5;}">
                <Coords points="578,893 783,893 821,862 877,911 1192,874 1225,892 1302,866 1300,813 1168,781 1089,807 1027,782 823,819 576,806"/>
                <Baseline points="588,880 623,880 658,880 693,880 728,880 763,879 798,879 834,878 869,877 904,877 939,876 974,875 1009,874 1044,873 1080,872 1115,871 1150,870 1185,869 1220,869 1255,868 1291,867"/>
                <TextEquiv>
                    <Unicode>Theater und Titeratur.</Unicode>
                </TextEquiv>
            </TextLine>
            <TextLine id="r1l7" custom="readingOrder {index:6;}">
                <Coords points="1146,957 1223,948 1233,939 1282,953 1331,943 1358,956 1382,949 1379,880 1363,881 1348,869 1311,893 1269,879 1233,900 1204,879 1189,896 1170,885 1143,888"/>
                <Baseline points="1155,933 1182,934 1209,933 1236,932 1263,930 1290,929 1317,927 1344,927 1371,927"/>
                <TextEquiv>
                    <Unicode>18. April.</Unicode>
                </TextEquiv>
            </TextLine>
            <TextLine id="r1l8" custom="readingOrder {index:7;}">
                <Coords points="601,1039 656,1062 731,1039 827,1051 895,1017 986,1049 1058,1030 1124,1043 1190,1018 1221,1028 1220,993 1134,953 1085,968 1044,945 943,975 792,954 725,979 696,957 600,1007"/>
                <Baseline points="611,1040 641,1037 671,1035 701,1033 731,1031 761,1030 791,1029 821,1028 851,1027 881,1026 911,1026 941,1025 971,1025 1001,1025 1031,1024 1061,1024 1091,1023 1121,1022 1151,1021 1181,1020 1211,1018"/>
                <TextEquiv>
                    <Unicode>„Komödie der Worte.</Unicode>
                </TextEquiv>
            </TextLine>
            <TextLine id="r1l9" custom="readingOrder {index:8;}">
                <Coords points="1836,1085 2147,1111 2314,1042 2401,1076 2710,1070 2698,807 2111,827 1998,887 1826,918"/>
                <Baseline points="1846,1088 1888,1085 1931,1082 1974,1079 2017,1077 2059,1074 2102,1072 2145,1070 2188,1068 2230,1065 2273,1063 2316,1061 2359,1059 2401,1057 2444,1055 2487,1052 2530,1050 2572,1048 2615,1044 2658,1041 2701,1038"/>
                <TextEquiv>
                    <Unicode>Taie (enet</Unicode>
                </TextEquiv>
            </TextLine>
            <TextLine id="r1l10" custom="readingOrder {index:9;}">
                <Coords points="481,1118 850,1131 1374,1086 1373,1054 1216,1032 1042,1064 946,1040 761,1068 480,1055"/>
                <Baseline points="492,1106 535,1106 579,1105 622,1105 666,1104 709,1103 753,1103 796,1102 840,1101 883,1100 927,1099 971,1098 1014,1097 1058,1097 1101,1095 1145,1095 1188,1094 1232,1093 1275,1092 1319,1091 1363,1090"/>
                <TextEquiv>
                    <Unicode>Lustspieltheater, Gastspiel des Burgtheaters.</Unicode>
                </TextEquiv>
            </TextLine>
            <TextLine id="r1l11" custom="readingOrder {index:10;}">
                <Coords points="494,1177 687,1201 945,1165 1437,1173 1460,1077 1168,1128 493,1128"/>
                <Baseline points="504,1174 551,1173 598,1172 646,1172 693,1171 740,1170 788,1169 835,1169 882,1168 930,1167 977,1166 1024,1165 1072,1164 1119,1163 1166,1162 1214,1160 1261,1159 1308,1157 1356,1156 1403,1154 1451,1152"/>
                <TextEquiv>
                    <Unicode>Man sah gestern die Gesichter jener Menschen</Unicode>
                </TextEquiv>
            </TextLine>
            <TextLine id="r1l12" custom="readingOrder {index:11;}">
                <Coords points="2206,1175 2242,1185 2261,1172 2282,1177 2305,1195 2338,1187 2354,1194 2373,1178 2383,1179 2388,1098 2367,1103 2362,1096 2353,1102 2300,1097 2278,1104 2272,1097 2263,1103 2256,1094 2245,1100 2211,1092"/>
                <Baseline points="2217,1168 2243,1172 2269,1175 2295,1176 2321,1177 2347,1177 2374,1179"/>
                <TextEquiv>
                    <Unicode>e 10</Unicode>
                </TextEquiv>
            </TextLine>
            <TextLine id="r1l13" custom="readingOrder {index:12;}">
                <Coords points="2388,1224 2415,1229 2429,1219 2449,1226 2490,1217 2500,1226 2525,1222 2542,1211 2560,1213 2561,1165 2545,1164 2518,1186 2502,1173 2469,1190 2455,1181 2445,1185 2415,1176 2390,1183"/>
                <Baseline points="2400,1199 2425,1202 2450,1204 2475,1205 2500,1205 2525,1205 2550,1205"/>
                <TextEquiv>
                    <Unicode>—</Unicode>
                </TextEquiv>
            </TextLine>
            <TextLine id="r1l14" custom="readingOrder {index:13;}">
                <Coords points="403,1253 1440,1214 1439,1171 1398,1158 693,1204 402,1189"/>
                <Baseline points="414,1236 464,1235 515,1234 566,1232 617,1232 668,1231 718,1230 769,1229 820,1229 871,1228 922,1227 972,1226 1023,1226 1074,1225 1125,1223 1176,1222 1226,1220 1277,1218 1328,1216 1379,1213 1430,1210"/>
                <TextEquiv>
                    <Unicode>im Publikum, die in stillen Straßen wohnen und</Unicode>
                </TextEquiv>
            </TextLine>
            <TextLine id="r1l15" custom="readingOrder {index:14;}">
                <Coords points="414,1299 1441,1267 1423,1211 413,1252"/>
                <Baseline points="424,1294 474,1293 524,1291 575,1291 625,1290 675,1289 726,1288 776,1287 826,1287 877,1286 927,1285 977,1284 1028,1283 1078,1282 1128,1281 1179,1279 1229,1277 1279,1275 1330,1273 1380,1271 1431,1268"/>
                <TextEquiv>
                    <Unicode>nicht allzuost ins Theater gehen. Elwas Lehrer¬</Unicode>
                </TextEquiv>
            </TextLine>
            <TextLine id="r1l16" custom="readingOrder {index:15;}">
                <Coords points="1806,1296 2008,1351 2050,1322 2254,1341 2351,1299 2727,1307 2764,1337 2873,1286 2873,1247 2728,1215 2387,1252 2315,1214 2150,1221 2104,1262 1805,1239"/>
                <Baseline points="1816,1302 1868,1306 1920,1309 1973,1310 2025,1311 2078,1312 2130,1311 2182,1311 2235,1310 2287,1308 2340,1307 2392,1305 2444,1303 2497,1301 2549,1299 2602,1298 2654,1297 2706,1296 2759,1295 2811,1295 2864,1296"/>
                <TextEquiv>
                    <Unicode>Theater, Kunst und Literatur.</Unicode>
                </TextEquiv>
            </TextLine>
            <TextLine id="r1l17" custom="readingOrder {index:16;}">
                <Coords points="405,1355 1338,1347 1437,1325 1437,1286 404,1304"/>
                <Baseline points="415,1349 465,1349 516,1348 566,1348 617,1347 668,1347 718,1346 769,1345 819,1345 870,1344 921,1343 971,1342 1022,1341 1072,1339 1123,1338 1174,1337 1224,1336 1275,1334 1325,1333 1376,1331 1427,1329"/>
                <TextEquiv>
                    <Unicode>oder Lehrerinnenhaftes sprach aus ihren Bewegun¬</Unicode>
                </TextEquiv>
            </TextLine>
            <TextLine id="r1l18" custom="readingOrder {index:17;}">
                <Coords points="2448,1369 2584,1376 2613,1390 2670,1372 2780,1388 2794,1373 2847,1384 2879,1373 2878,1320 2829,1307 2764,1335 2717,1314 2602,1339 2520,1310 2500,1323 2447,1320"/>
                <Baseline points="2457,1366 2482,1368 2508,1370 2534,1372 2560,1373 2585,1373 2611,1373 2637,1372 2663,1371 2688,1370 2714,1368 2740,1367 2766,1365 2791,1364 2817,1362 2843,1362 2869,1361"/>
                <TextEquiv>
                    <Unicode>Budapest, 17. April.</Unicode>
                </TextEquiv>
            </TextLine>
            <TextLine id="r1l19" custom="readingOrder {index:18;}">
                <Coords points="411,1412 1345,1411 1446,1382 1445,1327 914,1350 877,1380 835,1352 410,1373"/>
                <Baseline points="422,1412 472,1411 523,1410 574,1409 625,1408 675,1407 726,1405 777,1404 828,1403 878,1402 929,1400 980,1399 1031,1397 1081,1396 1132,1395 1183,1394 1234,1392 1284,1391 1335,1390 1386,1389 1437,1388"/>
                <TextEquiv>
                    <Unicode>gen und ihrem Ernste. Stille und tiefe Menschen,</Unicode>
                </TextEquiv>
            </TextLine>
            <TextLine id="r1l20" custom="readingOrder {index:19;}">
                <Coords points="1836,1449 2908,1440 2932,1389 1836,1394"/>
                <Baseline points="1846,1435 1899,1435 1953,1435 2007,1434 2061,1434 2115,1434 2168,1434 2222,1433 2276,1433 2330,1433 2384,1432 2437,1431 2491,1431 2545,1430 2599,1429 2653,1428 2706,1426 2760,1424 2814,1423 2868,1420 2922,1418"/>
                <TextEquiv>
                    <Unicode>(Gastspiel des Wiener Burgtheaters.) Mit</Unicode>
                </TextEquiv>
            </TextLine>
            <TextLine id="r1l21" custom="readingOrder {index:20;}">
                <Coords points="406,1459 493,1486 1155,1454 1271,1476 1448,1439 1447,1402 1385,1390 947,1428 406,1419"/>
                <Baseline points="417,1467 468,1466 519,1466 570,1465 621,1464 672,1464 723,1462 774,1461 825,1461 876,1459 927,1458 978,1457 1029,1455 1080,1454 1131,1453 1182,1451 1233,1450 1284,1448 1335,1447 1386,1445 1437,1443"/>
                <TextEquiv>
                    <Unicode>die eine Tradition hervorgelockt hat, Menschen die</Unicode>
                </TextEquiv>
            </TextLine>
            <TextLine id="r1l22" custom="readingOrder {index:21;}">
                <Coords points="1757,1468 1965,1498 2937,1467 2936,1406 2471,1445 1757,1428"/>
                <Baseline points="1768,1480 1825,1480 1883,1481 1941,1481 1999,1481 2057,1481 2115,1481 2173,1480 2231,1479 2289,1479 2347,1478 2404,1477 2462,1475 2520,1474 2578,1473 2636,1472 2694,1470 2752,1468 2810,1467 2868,1465 2926,1464"/>
                <TextEquiv>
                    <Unicode>Artur Schnitzlers „Komödie der Worte“ begann</Unicode>
                </TextEquiv>
            </TextLine>
            <TextLine id="r1l23" custom="readingOrder {index:22;}">
                <Coords points="406,1522 1299,1528 1445,1498 1444,1466 405,1492"/>
                <Baseline points="415,1523 466,1523 517,1523 568,1523 619,1522 670,1522 721,1521 772,1520 823,1520 874,1518 925,1517 976,1516 1027,1515 1078,1513 1129,1511 1180,1510 1231,1508 1282,1506 1333,1504 1384,1502 1435,1499"/>
                <TextEquiv>
                    <Unicode>ihre Lebensschätze für Generationen sparen und die</Unicode>
                </TextEquiv>
            </TextLine>
            <TextLine id="r1l24" custom="readingOrder {index:23;}">
                <Coords points="1759,1532 2894,1523 2926,1468 1759,1498"/>
                <Baseline points="1770,1531 1827,1530 1884,1529 1941,1528 1999,1527 2056,1526 2113,1526 2171,1525 2228,1524 2285,1524 2343,1523 2400,1522 2457,1522 2514,1520 2572,1519 2629,1518 2686,1517 2744,1515 2801,1513 2858,1511 2916,1508"/>
                <TextEquiv>
                    <Unicode>heute das Wiener Burgtheater sein auf fünf Abende</Unicode>
                </TextEquiv>
            </TextLine>
            <TextLine id="r1l25" custom="readingOrder {index:24;}">
                <Coords points="1768,1566 2931,1556 2930,1515 2770,1510 1767,1534"/>
                <Baseline points="1778,1572 1835,1572 1892,1572 1949,1571 2006,1571 2063,1571 2120,1570 2177,1569 2234,1568 2291,1567 2349,1566 2406,1565 2463,1563 2520,1562 2577,1561 2634,1559 2691,1557 2748,1556 2805,1554 2862,1552 2920,1551"/>
                <TextEquiv>
                    <Unicode>berechnetes Gastspiel. Wir haben nach der Wiener Premiere</Unicode>
                </TextEquiv>
            </TextLine>
            <TextLine id="r1l26" custom="readingOrder {index:25;}">
                <Coords points="420,1593 1437,1572 1436,1527 1379,1518 420,1545"/>
                <Baseline points="430,1580 479,1580 529,1580 579,1579 629,1579 679,1578 729,1577 778,1576 828,1575 878,1575 928,1573 978,1572 1028,1571 1078,1570 1127,1569 1177,1569 1227,1567 1277,1567 1327,1566 1377,1565 1427,1565"/>
                <TextEquiv>
                    <Unicode>mit ihren verborgenen Temperamenten und un¬</Unicode>
                </TextEquiv>
            </TextLine>
            <TextLine id="r1l27" custom="readingOrder {index:26;}">
                <Coords points="1773,1619 2871,1613 2934,1600 2933,1557 1772,1582"/>
                <Baseline points="1784,1616 1843,1616 1903,1615 1963,1614 2023,1613 2083,1613 2143,1612 2203,1611 2263,1610 2323,1610 2383,1609 2443,1608 2503,1607 2563,1605 2623,1604 2683,1602 2743,1600 2803,1598 2863,1596 2923,1593"/>
                <TextEquiv>
                    <Unicode>an dieser Stelle einen ausführlichen Bericht über die drei</Unicode>
                </TextEquiv>
            </TextLine>
            <TextLine id="r1l28" custom="readingOrder {index:27;}">
                <Coords points="409,1637 1402,1640 1446,1584 409,1599"/>
                <Baseline points="419,1640 469,1639 520,1639 571,1639 622,1639 673,1638 724,1638 775,1637 826,1636 877,1636 928,1635 978,1634 1029,1632 1080,1631 1131,1630 1182,1628 1233,1627 1284,1625 1335,1623 1386,1620 1437,1618"/>
                <TextEquiv>
                    <Unicode>behobenen Talenten durch Abstinenz der Genüsse</Unicode>
                </TextEquiv>
            </TextLine>
            <TextLine id="r1l29" custom="readingOrder {index:28;}">
                <Coords points="1778,1666 2838,1661 2919,1647 2918,1598 1777,1621"/>
                <Baseline points="1788,1663 1844,1661 1900,1659 1956,1657 2012,1656 2068,1655 2124,1654 2180,1654 2236,1653 2292,1653 2348,1652 2404,1652 2460,1651 2516,1651 2572,1650 2628,1649 2684,1647 2740,1646 2796,1644 2852,1642 2908,1638"/>
                <TextEquiv>
                    <Unicode>Einakter dieses Wiener Dichters gebracht, der sich in unserer</Unicode>
                </TextEquiv>
            </TextLine>
            <TextLine id="r1l30" custom="readingOrder {index:29;}">
                <Coords points="413,1690 621,1716 665,1697 737,1715 779,1696 834,1720 921,1698 1062,1711 1094,1707 1094,1658 929,1641 803,1663 691,1644 476,1663 412,1639"/>
                <Baseline points="424,1694 458,1694 493,1695 528,1695 562,1695 597,1695 632,1695 666,1694 701,1694 736,1694 770,1693 805,1693 840,1692 874,1691 909,1691 944,1690 978,1690 1013,1689 1048,1689 1083,1688"/>
                <TextEquiv>
                    <Unicode>des Lebens nicht abgeblaßt sind.</Unicode>
                </TextEquiv>
            </TextLine>
            <TextLine id="r1l31" custom="readingOrder {index:30;}">
                <Coords points="1777,1708 2932,1710 2931,1653 2888,1643 1776,1664"/>
                <Baseline points="1787,1707 1843,1706 1900,1705 1957,1704 2014,1702 2070,1701 2127,1700 2184,1699 2241,1698 2297,1697 2354,1696 2411,1695 2468,1694 2524,1693 2581,1692 2638,1691 2695,1690 2751,1689 2808,1688 2865,1687 2922,1686"/>
                <TextEquiv>
                    <Unicode>Stadt von jeher einer besonderen, man möchte beinahe sagen</Unicode>
                </TextEquiv>
            </TextLine>
            <TextLine id="r1l32" custom="readingOrder {index:31;}">
                <Coords points="1772,1757 2925,1726 2898,1688 1771,1708"/>
                <Baseline points="1782,1752 1838,1750 1895,1749 1951,1747 2008,1746 2065,1745 2121,1744 2178,1743 2234,1742 2291,1741 2348,1740 2404,1739 2461,1738 2517,1737 2574,1736 2631,1735 2687,1734 2744,1732 2800,1730 2857,1729 2914,1727"/>
                <TextEquiv>
                    <Unicode>familiären Volkstümlichkeit erfreut, obgleich unsere eigenen</Unicode>
                </TextEquiv>
            </TextLine>
            <TextLine id="r1l33" custom="readingOrder {index:32;}">
                <Coords points="505,1752 930,1780 1296,1744 1455,1771 1454,1708 1396,1683 1291,1712 567,1708 504,1735"/>
                <Baseline points="515,1754 561,1755 607,1756 654,1756 700,1756 747,1756 793,1756 840,1755 886,1755 933,1754 979,1753 1025,1751 1072,1750 1118,1749 1165,1747 1211,1746 1258,1744 1304,1742 1351,1741 1397,1740 1444,1739"/>
                <TextEquiv>
                    <Unicode>Ueberhaupt, das Publikum war gestern außer¬</Unicode>
                </TextEquiv>
            </TextLine>
            <TextLine id="r1l34" custom="readingOrder {index:33;}">
                <Coords points="1774,1790 2915,1790 2930,1731 1773,1756"/>
                <Baseline points="1783,1795 1839,1794 1896,1793 1953,1792 2010,1791 2067,1790 2124,1789 2180,1788 2237,1787 2294,1786 2351,1785 2408,1784 2465,1783 2522,1782 2578,1781 2635,1780 2692,1779 2749,1778 2806,1776 2863,1775 2920,1774"/>
                <TextEquiv>
                    <Unicode>Theater seine Werke eigentlich unverhältnismäßig wenig</Unicode>
                </TextEquiv>
            </TextLine>
            <TextLine id="r1l35" custom="readingOrder {index:34;}">
                <Coords points="413,1830 1365,1819 1446,1804 1446,1769 1307,1747 1236,1775 413,1788"/>
                <Baseline points="423,1815 473,1814 524,1814 574,1814 625,1814 676,1813 726,1813 777,1813 827,1813 878,1812 929,1812 979,1811 1030,1811 1080,1809 1131,1808 1182,1807 1232,1805 1283,1803 1333,1801 1384,1799 1435,1796"/>
                <TextEquiv>
                    <Unicode>ordentlich interessant, ich mußte mich oft nach links</Unicode>
                </TextEquiv>
            </TextLine>
            <TextLine id="r1l36" custom="readingOrder {index:35;}">
                <Coords points="1765,1835 2930,1813 2929,1773 1764,1786"/>
                <Baseline points="1775,1843 1832,1840 1889,1838 1946,1836 2004,1835 2061,1833 2118,1831 2175,1830 2233,1829 2290,1828 2347,1827 2404,1826 2462,1825 2519,1824 2576,1823 2633,1822 2691,1821 2748,1819 2805,1818 2862,1816 2920,1814"/>
                <TextEquiv>
                    <Unicode>spielen. In allen drei Stücken sind es die Probleme der Ehe</Unicode>
                </TextEquiv>
            </TextLine>
            <TextLine id="r1l37" custom="readingOrder {index:36;}">
                <Coords points="420,1878 1380,1879 1443,1860 1442,1819 419,1845"/>
                <Baseline points="430,1873 480,1872 530,1872 580,1871 630,1871 680,1871 730,1871 781,1870 831,1870 881,1870 931,1869 981,1869 1031,1868 1081,1867 1132,1866 1182,1865 1232,1864 1282,1863 1332,1861 1382,1859 1433,1856"/>
                <TextEquiv>
                    <Unicode>und rechts wenden, um in die Reihen zu spähen</Unicode>
                </TextEquiv>
            </TextLine>
            <TextLine id="r1l38" custom="readingOrder {index:37;}">
                <Coords points="1764,1890 2929,1858 2928,1817 1763,1833"/>
                <Baseline points="1774,1884 1831,1881 1888,1879 1945,1878 2002,1877 2060,1875 2117,1874 2174,1874 2231,1873 2288,1872 2346,1871 2403,1871 2460,1870 2517,1869 2574,1868 2632,1867 2689,1866 2746,1864 2803,1862 2860,1860 2918,1857"/>
                <TextEquiv>
                    <Unicode>und der Lüge, die Schnitzler aufwirft, und wer weiß, ob die</Unicode>
                </TextEquiv>
            </TextLine>
            <TextLine id="r1l39" custom="readingOrder {index:38;}">
                <Coords points="1777,1928 2934,1901 2933,1861 2823,1859 1776,1887"/>
                <Baseline points="1788,1925 1844,1923 1901,1922 1958,1921 2015,1920 2072,1918 2128,1917 2185,1917 2242,1916 2299,1915 2356,1914 2412,1913 2469,1913 2526,1912 2583,1911 2640,1910 2696,1909 2753,1907 2810,1906 2867,1904 2924,1902"/>
                <TextEquiv>
                    <Unicode>beiden für ihn nicht ein einziges Problem sind. Es sind Komö¬</Unicode>
                </TextEquiv>
            </TextLine>
            <TextLine id="r1l40" custom="readingOrder {index:39;}">
                <Coords points="415,1932 947,1963 1447,1929 1446,1872 1342,1869 602,1909 506,1886 415,1916"/>
                <Baseline points="425,1936 475,1935 526,1934 576,1932 627,1932 678,1931 728,1930 779,1930 829,1930 880,1929 931,1929 981,1928 1032,1928 1082,1927 1133,1926 1184,1926 1234,1925 1285,1923 1335,1921 1386,1919 1437,1916"/>
                <TextEquiv>
                    <Unicode>.. denn man gab Schnitzler. Und es wird wohl mit</Unicode>
                </TextEquiv>
            </TextLine>
            <TextLine id="r1l41" custom="readingOrder {index:40;}">
                <Coords points="1768,1962 2930,1952 2929,1897 1768,1937"/>
                <Baseline points="1779,1971 1836,1969 1893,1967 1950,1965 2007,1964 2064,1963 2121,1962 2178,1962 2235,1961 2292,1960 2349,1960 2406,1959 2463,1958 2520,1957 2577,1956 2634,1955 2691,1953 2748,1952 2805,1949 2862,1947 2919,1943"/>
                <TextEquiv>
                    <Unicode>dien der Eheirrungen, und selbst die erste, „Die Stunde</Unicode>
                </TextEquiv>
            </TextLine>
            <TextLine id="r1l42" custom="readingOrder {index:41;}">
                <Coords points="415,2000 1449,1990 1447,1920 1049,1961 415,1959"/>
                <Baseline points="426,1993 476,1993 527,1994 577,1993 628,1993 679,1993 729,1992 780,1991 831,1991 881,1990 932,1989 983,1988 1033,1986 1084,1985 1135,1984 1185,1982 1236,1981 1287,1979 1337,1978 1388,1976 1439,1974"/>
                <TextEquiv>
                    <Unicode>ihm so sein, wie mit den Erntvaumen eine Woche</Unicode>
                </TextEquiv>
            </TextLine>
            <TextLine id="r1l43" custom="readingOrder {index:42;}">
                <Coords points="1758,2035 2207,1990 2889,2004 2943,1952 1757,1976"/>
                <Baseline points="1769,2011 1827,2010 1885,2009 1943,2007 2002,2006 2060,2005 2118,2004 2176,2003 2235,2002 2293,2001 2351,2001 2409,2000 2468,1999 2526,1998 2584,1997 2642,1997 2701,1996 2759,1995 2817,1994 2875,1993 2934,1992"/>
                <TextEquiv>
                    <Unicode>[der Erkenntnis“ mit ihrem tragischen Akzent, wirkt in</Unicode>
                </TextEquiv>
            </TextLine>
            <TextLine id="r1l44" custom="readingOrder {index:43;}">
                <Coords points="1764,2059 2893,2049 2941,2044 2940,1981 1763,2019"/>
                <Baseline points="1775,2059 1832,2057 1890,2054 1948,2052 2006,2050 2064,2049 2121,2048 2179,2047 2237,2046 2295,2045 2353,2045 2410,2044 2468,2044 2526,2043 2584,2042 2642,2041 2699,2040 2757,2039 2815,2037 2873,2035 2931,2033"/>
                <TextEquiv>
                    <Unicode>gewissem Sinne, vielleicht ungewollt, komödienhaft durch das</Unicode>
                </TextEquiv>
            </TextLine>
            <TextLine id="r1l45" custom="readingOrder {index:44;}">
                <Coords points="428,2057 1405,2060 1461,2037 1461,1992 428,2010"/>
                <Baseline points="439,2049 489,2050 540,2051 590,2051 641,2051 692,2051 742,2051 793,2050 843,2050 894,2049 945,2048 995,2047 1046,2046 1096,2045 1147,2044 1198,2043 1248,2042 1299,2041 1349,2040 1400,2039 1451,2039"/>
                <TextEquiv>
                    <Unicode>nach Weihnachten. Dann hängen nur noch die Nüsse</Unicode>
                </TextEquiv>
            </TextLine>
            <TextLine id="r1l46" custom="readingOrder {index:45;}">
                <Coords points="1774,2111 2725,2078 2935,2103 2934,2042 1773,2070"/>
                <Baseline points="1784,2101 1841,2100 1898,2098 1955,2097 2012,2095 2069,2094 2126,2093 2183,2092 2240,2091 2297,2090 2354,2089 2411,2088 2468,2088 2525,2087 2582,2086 2639,2085 2696,2084 2753,2083 2810,2082 2867,2081 2925,2080"/>
                <TextEquiv>
                    <Unicode>ungelöste Wirrnis, die Rösselsprünge von Wahrheit und Lüge,</Unicode>
                </TextEquiv>
            </TextLine>
            <TextLine id="r1l47" custom="readingOrder {index:46;}">
                <Coords points="423,2109 451,2114 471,2135 482,2129 500,2138 516,2126 526,2134 598,2124 612,2133 651,2118 696,2117 696,2091 670,2082 619,2093 579,2065 547,2058 514,2071 489,2072 469,2061 425,2064"/>
                <Baseline points="434,2103 459,2105 484,2106 509,2107 534,2108 559,2109 584,2109 609,2110 634,2110 659,2111 685,2112"/>
                <TextEquiv>
                    <Unicode>darauf..</Unicode>
                </TextEquiv>
            </TextLine>
            <TextLine id="r1l48" custom="readingOrder {index:47;}">
                <Coords points="1776,2148 2933,2151 2932,2102 2812,2082 1775,2110"/>
                <Baseline points="1785,2143 1841,2142 1898,2141 1955,2139 2012,2138 2069,2137 2126,2136 2183,2135 2240,2135 2297,2134 2354,2133 2410,2132 2467,2131 2524,2130 2581,2129 2638,2128 2695,2127 2752,2126 2809,2125 2866,2124 2923,2122"/>
                <TextEquiv>
                    <Unicode>in deren Mitte die Handelnden einander zum Schluß yöllig,</Unicode>
                </TextEquiv>
            </TextLine>
            <TextLine id="r1l49" custom="readingOrder {index:48;}">
                <Coords points="516,2177 1315,2180 1431,2169 1461,2128 1290,2103 997,2129 954,2101 883,2132 515,2128"/>
                <Baseline points="525,2165 571,2166 617,2166 663,2166 710,2166 756,2166 802,2166 849,2166 895,2166 941,2165 988,2165 1034,2164 1080,2163 1126,2162 1173,2162 1219,2161 1265,2160 1312,2159 1358,2158 1404,2157 1451,2156"/>
                <TextEquiv>
                    <Unicode>Man weiß es nun auch schon in Budapest,</Unicode>
                </TextEquiv>
            </TextLine>
            <TextLine id="r1l50" custom="readingOrder {index:49;}">
                <Coords points="1783,2191 2940,2184 2939,2147 2876,2130 1782,2145"/>
                <Baseline points="1792,2187 1848,2185 1905,2184 1962,2183 2019,2182 2076,2181 2133,2180 2189,2179 2246,2179 2303,2178 2360,2177 2417,2176 2474,2175 2531,2174 2587,2173 2644,2172 2701,2170 2758,2169 2815,2167 2872,2164 2929,2161"/>
                <TextEquiv>
                    <Unicode>aber unserem Empfinden nach nicht notwendigerweise, ver¬</Unicode>
                </TextEquiv>
            </TextLine>
            <TextLine id="r1l51" custom="readingOrder {index:50;}">
                <Coords points="1787,2236 2942,2224 2941,2182 2898,2170 1786,2191"/>
                <Baseline points="1798,2232 1854,2229 1911,2228 1968,2226 2024,2225 2081,2224 2138,2222 2194,2221 2251,2221 2308,2220 2365,2219 2421,2218 2478,2218 2535,2217 2591,2216 2648,2215 2705,2215 2761,2213 2818,2212 2875,2211 2932,2210"/>
                <TextEquiv>
                    <Unicode>fehlen. Dieser Dr. Eckold, der die Rache an seiner Frau zehn</Unicode>
                </TextEquiv>
            </TextLine>
            <TextLine id="r1l52" custom="readingOrder {index:51;}">
                <Coords points="417,2228 722,2251 862,2212 952,2248 1232,2210 1444,2248 1469,2148 1331,2180 416,2197"/>
                <Baseline points="427,2227 478,2227 530,2226 581,2226 633,2226 685,2225 736,2225 788,2225 840,2224 891,2224 943,2223 995,2223 1046,2222 1098,2221 1150,2220 1201,2219 1253,2218 1305,2217 1356,2216 1408,2215 1460,2213"/>
                <TextEquiv>
                    <Unicode>daß das Verhälnis Burgtheater und Denisches</Unicode>
                </TextEquiv>
            </TextLine>
            <TextLine id="r1l53" custom="readingOrder {index:52;}">
                <Coords points="1786,2266 2947,2254 2924,2210 1785,2237"/>
                <Baseline points="1797,2278 1854,2275 1911,2274 1968,2272 2025,2270 2082,2269 2139,2268 2196,2267 2253,2266 2310,2265 2367,2264 2424,2263 2481,2263 2538,2262 2595,2260 2652,2259 2709,2258 2766,2256 2823,2254 2880,2253 2937,2250"/>
                <TextEquiv>
                    <Unicode>Jahre lang aufspart, ohne sich etwas merken zu lassen, ist ein</Unicode>
                </TextEquiv>
            </TextLine>
            <TextLine id="r1l54" custom="readingOrder {index:53;}">
                <Coords points="430,2293 1185,2302 1421,2290 1465,2247 430,2250"/>
                <Baseline points="441,2287 491,2287 542,2287 593,2287 643,2286 694,2286 745,2285 795,2285 846,2284 897,2284 948,2283 998,2282 1049,2281 1100,2280 1150,2279 1201,2277 1252,2276 1302,2274 1353,2273 1404,2271 1455,2269"/>
                <TextEquiv>
                    <Unicode>Theater sich in der Gegenüberstellung von Tra¬</Unicode>
                </TextEquiv>
            </TextLine>
            <TextLine id="r1l55" custom="readingOrder {index:54;}">
                <Coords points="1781,2319 2665,2289 2794,2316 2944,2307 2944,2270 1780,2266"/>
                <Baseline points="1792,2318 1849,2317 1906,2316 1963,2315 2020,2313 2077,2312 2134,2311 2191,2310 2248,2310 2305,2309 2363,2308 2420,2307 2477,2306 2534,2305 2591,2304 2648,2303 2705,2302 2762,2301 2819,2300 2876,2299 2934,2297"/>
                <TextEquiv>
                    <Unicode>Uebermensch oder ein Teufel, aber keinesfalls etwas Denk¬</Unicode>
                </TextEquiv>
            </TextLine>
            <TextLine id="r1l56" custom="readingOrder {index:55;}">
                <Coords points="432,2345 677,2375 811,2343 947,2368 1016,2331 1403,2355 1465,2340 1465,2269 1404,2300 432,2308"/>
                <Baseline points="442,2345 492,2344 543,2344 593,2344 644,2344 695,2344 745,2344 796,2344 847,2344 897,2343 948,2343 999,2343 1049,2342 1100,2342 1151,2341 1201,2340 1252,2339 1303,2337 1353,2336 1404,2334 1455,2332"/>
                <TextEquiv>
                    <Unicode>ditionen und Stil ausbrückt. Ja, man ist sogar</Unicode>
                </TextEquiv>
            </TextLine>
            <TextLine id="r1l57" custom="readingOrder {index:56;}">
                <Coords points="1775,2369 2889,2356 2944,2338 2943,2300 1910,2334 1773,2306"/>
                <Baseline points="1784,2360 1841,2360 1899,2359 1956,2359 2014,2358 2071,2357 2129,2356 2186,2355 2244,2354 2301,2353 2359,2351 2416,2350 2474,2349 2531,2348 2589,2347 2646,2346 2704,2345 2761,2344 2819,2343 2876,2343 2934,2343"/>
                <TextEquiv>
                    <Unicode>bares. Diese Frau Klara, die die Wahrheit verbeißt, weil auch sie</Unicode>
                </TextEquiv>
            </TextLine>
            <TextLine id="r1l58" custom="readingOrder {index:57;}">
                <Coords points="1777,2419 2955,2389 2953,2330 1776,2372"/>
                <Baseline points="1788,2408 1845,2406 1903,2404 1961,2402 2019,2401 2077,2400 2134,2399 2192,2398 2250,2397 2308,2396 2366,2396 2423,2395 2481,2394 2539,2393 2597,2392 2655,2391 2712,2390 2770,2388 2828,2387 2886,2385 2944,2383"/>
                <TextEquiv>
                    <Unicode>Rache üben will, ist das Opfer einer tragischen Anwandlung des</Unicode>
                </TextEquiv>
            </TextLine>
            <TextLine id="r1l59" custom="readingOrder {index:58;}">
                <Coords points="433,2417 1425,2412 1464,2399 1463,2340 1073,2367 1022,2343 929,2373 857,2349 801,2383 749,2353 432,2366"/>
                <Baseline points="442,2404 492,2404 543,2403 593,2403 644,2403 694,2403 745,2403 795,2402 846,2402 896,2402 947,2401 998,2401 1048,2400 1099,2399 1149,2399 1200,2397 1250,2397 1301,2395 1351,2394 1402,2393 1453,2390"/>
                <TextEquiv>
                    <Unicode>darauf gekommen, daß es sich nach dem zweiten</Unicode>
                </TextEquiv>
            </TextLine>
            <TextLine id="r1l60" custom="readingOrder {index:59;}">
                <Coords points="1786,2453 2841,2448 2944,2423 2944,2393 1785,2417"/>
                <Baseline points="1796,2452 1852,2450 1909,2449 1966,2448 2023,2447 2080,2446 2137,2444 2194,2443 2251,2442 2308,2441 2365,2440 2421,2439 2478,2438 2535,2437 2592,2436 2649,2434 2706,2433 2763,2432 2820,2430 2877,2429 2934,2427"/>
                <TextEquiv>
                    <Unicode>Dichters, der sie in vorgefaßter Absicht zum Untergang ver¬</Unicode>
                </TextEquiv>
            </TextLine>
            <TextLine id="r1l61" custom="readingOrder {index:60;}">
                <Coords points="425,2472 1470,2469 1469,2402 424,2418"/>
                <Baseline points="435,2461 486,2462 537,2463 588,2463 639,2463 691,2463 742,2463 793,2462 844,2461 895,2461 947,2460 998,2459 1049,2458 1100,2457 1151,2456 1203,2455 1254,2455 1305,2454 1356,2454 1407,2453 1459,2454"/>
                <TextEquiv>
                    <Unicode>Einakter schickt, in der Pansevon Bahrs „Konzert“ zu</Unicode>
                </TextEquiv>
            </TextLine>
            <TextLine id="r1l62" custom="readingOrder {index:61;}">
                <Coords points="1776,2503 2939,2493 2954,2420 2832,2451 1774,2449"/>
                <Baseline points="1786,2498 1847,2496 1908,2494 1969,2492 2030,2490 2091,2489 2152,2488 2213,2487 2274,2486 2335,2485 2396,2484 2457,2483 2518,2482 2579,2481 2640,2479 2701,2478 2762,2476 2823,2474 2884,2473 2945,2470"/>
                <TextEquiv>
                    <Unicode>dammt. Unsere Ueberzeugung geht hier nur schwer mit. Die</Unicode>
                </TextEquiv>
            </TextLine>
            <TextLine id="r1l63" custom="readingOrder {index:62;}">
                <Coords points="433,2534 1462,2517 1461,2472 1388,2463 432,2473"/>
                <Baseline points="443,2525 493,2525 543,2525 594,2524 644,2524 695,2523 745,2522 795,2521 846,2520 896,2519 947,2518 997,2517 1047,2516 1098,2515 1148,2514 1199,2513 1249,2513 1299,2512 1350,2512 1400,2512 1451,2513"/>
                <TextEquiv>
                    <Unicode>sprechen. Doch lassen wir dies! Schnitzler und Burg¬</Unicode>
                </TextEquiv>
            </TextLine>
            <TextLine id="r1l64" custom="readingOrder {index:63;}">
                <Coords points="1782,2540 2942,2529 2941,2481 2853,2474 1782,2510"/>
                <Baseline points="1792,2540 1849,2538 1906,2537 1963,2536 2020,2535 2077,2534 2134,2533 2191,2532 2248,2532 2305,2531 2362,2531 2419,2530 2476,2529 2533,2528 2590,2527 2647,2526 2704,2525 2761,2524 2818,2522 2875,2520 2932,2518"/>
                <TextEquiv>
                    <Unicode>Vorstellung hatte auch nicht genug Vehemenz, um uns zu</Unicode>
                </TextEquiv>
            </TextLine>
            <TextLine id="r1l65" custom="readingOrder {index:64;}">
                <Coords points="1781,2585 2951,2582 2950,2521 1780,2539"/>
                <Baseline points="1792,2582 1849,2581 1906,2580 1964,2580 2021,2579 2079,2578 2136,2578 2193,2577 2251,2576 2308,2576 2366,2575 2423,2574 2480,2573 2538,2572 2595,2571 2653,2570 2710,2568 2767,2566 2825,2565 2882,2562 2940,2560"/>
                <TextEquiv>
                    <Unicode>überzeugen, und war auf einen etwas grauen Ton gestimmt.</Unicode>
                </TextEquiv>
            </TextLine>
            <TextLine id="r1l66" custom="readingOrder {index:65;}">
                <Coords points="433,2571 510,2597 1439,2588 1470,2580 1469,2519 432,2546"/>
                <Baseline points="443,2581 493,2580 544,2579 595,2579 646,2578 697,2578 747,2577 798,2577 849,2577 900,2577 951,2576 1001,2576 1052,2576 1103,2575 1154,2575 1205,2574 1255,2573 1306,2573 1357,2571 1408,2571 1459,2569"/>
                <TextEquiv>
                    <Unicode>theater sind sich vielleicht gegenseitig ein Schicksal.</Unicode>
                </TextEquiv>
            </TextLine>
            <TextLine id="r1l67" custom="readingOrder {index:66;}">
                <Coords points="1778,2635 2903,2617 2947,2567 1777,2582"/>
                <Baseline points="1789,2628 1846,2626 1903,2624 1961,2622 2018,2621 2076,2620 2133,2619 2190,2618 2248,2618 2305,2617 2363,2616 2420,2616 2477,2615 2535,2614 2592,2613 2650,2612 2707,2611 2764,2609 2822,2607 2879,2605 2937,2602"/>
                <TextEquiv>
                    <Unicode>Harry Walden gab den unglaubwürdigen Doktor mit</Unicode>
                </TextEquiv>
            </TextLine>
            <TextLine id="r1l68" custom="readingOrder {index:67;}">
                <Coords points="432,2644 1038,2659 1079,2626 1294,2654 1427,2645 1465,2582 432,2585"/>
                <Baseline points="443,2639 493,2638 544,2636 594,2635 645,2634 696,2634 746,2634 797,2634 847,2634 898,2634 949,2635 999,2635 1050,2635 1100,2636 1151,2636 1202,2635 1252,2635 1303,2634 1353,2633 1404,2631 1455,2629"/>
                <TextEquiv>
                    <Unicode>Und die „Komödic der Worte“ ist eben ein Burg¬</Unicode>
                </TextEquiv>
            </TextLine>
            <TextLine id="r1l69" custom="readingOrder {index:68;}">
                <Coords points="1780,2663 2956,2665 2955,2589 1780,2634"/>
                <Baseline points="1791,2673 1848,2671 1906,2668 1964,2666 2021,2664 2079,2663 2137,2662 2194,2661 2252,2660 2310,2659 2368,2659 2425,2658 2483,2657 2541,2656 2598,2655 2656,2654 2714,2653 2771,2652 2829,2650 2887,2648 2945,2646"/>
                <TextEquiv>
                    <Unicode>Schärfe und Mäßigung; die Rolle ist undankbar, ließ aber</Unicode>
                </TextEquiv>
            </TextLine>
            <TextLine id="r1l70" custom="readingOrder {index:69;}">
                <Coords points="438,2688 532,2726 638,2698 772,2728 1433,2719 1471,2705 1471,2627 1193,2674 1072,2636 1044,2661 912,2635 438,2653"/>
                <Baseline points="448,2698 498,2697 549,2696 599,2696 650,2695 701,2695 751,2695 802,2695 853,2694 903,2694 954,2694 1005,2694 1055,2694 1106,2694 1157,2693 1207,2693 1258,2692 1309,2692 1359,2690 1410,2689 1461,2687"/>
                <TextEquiv>
                    <Unicode>theaterstück. Das wird man später nicht einmal</Unicode>
                </TextEquiv>
            </TextLine>
            <TextLine id="r1l71" custom="readingOrder {index:70;}">
                <Coords points="1775,2715 2953,2705 2952,2665 2838,2649 1775,2683"/>
                <Baseline points="1786,2716 1843,2715 1901,2714 1959,2712 2017,2711 2075,2710 2133,2709 2190,2709 2248,2707 2306,2706 2364,2705 2422,2704 2480,2703 2538,2701 2595,2700 2653,2699 2711,2697 2769,2696 2827,2694 2885,2693 2943,2691"/>
                <TextEquiv>
                    <Unicode>doch den überlegenen Künstler erkennen. Um die beiden</Unicode>
                </TextEquiv>
            </TextLine>
            <TextLine id="r1l72" custom="readingOrder {index:71;}">
                <Coords points="1780,2778 2949,2736 2948,2700 2808,2693 1779,2727"/>
                <Baseline points="1790,2761 1847,2759 1904,2758 1962,2756 2019,2755 2077,2754 2134,2753 2191,2752 2249,2751 2306,2750 2364,2749 2421,2747 2478,2747 2536,2745 2593,2744 2651,2742 2708,2741 2765,2739 2823,2737 2880,2736 2938,2733"/>
                <TextEquiv>
                    <Unicode>anderen Rollen mühten sich Maria Mayen und Herr</Unicode>
                </TextEquiv>
            </TextLine>
            <TextLine id="r1l73" custom="readingOrder {index:72;}">
                <Coords points="428,2768 459,2779 497,2765 512,2779 658,2763 723,2778 766,2762 825,2777 870,2761 870,2726 813,2715 778,2732 740,2717 675,2721 626,2700 571,2728 502,2724 459,2691 429,2697"/>
                <Baseline points="438,2751 464,2752 490,2754 516,2754 543,2755 569,2755 595,2756 622,2756 648,2756 674,2756 701,2755 727,2755 753,2755 780,2755 806,2755 832,2755 859,2756"/>
                <TextEquiv>
                    <Unicode>leugnen können...</Unicode>
                </TextEquiv>
            </TextLine>
            <TextLine id="r1l74" custom="readingOrder {index:73;}">
                <Coords points="1782,2790 2949,2788 2948,2737 1782,2773"/>
                <Baseline points="1793,2800 1850,2799 1907,2799 1964,2798 2022,2798 2079,2797 2136,2797 2194,2796 2251,2795 2308,2794 2366,2793 2423,2792 2480,2790 2537,2789 2595,2788 2652,2787 2709,2785 2767,2783 2824,2781 2881,2780 2939,2778"/>
                <TextEquiv>
                    <Unicode>Skoda. — Das zweite Stück, „Die große Tzene“,</Unicode>
                </TextEquiv>
            </TextLine>
            <TextLine id="r1l75" custom="readingOrder {index:74;}">
                <Coords points="534,2822 1443,2822 1479,2775 1410,2751 1367,2774 533,2774"/>
                <Baseline points="544,2816 590,2814 636,2813 682,2812 729,2811 775,2811 821,2810 868,2810 914,2810 960,2810 1007,2810 1053,2810 1099,2810 1145,2810 1192,2810 1238,2810 1284,2810 1331,2810 1377,2809 1423,2809 1470,2808"/>
                <TextEquiv>
                    <Unicode>Drei Komödien der Eheirrungen, die erste, die</Unicode>
                </TextEquiv>
            </TextLine>
            <TextLine id="r1l76" custom="readingOrder {index:75;}">
                <Coords points="1787,2851 2950,2829 2949,2788 2906,2783 1786,2792"/>
                <Baseline points="1797,2847 1854,2847 1911,2845 1968,2844 2025,2843 2082,2842 2139,2841 2196,2840 2253,2839 2310,2838 2368,2837 2425,2836 2482,2835 2539,2833 2596,2832 2653,2831 2710,2830 2767,2829 2824,2827 2881,2826 2939,2825"/>
                <TextEquiv>
                    <Unicode>gibt sich frischer, zufahrender, mehr auf kräftige Wirkungen</Unicode>
                </TextEquiv>
            </TextLine>
            <TextLine id="r1l77" custom="readingOrder {index:76;}">
                <Coords points="445,2887 1340,2887 1440,2878 1474,2839 1281,2812 445,2850"/>
                <Baseline points="455,2877 505,2874 556,2872 606,2870 657,2868 707,2868 758,2867 808,2867 859,2867 909,2868 960,2868 1010,2868 1061,2869 1111,2869 1162,2869 1212,2869 1263,2868 1313,2867 1364,2865 1414,2863 1465,2860"/>
                <TextEquiv>
                    <Unicode>„Stunde der Erkenntnis.“ Oder von allem gerade</Unicode>
                </TextEquiv>
            </TextLine>
            <TextLine id="r1l78" custom="readingOrder {index:77;}">
                <Coords points="1780,2888 2955,2881 2938,2829 1779,2847"/>
                <Baseline points="1790,2893 1847,2891 1905,2889 1963,2888 2020,2887 2078,2885 2136,2883 2193,2882 2251,2881 2309,2880 2367,2879 2424,2878 2482,2877 2540,2876 2597,2875 2655,2874 2713,2873 2770,2872 2828,2871 2886,2870 2944,2870"/>
                <TextEquiv>
                    <Unicode>bedacht, und rührt dabei im Grunde tiefere Probleme auf als</Unicode>
                </TextEquiv>
            </TextLine>
            <TextLine id="r1l79" custom="readingOrder {index:78;}">
                <Coords points="1787,2943 2954,2908 2953,2875 2870,2870 1786,2896"/>
                <Baseline points="1797,2935 1854,2933 1911,2931 1968,2930 2026,2929 2083,2928 2140,2927 2198,2926 2255,2925 2312,2924 2370,2924 2427,2923 2484,2922 2541,2922 2599,2921 2656,2920 2713,2919 2771,2918 2828,2916 2885,2915 2943,2913"/>
                <TextEquiv>
                    <Unicode>das der Treue im hergebrachten Sinn. Der Mensch, der</Unicode>
                </TextEquiv>
            </TextLine>
            <TextLine id="r1l80" custom="readingOrder {index:79;}">
                <Coords points="449,2941 1439,2944 1482,2940 1482,2863 448,2889"/>
                <Baseline points="458,2931 508,2930 559,2929 609,2928 660,2928 711,2927 761,2927 812,2927 863,2927 913,2927 964,2927 1015,2927 1065,2928 1116,2928 1167,2928 1217,2927 1268,2927 1319,2927 1369,2926 1420,2925 1471,2924"/>
                <TextEquiv>
                    <Unicode>dies nicht. Sondern eine Wirrnis von Wahrheit und</Unicode>
                </TextEquiv>
            </TextLine>
            <TextLine id="r1l81" custom="readingOrder {index:80;}">
                <Coords points="1787,2983 2963,2981 2962,2918 2856,2907 1787,2942"/>
                <Baseline points="1797,2981 1854,2978 1912,2975 1970,2973 2028,2972 2086,2970 2143,2969 2201,2968 2259,2968 2317,2967 2375,2966 2432,2966 2490,2966 2548,2965 2606,2964 2664,2963 2721,2962 2779,2961 2837,2959 2895,2956 2953,2953"/>
                <TextEquiv>
                    <Unicode>„spielt“ (hier verkörpert ihn augenfällig der Schauspieler) und</Unicode>
                </TextEquiv>
            </TextLine>
            <TextLine id="r1l82" custom="readingOrder {index:81;}">
                <Coords points="445,2988 499,3016 673,2985 873,3015 1473,2993 1472,2938 445,2948"/>
                <Baseline points="456,2993 506,2993 556,2993 607,2993 657,2992 707,2992 758,2992 808,2991 858,2991 909,2990 959,2990 1009,2989 1060,2988 1110,2987 1160,2987 1211,2986 1261,2985 1311,2984 1362,2982 1412,2981 1463,2980"/>
                <TextEquiv>
                    <Unicode>Lüge, der die Handelden nicht mehr entrinnen kön¬</Unicode>
                </TextEquiv>
            </TextLine>
            <TextLine id="r1l83" custom="readingOrder {index:82;}">
                <Coords points="1787,3021 2938,3025 2954,2964 1786,2983"/>
                <Baseline points="1797,3022 1854,3020 1911,3019 1969,3018 2026,3017 2084,3016 2141,3015 2198,3014 2256,3013 2313,3013 2371,3012 2428,3011 2485,3010 2543,3009 2600,3008 2658,3007 2715,3005 2772,3004 2830,3002 2887,3001 2945,2999"/>
                <TextEquiv>
                    <Unicode>der Mensch, der erlebt, und ihr Kampf miteinander: all dies</Unicode>
                </TextEquiv>
            </TextLine>
            <TextLine id="r1l84" custom="readingOrder {index:83;}">
                <Coords points="433,3043 1473,3074 1472,2992 1444,2989 433,3017"/>
                <Baseline points="444,3051 494,3051 545,3052 596,3052 647,3052 698,3052 749,3052 800,3051 851,3050 902,3050 953,3049 1003,3048 1054,3047 1105,3046 1156,3045 1207,3044 1258,3043 1309,3042 1360,3041 1411,3040 1462,3040"/>
                <TextEquiv>
                    <Unicode>neu. Harry Walden gab den Dr. Eckhold. Die Un¬</Unicode>
                </TextEquiv>
            </TextLine>
            <TextLine id="r1l85" custom="readingOrder {index:84;}">
                <Coords points="1788,3075 2949,3062 2962,2988 2917,3016 1787,3027"/>
                <Baseline points="1797,3067 1854,3065 1912,3064 1970,3063 2028,3061 2085,3060 2143,3059 2201,3058 2259,3057 2316,3056 2374,3055 2432,3054 2490,3054 2547,3053 2605,3052 2663,3051 2721,3050 2778,3049 2836,3048 2894,3047 2952,3045"/>
                <TextEquiv>
                    <Unicode>flimmert um die Paraderolle des Schauspielers Herbot, den</Unicode>
                </TextEquiv>
            </TextLine>
            <TextLine id="r1l86" custom="readingOrder {index:85;}">
                <Coords points="1792,3114 2961,3079 2946,3045 1791,3077"/>
                <Baseline points="1801,3111 1858,3109 1916,3107 1973,3105 2031,3104 2088,3102 2146,3102 2203,3101 2261,3100 2318,3099 2376,3099 2433,3098 2491,3097 2548,3096 2606,3096 2663,3094 2721,3093 2778,3091 2836,3088 2893,3086 2951,3083"/>
                <TextEquiv>
                    <Unicode>Harry Waiden sprühend, mit Anmut und Virtuosität ver¬</Unicode>
                </TextEquiv>
            </TextLine>
            <TextLine id="r1l87" custom="readingOrder {index:86;}">
                <Coords points="443,3126 1283,3105 1477,3133 1449,3042 1264,3075 953,3047 443,3080"/>
                <Baseline points="454,3112 504,3111 555,3110 605,3110 656,3109 707,3109 757,3108 808,3108 859,3107 909,3107 960,3106 1011,3105 1061,3105 1112,3104 1163,3103 1213,3102 1264,3102 1315,3101 1365,3100 1416,3099 1467,3097"/>
                <TextEquiv>
                    <Unicode>möglichkeiten dieser ins Uebermenschliche verbitter¬</Unicode>
                </TextEquiv>
            </TextLine>
            <TextLine id="r1l88" custom="readingOrder {index:87;}">
                <Coords points="1782,3167 1987,3135 2097,3166 2956,3150 2954,3083 1781,3102"/>
                <Baseline points="1793,3154 1850,3153 1908,3151 1965,3150 2023,3149 2081,3147 2138,3146 2196,3144 2254,3143 2311,3142 2369,3141 2427,3141 2484,3140 2542,3139 2600,3138 2657,3138 2715,3137 2773,3137 2830,3136 2888,3136 2946,3136"/>
                <TextEquiv>
                    <Unicode>körperte. Innig und herb zugleich war Lotte Medelsky,</Unicode>
                </TextEquiv>
            </TextLine>
            <TextLine id="r1l89" custom="readingOrder {index:88;}">
                <Coords points="439,3172 1474,3174 1474,3123 1366,3115 439,3125"/>
                <Baseline points="449,3167 499,3167 550,3166 601,3166 652,3165 702,3165 753,3164 804,3164 855,3163 905,3163 956,3162 1007,3162 1058,3161 1108,3161 1159,3161 1210,3161 1261,3161 1311,3161 1362,3161 1413,3162 1464,3162"/>
                <TextEquiv>
                    <Unicode>ten Existenz versuchte Walden ins Mögliche zu</Unicode>
                </TextEquiv>
            </TextLine>
            <TextLine id="r1l90" custom="readingOrder {index:89;}">
                <Coords points="1795,3202 2962,3201 2961,3136 1794,3153"/>
                <Baseline points="1804,3194 1861,3194 1918,3194 1976,3193 2033,3193 2090,3192 2148,3191 2205,3190 2262,3189 2320,3188 2377,3187 2434,3186 2492,3184 2549,3183 2606,3182 2664,3181 2721,3180 2778,3179 2836,3179 2893,3178 2951,3178"/>
                <TextEquiv>
                    <Unicode>bärenhaft sympathisch Herr Tiedtke als Theaterdirektor,</Unicode>
                </TextEquiv>
            </TextLine>
            <TextLine id="r1l91" custom="readingOrder {index:90;}">
                <Coords points="439,3229 1474,3237 1474,3170 439,3176"/>
                <Baseline points="449,3223 499,3223 550,3223 601,3223 652,3224 702,3224 753,3224 804,3224 855,3224 905,3225 956,3225 1007,3224 1058,3224 1108,3224 1159,3224 1210,3223 1261,3223 1311,3222 1362,3222 1413,3221 1464,3220"/>
                <TextEquiv>
                    <Unicode>meistern. Und es war erfreulich, wie weit er es</Unicode>
                </TextEquiv>
            </TextLine>
            <TextLine id="r1l92" custom="readingOrder {index:91;}">
                <Coords points="1790,3244 2950,3237 2920,3180 1790,3199"/>
                <Baseline points="1801,3239 1857,3238 1914,3237 1971,3236 2028,3235 2085,3234 2142,3234 2199,3233 2256,3232 2313,3232 2370,3231 2426,3230 2483,3229 2540,3228 2597,3227 2654,3226 2711,3225 2768,3223 2825,3221 2882,3219 2939,3217"/>
                <TextEquiv>
                    <Unicode>und in lleinen Rollen Fräuiein Kutschera und Herr</Unicode>
                </TextEquiv>
            </TextLine>
            <TextLine id="r1l93" custom="readingOrder {index:92;}">
                <Coords points="1793,3293 2967,3276 2965,3200 2921,3232 1792,3248"/>
                <Baseline points="1803,3283 1860,3283 1918,3282 1975,3282 2033,3281 2091,3280 2148,3279 2206,3278 2264,3277 2321,3276 2379,3275 2437,3274 2494,3273 2552,3272 2610,3271 2667,3269 2725,3268 2783,3267 2840,3265 2898,3264 2956,3263"/>
                <TextEquiv>
                    <Unicode>Frank sympathisch. Das beste der drei Stücke, und zwar</Unicode>
                </TextEquiv>
            </TextLine>
            <TextLine id="r1l94" custom="readingOrder {index:93;}">
                <Coords points="450,3284 601,3275 766,3323 1048,3280 1105,3315 1386,3315 1500,3278 1477,3205 1428,3242 450,3243"/>
                <Baseline points="461,3279 512,3280 563,3281 615,3282 666,3282 718,3283 769,3283 821,3283 872,3283 924,3283 975,3282 1026,3282 1078,3281 1129,3280 1181,3280 1232,3279 1284,3278 1335,3277 1387,3276 1438,3276 1490,3275"/>
                <TextEquiv>
                    <Unicode>darin mit den Fähigkeiten seines Küstlertums</Unicode>
                </TextEquiv>
            </TextLine>
            <TextLine id="r1l95" custom="readingOrder {index:94;}">
                <Coords points="1799,3335 2968,3300 2833,3264 1798,3290"/>
                <Baseline points="1809,3331 1866,3329 1923,3328 1981,3326 2038,3325 2096,3323 2153,3322 2210,3321 2268,3320 2325,3320 2383,3319 2440,3318 2497,3317 2555,3316 2612,3315 2670,3314 2727,3312 2784,3311 2842,3309 2899,3307 2957,3305"/>
                <TextEquiv>
                    <Unicode>prächtig gerundet, durchleuchtet von weisem Humor und einer</Unicode>
                </TextEquiv>
            </TextLine>
            <TextLine id="r1l96" custom="readingOrder {index:95;}">
                <Coords points="450,3335 463,3335 474,3344 489,3338 503,3349 532,3340 555,3355 589,3334 637,3355 639,3312 624,3310 599,3284 574,3291 530,3287 519,3293 453,3284"/>
                <Baseline points="462,3323 489,3325 517,3326 545,3328 572,3328 600,3329 628,3331"/>
                <TextEquiv>
                    <Unicode>brachte.</Unicode>
                </TextEquiv>
            </TextLine>
            <TextLine id="r1l97" custom="readingOrder {index:96;}">
                <Coords points="1800,3370 2955,3370 2954,3321 2903,3314 1799,3335"/>
                <Baseline points="1810,3379 1866,3375 1923,3372 1980,3370 2036,3367 2093,3366 2150,3365 2206,3363 2263,3363 2320,3362 2377,3362 2433,3361 2490,3361 2547,3360 2603,3360 2660,3359 2717,3358 2773,3357 2830,3356 2887,3354 2944,3353"/>
                <TextEquiv>
                    <Unicode>Philosophie, die aller Schwere entkleidet scheint, ist „Das</Unicode>
                </TextEquiv>
            </TextLine>
            <TextLine id="r1l98" custom="readingOrder {index:97;}">
                <Coords points="539,3402 1149,3394 1222,3418 1454,3391 1497,3344 1137,3310 1080,3345 1013,3322 822,3344 732,3315 539,3359"/>
                <Baseline points="549,3387 595,3387 642,3387 689,3386 736,3386 783,3387 830,3387 877,3387 924,3387 971,3388 1018,3388 1064,3388 1111,3388 1158,3389 1205,3389 1252,3389 1299,3389 1346,3389 1393,3389 1440,3388 1487,3388"/>
                <TextEquiv>
                    <Unicode>Der zweite Einakter „Die große Szene.“ So#</Unicode>
                </TextEquiv>
            </TextLine>
            <TextLine id="r1l99" custom="readingOrder {index:98;}">
                <Coords points="1799,3418 2967,3419 2966,3374 2915,3357 1798,3372"/>
                <Baseline points="1810,3415 1867,3414 1924,3412 1981,3411 2039,3410 2096,3410 2153,3409 2210,3408 2268,3408 2325,3407 2382,3407 2439,3406 2497,3405 2554,3405 2611,3404 2668,3403 2726,3401 2783,3400 2840,3398 2897,3396 2955,3394"/>
                <TextEquiv>
                    <Unicode>Bacchusfest“. Harry Walden, Susanne v. Osten, Eugen</Unicode>
                </TextEquiv>
            </TextLine>
            <TextLine id="r1l100" custom="readingOrder {index:99;}">
                <Coords points="452,3473 1436,3449 1479,3482 1478,3386 1198,3429 1163,3403 581,3425 545,3399 451,3430"/>
                <Baseline points="462,3452 512,3450 562,3449 613,3448 663,3447 713,3447 764,3446 814,3445 864,3445 915,3444 965,3444 1015,3444 1066,3444 1116,3444 1166,3444 1217,3444 1267,3444 1317,3443 1368,3443 1418,3443 1469,3443"/>
                <TextEquiv>
                    <Unicode>groß, daß Schnitzler ganz klein wird. Harry Wal¬</Unicode>
                </TextEquiv>
            </TextLine>
            <TextLine id="r1l101" custom="readingOrder {index:100;}">
                <Coords points="1804,3477 2857,3465 2973,3425 1803,3422"/>
                <Baseline points="1813,3456 1870,3457 1928,3457 1985,3457 2043,3457 2100,3457 2158,3456 2215,3456 2273,3455 2330,3454 2388,3453 2445,3452 2503,3451 2560,3450 2618,3448 2675,3447 2733,3446 2790,3445 2848,3443 2905,3442 2963,3441"/>
                <TextEquiv>
                    <Unicode>Frank, nicht zu vergessen in einer ganz kleinen Rolle Herrn</Unicode>
                </TextEquiv>
            </TextLine>
            <TextLine id="r1l102" custom="readingOrder {index:101;}">
                <Coords points="1796,3506 2968,3490 2967,3439 1796,3484"/>
                <Baseline points="1807,3501 1864,3502 1922,3502 1979,3502 2037,3502 2094,3501 2152,3500 2209,3500 2267,3498 2324,3497 2382,3495 2440,3494 2497,3493 2555,3491 2612,3490 2670,3489 2727,3487 2785,3486 2842,3485 2900,3485 2958,3484"/>
                <TextEquiv>
                    <Unicode>Strebinger, verhalfen der graziösen Komödie zu ver¬</Unicode>
                </TextEquiv>
            </TextLine>
            <TextLine id="r1l103" custom="readingOrder {index:102;}">
                <Coords points="450,3500 738,3530 1393,3507 1495,3541 1495,3458 736,3475 671,3450 450,3479"/>
                <Baseline points="459,3500 510,3501 561,3503 612,3504 664,3504 715,3505 766,3505 817,3505 869,3505 920,3505 971,3505 1022,3505 1074,3505 1125,3504 1176,3504 1227,3503 1279,3503 1330,3502 1381,3502 1432,3501 1484,3501"/>
                <TextEquiv>
                    <Unicode>den als Schauspieler Herbot suchte die Unhaltbar¬</Unicode>
                </TextEquiv>
            </TextLine>
            <TextLine id="r1l104" custom="readingOrder {index:103;}">
                <Coords points="1805,3548 2883,3550 2972,3531 2971,3472 1804,3502"/>
                <Baseline points="1816,3551 1873,3548 1930,3547 1987,3545 2045,3543 2102,3542 2159,3541 2217,3540 2274,3540 2331,3539 2389,3538 2446,3538 2503,3537 2560,3537 2618,3536 2675,3536 2732,3535 2790,3533 2847,3532 2904,3531 2962,3529"/>
                <TextEquiv>
                    <Unicode>dientem Erfolg, an dem es übrigens auch nach den beiden</Unicode>
                </TextEquiv>
            </TextLine>
            <TextLine id="r1l105" custom="readingOrder {index:104;}">
                <Coords points="449,3581 1419,3583 1480,3567 1480,3522 697,3515 669,3542 581,3513 449,3540"/>
                <Baseline points="459,3562 509,3562 560,3563 610,3564 661,3564 711,3564 762,3565 812,3565 863,3565 913,3565 964,3565 1015,3565 1065,3564 1116,3564 1166,3564 1217,3563 1267,3563 1318,3562 1368,3562 1419,3561 1470,3561"/>
                <TextEquiv>
                    <Unicode>keit dieser Person mit Humor und Anmut zu über¬</Unicode>
                </TextEquiv>
            </TextLine>
            <TextLine id="r1l106" custom="readingOrder {index:105;}">
                <Coords points="1808,3593 2622,3613 2711,3578 2927,3605 2971,3573 2970,3529 1807,3546"/>
                <Baseline points="1818,3593 1875,3592 1932,3590 1989,3589 2046,3587 2103,3586 2160,3585 2218,3584 2275,3583 2332,3582 2389,3581 2446,3580 2503,3579 2560,3578 2618,3577 2675,3576 2732,3575 2789,3574 2846,3573 2903,3572 2961,3571"/>
                <TextEquiv>
                    <Unicode>anderen Stücken, der prächtigen Leistung Herrn Waldens im</Unicode>
                </TextEquiv>
            </TextLine>
            <TextLine id="r1l107" custom="readingOrder {index:106;}">
                <Coords points="455,3634 1476,3651 1498,3565 455,3592"/>
                <Baseline points="466,3623 517,3623 568,3624 619,3624 670,3625 721,3625 772,3625 823,3625 874,3625 925,3625 977,3625 1028,3624 1079,3624 1130,3624 1181,3624 1232,3624 1283,3624 1334,3624 1385,3624 1436,3625 1488,3625"/>
                <TextEquiv>
                    <Unicode>spielen. Sehr fein in ihrer herben Zurückhaltung</Unicode>
                </TextEquiv>
            </TextLine>
            <TextLine id="r1l108" custom="readingOrder {index:107;}">
                <Coords points="1763,3663 1806,3683 1899,3638 2029,3660 2216,3630 2253,3656 2488,3625 2487,3586 2109,3604 1761,3584"/>
                <Baseline points="1773,3649 1808,3645 1843,3641 1878,3638 1913,3636 1949,3634 1984,3633 2019,3632 2054,3632 2089,3632 2125,3632 2160,3632 2195,3633 2230,3633 2265,3633 2301,3632 2336,3632 2371,3631 2406,3629 2441,3627 2477,3623"/>
                <TextEquiv>
                    <Unicode>„ zweiten zumal, nicht gefehlt hatte.</Unicode>
                </TextEquiv>
            </TextLine>
            <TextLine id="r1l109" custom="readingOrder {index:108;}">
                <Coords points="1923,3725 2583,3679 2661,3714 2946,3707 2998,3683 2996,3603 1921,3662"/>
                <Baseline points="1932,3688 1984,3689 2037,3689 2090,3689 2143,3688 2196,3687 2248,3686 2301,3685 2354,3684 2407,3682 2460,3681 2512,3679 2565,3677 2618,3675 2671,3674 2724,3672 2776,3670 2829,3669 2882,3667 2935,3665 2988,3664"/>
                <TextEquiv>
                    <Unicode>— In der morgen. Dienstaa, im Lustspieltheater¬</Unicode>
                </TextEquiv>
            </TextLine>
            <TextLine id="r1l110" custom="readingOrder {index:109;}">
                <Coords points="450,3695 1306,3682 1487,3717 1487,3650 1422,3626 1182,3658 1109,3626 450,3648"/>
                <Baseline points="461,3685 511,3685 562,3684 613,3684 664,3684 714,3684 765,3683 816,3683 867,3683 917,3683 968,3683 1019,3682 1070,3682 1120,3682 1171,3682 1222,3681 1273,3681 1323,3680 1374,3680 1425,3679 1476,3678"/>
                <TextEquiv>
                    <Unicode>war Lotte Medelsky, Herr Tiedtke als Theater¬</Unicode>
                </TextEquiv>
            </TextLine>
            <TextLine id="r1l111" custom="readingOrder {index:110;}">
                <Coords points="448,3722 498,3757 582,3768 606,3750 669,3748 702,3769 808,3748 885,3763 1056,3750 1056,3713 995,3688 824,3717 776,3692 643,3710 570,3686 546,3705 448,3698"/>
                <Baseline points="457,3736 486,3736 515,3736 545,3736 574,3736 604,3737 633,3737 663,3737 692,3737 722,3737 751,3738 780,3738 810,3738 839,3739 869,3739 898,3739 928,3740 957,3740 987,3740 1016,3741 1046,3741"/>
                <TextEquiv>
                    <Unicode>direktor ungemein erquickend.</Unicode>
                </TextEquiv>
            </TextLine>
            <TextLine id="r1l112" custom="readingOrder {index:111;}">
                <Coords points="569,3811 912,3817 959,3789 1012,3817 1484,3813 1484,3748 569,3764"/>
                <Baseline points="579,3800 623,3799 668,3798 713,3797 758,3797 802,3797 847,3796 892,3796 937,3796 981,3796 1026,3797 1071,3797 1116,3797 1160,3797 1205,3797 1250,3797 1295,3798 1339,3798 1384,3798 1429,3797 1474,3797"/>
                <TextEquiv>
                    <Unicode>„Das Bachusfest“ ist der letzte Einakter.</Unicode>
                </TextEquiv>
            </TextLine>
            <TextLine id="r1l113" custom="readingOrder {index:112;}">
                <Coords points="460,3869 1500,3858 1500,3813 1394,3806 461,3830"/>
                <Baseline points="471,3854 524,3853 578,3853 631,3853 685,3853 739,3853 792,3854 846,3854 900,3855 953,3856 1007,3856 1060,3857 1114,3857 1168,3858 1221,3858 1275,3858 1329,3857 1382,3857 1436,3856 1490,3854"/>
                <TextEquiv>
                    <Unicode>Harry Walden, Susanne von Osten, Engen Stre¬</Unicode>
                </TextEquiv>
            </TextLine>
            <TextLine id="r1l114" custom="readingOrder {index:113;}">
                <Coords points="464,3920 567,3937 612,3913 681,3935 706,3919 818,3932 871,3917 927,3936 1017,3915 1018,3884 969,3861 910,3877 804,3859 743,3883 697,3862 621,3863 599,3883 465,3867"/>
                <Baseline points="474,3910 500,3910 527,3910 554,3910 580,3910 607,3911 634,3911 660,3911 687,3911 714,3912 741,3912 767,3913 794,3913 821,3913 847,3914 874,3914 901,3915 927,3915 954,3916 981,3916 1008,3917"/>
                <TextEquiv>
                    <Unicode>binger leisteten ihr Bestes.</Unicode>
                </TextEquiv>
            </TextLine>
            <TextLine id="r1l115" custom="readingOrder {index:114;}">
                <Coords points="548,3976 1492,3981 1492,3918 1406,3893 1341,3936 1179,3931 1122,3898 1065,3929 548,3937"/>
                <Baseline points="559,3969 605,3969 651,3970 697,3970 743,3970 789,3971 835,3971 881,3971 927,3971 973,3971 1020,3971 1066,3972 1112,3972 1158,3972 1204,3972 1250,3972 1296,3972 1342,3972 1388,3972 1434,3972 1481,3973"/>
                <TextEquiv>
                    <Unicode>Das Publikum spendete reichen Beifall. 4e.</Unicode>
                </TextEquiv>
            </TextLine>
            <TextEquiv>
                <Unicode>box 32/1
26.
Kondedie derWorteZykius
Ausschnitt aus:
vom: (#. M /110
Theater und Titeratur.
18. April.
„Komödie der Worte.
Taie (enet
Lustspieltheater, Gastspiel des Burgtheaters.
Man sah gestern die Gesichter jener Menschen
e 10
—
im Publikum, die in stillen Straßen wohnen und
nicht allzuost ins Theater gehen. Elwas Lehrer¬
Theater, Kunst und Literatur.
oder Lehrerinnenhaftes sprach aus ihren Bewegun¬
Budapest, 17. April.
gen und ihrem Ernste. Stille und tiefe Menschen,
(Gastspiel des Wiener Burgtheaters.) Mit
die eine Tradition hervorgelockt hat, Menschen die
Artur Schnitzlers „Komödie der Worte“ begann
ihre Lebensschätze für Generationen sparen und die
heute das Wiener Burgtheater sein auf fünf Abende
berechnetes Gastspiel. Wir haben nach der Wiener Premiere
mit ihren verborgenen Temperamenten und un¬
an dieser Stelle einen ausführlichen Bericht über die drei
behobenen Talenten durch Abstinenz der Genüsse
Einakter dieses Wiener Dichters gebracht, der sich in unserer
des Lebens nicht abgeblaßt sind.
Stadt von jeher einer besonderen, man möchte beinahe sagen
familiären Volkstümlichkeit erfreut, obgleich unsere eigenen
Ueberhaupt, das Publikum war gestern außer¬
Theater seine Werke eigentlich unverhältnismäßig wenig
ordentlich interessant, ich mußte mich oft nach links
spielen. In allen drei Stücken sind es die Probleme der Ehe
und rechts wenden, um in die Reihen zu spähen
und der Lüge, die Schnitzler aufwirft, und wer weiß, ob die
beiden für ihn nicht ein einziges Problem sind. Es sind Komö¬
.. denn man gab Schnitzler. Und es wird wohl mit
dien der Eheirrungen, und selbst die erste, „Die Stunde
ihm so sein, wie mit den Erntvaumen eine Woche
[der Erkenntnis“ mit ihrem tragischen Akzent, wirkt in
gewissem Sinne, vielleicht ungewollt, komödienhaft durch das
nach Weihnachten. Dann hängen nur noch die Nüsse
ungelöste Wirrnis, die Rösselsprünge von Wahrheit und Lüge,
darauf..
in deren Mitte die Handelnden einander zum Schluß yöllig,
Man weiß es nun auch schon in Budapest,
aber unserem Empfinden nach nicht notwendigerweise, ver¬
fehlen. Dieser Dr. Eckold, der die Rache an seiner Frau zehn
daß das Verhälnis Burgtheater und Denisches
Jahre lang aufspart, ohne sich etwas merken zu lassen, ist ein
Theater sich in der Gegenüberstellung von Tra¬
Uebermensch oder ein Teufel, aber keinesfalls etwas Denk¬
ditionen und Stil ausbrückt. Ja, man ist sogar
bares. Diese Frau Klara, die die Wahrheit verbeißt, weil auch sie
Rache üben will, ist das Opfer einer tragischen Anwandlung des
darauf gekommen, daß es sich nach dem zweiten
Dichters, der sie in vorgefaßter Absicht zum Untergang ver¬
Einakter schickt, in der Pansevon Bahrs „Konzert“ zu
dammt. Unsere Ueberzeugung geht hier nur schwer mit. Die
sprechen. Doch lassen wir dies! Schnitzler und Burg¬
Vorstellung hatte auch nicht genug Vehemenz, um uns zu
überzeugen, und war auf einen etwas grauen Ton gestimmt.
theater sind sich vielleicht gegenseitig ein Schicksal.
Harry Walden gab den unglaubwürdigen Doktor mit
Und die „Komödic der Worte“ ist eben ein Burg¬
Schärfe und Mäßigung; die Rolle ist undankbar, ließ aber
theaterstück. Das wird man später nicht einmal
doch den überlegenen Künstler erkennen. Um die beiden
anderen Rollen mühten sich Maria Mayen und Herr
leugnen können...
Skoda. — Das zweite Stück, „Die große Tzene“,
Drei Komödien der Eheirrungen, die erste, die
gibt sich frischer, zufahrender, mehr auf kräftige Wirkungen
„Stunde der Erkenntnis.“ Oder von allem gerade
bedacht, und rührt dabei im Grunde tiefere Probleme auf als
das der Treue im hergebrachten Sinn. Der Mensch, der
dies nicht. Sondern eine Wirrnis von Wahrheit und
„spielt“ (hier verkörpert ihn augenfällig der Schauspieler) und
Lüge, der die Handelden nicht mehr entrinnen kön¬
der Mensch, der erlebt, und ihr Kampf miteinander: all dies
neu. Harry Walden gab den Dr. Eckhold. Die Un¬
flimmert um die Paraderolle des Schauspielers Herbot, den
Harry Waiden sprühend, mit Anmut und Virtuosität ver¬
möglichkeiten dieser ins Uebermenschliche verbitter¬
körperte. Innig und herb zugleich war Lotte Medelsky,
ten Existenz versuchte Walden ins Mögliche zu
bärenhaft sympathisch Herr Tiedtke als Theaterdirektor,
meistern. Und es war erfreulich, wie weit er es
und in lleinen Rollen Fräuiein Kutschera und Herr
Frank sympathisch. Das beste der drei Stücke, und zwar
darin mit den Fähigkeiten seines Küstlertums
prächtig gerundet, durchleuchtet von weisem Humor und einer
brachte.
Philosophie, die aller Schwere entkleidet scheint, ist „Das
Der zweite Einakter „Die große Szene.“ So#
Bacchusfest“. Harry Walden, Susanne v. Osten, Eugen
groß, daß Schnitzler ganz klein wird. Harry Wal¬
Frank, nicht zu vergessen in einer ganz kleinen Rolle Herrn
Strebinger, verhalfen der graziösen Komödie zu ver¬
den als Schauspieler Herbot suchte die Unhaltbar¬
dientem Erfolg, an dem es übrigens auch nach den beiden
keit dieser Person mit Humor und Anmut zu über¬
anderen Stücken, der prächtigen Leistung Herrn Waldens im
spielen. Sehr fein in ihrer herben Zurückhaltung
„ zweiten zumal, nicht gefehlt hatte.
— In der morgen. Dienstaa, im Lustspieltheater¬
war Lotte Medelsky, Herr Tiedtke als Theater¬
direktor ungemein erquickend.
„Das Bachusfest“ ist der letzte Einakter.
Harry Walden, Susanne von Osten, Engen Stre¬
binger leisteten ihr Bestes.
Das Publikum spendete reichen Beifall. 4e.</Unicode>
            </TextEquiv>
        </TextRegion>
    </Page>
</PcGts>
