3344 4320
2000 172 2540 278 box 32/1
229 218 1946 285 26.1. Konoedie der worte zuklus
571 805 1526 885 Das Blut singt in diesem merkwürdigen Drama.
1551 832 2598 905 den toten Vater an ihm zu rächen, jagt sie ihr eigen
499 844 1532 917 Das Nachtleben der Seele wird aufgedeckt: wir sehen
1544 881 2599 949 Kind im Hemd mit bloßen Füßen in den Schnee der
488 909 1533 965 die schlummernde nackt vor uns wie ein neugeborenes
1553 921 2610 988 Winternacht hinaus. Gerade wie sie nachher nur,
486 953 1531 1022 Kind, das uns plötzlich das Geheimnis der Zeugung
1552 972 2624 1023 um den Geliebten vor dem tötlichen Stoße des Knaben
488 996 1533 1066 zu lallen beginnt. Zwei heiße Frauenaugen zaubern
1543 1009 2603 1079 zu schützen, dem eigenen Sohn den Degen in den Leib
494 1042 1528 1107 Gatten= und Kindesmord, und zwei unschuldige
1551 1062 2600 1104 rennt. So wird sie, wider Willen und doch getrieben
494 1068 1541 1152 Kinderaugen, aus denen uns ein Toter anstarrt, sind
1549 1102 2596 1167 von dem Blute, das in ihr singt, zur Gatten= und
485 1126 1533 1184 die Nächer. Die verzehrende Glut, die der vergiftende
1546 1147 2589 1211 Kindesmörderin und zwingt schließlich, um ihr grauses
495 1174 1531 1243 Kuß der limusiner Dirne entzündet hat, wird von
1541 1180 2588 1246 Werk zu krönen, den Geliebten, um dessentwillen sie
483 1220 1526 1284 dem blutschänderischen Eishauch auf des Kindes Lippe
1552 1226 2595 1277 dies alles tun mußte, angesichts der beiden Kinder¬
485 1261 1533 1315 ausgelöscht. Aber das alles nur, damit das Ver¬
1538 1275 2596 1354 leichen, den sicheren Tod im Auge, mit ihr das Braut¬
485 1315 1538 1374 hängnis gegen den bewußten Willen aller Beteiligten
1540 1319 1915 1378 bett zu besteigen.
489 1350 1534 1418 seinen Lauf nehme. Denn der blinde Wille, der
1628 1362 2592 1415 Ich glaube kaum, daß dies Nachtstück aus dem
491 1388 1529 1455 im Blute singt und seine geheimen Fäden von einem
1547 1407 2597 1472 Wunderreiche der Menschenseele vom Publikum des
493 1433 1531 1502 Geschlecht zum andern fortspinnt, ist mächtiger als die
1551 1458 2600 1522 münchener Hoftheaters verstanden wurde. Wohl spürte
487 1482 1522 1551 armselige Klügelei der denkenden Menschen, die sich
1541 1501 2592 1564 jeder beim Anhören dieser markigen Verse, daß hier
488 1525 1524 1579 gegen ihn aufbäumen. Während sie ihn klug in
1550 1553 2591 1608 ein Dichter zu ihm rede. Ist doch jedes Wort hier Bild
488 1579 1531 1637 andere Bahnen zu lenken meinen, erfüllen sie gerade
1540 1590 2599 1634 und dabei ganz in Licht und Luft getaucht, strotzend
490 1606 1531 1681 ihr vorausbestimmtes Geschick. Wer denkt dabei nicht
1534 1631 2596 1694 vor Farbe und doch flackernd im Wechsel der Stim¬
480 1668 1518 1710 an Oedipus, der, von Apollos Orakel vor dem be¬
1547 1676 2601 1743 mung. Aber die wundersamen Fäden, die sich in diesen
481 1693 1530 1750 vorstehenden Vatermorde gewarnt, Korinth den
1539 1709 2582 1783 kunstvollen Seelengeweben zwischen Eltern und Kindern
487 1737 1528 1807 Rücken wendet, um im Engpasse an der böotischen
1541 1764 2588 1825 hin= und herüberspinnen, konnte das Publikum beim
488 1789 1518 1843 Grenze in dem unbekannten Manne den Vater zu
1541 1810 2582 1867 ersten Anhören der Dichterworte kaum entwirren. Und
468 1835 1523 1896 erschlagen? Also endlich wieder einmal eine Tra¬
1529 1848 2587 1918 der Traumwirklichkeit der dramatischen Vorgänge stand
481 1873 1513 1942 gödie, in der das unerbittliche Schicksal den mensch¬
1530 1893 2579 1962 es zunächst befremdet gegenüber. Das zeigte be¬
482 1920 1517 1985 lichen Willen höhnt. Aber nicht als verhängnisvolles
1536 1933 2577 1987 sonders die erlahmende Anteilnahme bei der großen
489 1961 1512 2024 Messer oder als 24. Februar oder sonstiger Wahr¬
1546 1984 2582 2034 Somnambulenszene des zweiten Aktes, wo Mutter¬
478 2004 1516 2060 sager=Hokuspokus, mit dem Zacharias Werner und
1541 2020 2584 2093 liebe, Eifersucht und Angst um den Geliehten solange
486 2052 1514 2119 Müllner die Orakelsprüche der griechischen Tragödie
1534 2071 2583 2143 an der gepeinigten Frauenseele zerren, bis der voll¬
474 2097 1529 2144 nachäfften, sondern als der blinde Wille, der in
1533 2114 2582 2183 endete Kindermord unsern Atem stocken lassen sollte.
474 2139 1519 2209 unserem Blute singt — eine geheimnisvolle Macht,
1533 2152 2577 2237 Freilich hatte auch die ganz unzulängliche Darstellung,
478 2184 1518 2266 die uns wie ein fremder Wille lenkt und die wir doch
1530 2206 2276 2269 vor allem hio nasm um Cend,
480 2225 1426 2285 wieder selber sind. So stellt sich uns denn Dül'
1435 2253 1896 2329 Ausschnittraust
468 2272 1414 2336 Seelenbeschwörung als ein von innen geschauter
1712 2266 2475 2352 Das Litterarische Echo, Berim
479 2313 1416 2373 winismus dar, der dem Geheimnis des Lebens 1
464 2362 1413 2402 den Kulissen der Erscheinung nachspürt, und
1830 2346 1983 2414 915
1701 2351 1820 2414 11.
1458 2343 1710 2455 vom: 15.
478 2396 1423 2468 Dichtung als eine Wiedergeburt der Romantil
475 2435 1184 2503 dem Geiste moderner Psychophysik.
545 2476 1424 2552 Noch einmal: Das Blut singt in dieser Dich
469 2518 1432 2596 Dem kühlen nordländischen Gatten graut es vor
471 2580 1430 2640 gierigen Kusse der eben vom Kindbett erstan!
470 2628 1421 2683 Südländerin, die die Mutter seiner Kinder ist
477 2658 1415 2731 will sie verstoßen und als Dirne auf die S
469 2709 1425 2769 jagen, damit sie sich austobe und nicht seiner K
461 2744 1428 2817 Herz vergifte. Aber sie bleibt bei ihm, wiewohle
468 2792 1425 2860 ihr für immer versagt. Und nun springt die zur
470 2835 1415 2891 staute Sinnlichkeit nächtlich auf wie ein Tier.
463 2883 1423 2945 Nachtmahr fliegt die heiße Seele, den starren Ki¬
460 2928 1429 2991 auf liebeleerem Ehelager zurücklassend, ins Dunkel
465 2959 1429 3022 aus und sucht ihr Opfer. Und wie sie es geful
468 3001 1508 3079 lenken ihre Augen beim Turnier von ferner Trivune
458 3051 1499 3126 die Lanze des jungen Ritters, den sie erkoren, gegen
464 3097 1501 3166 die wehrlose Brust des Gatten und zwingen den Un¬
467 3140 1497 3209 schuldigen zu feigem Mord. Aber wohlverstanden:
453 3184 1510 3251 ihr Wille war nicht dieser Mord, sondern das rote
463 3221 1510 3299 Leben des andern. Gerade wie sie später blutenden
1648 3247 2509 3342 schö der Bahnen
469 3268 1515 3342 Herzens auf den andern, den ihr Gatte zum Vormund
456 3321 1510 3388 seiner Kinder bestellt hat, verzichten und ihre Tochter
1940 3331 2133 3414 Wien
460 3357 1509 3428 mit dem Geliebten vermählen will, um dem Toten
466 3394 1507 3473 den freiwillig geleisteten Treuschwur zu halten. Aber
1596 3417 2486 3473 „Komödie der Worte.“ Drei Einakter von Arthur
1593 3457 2491 3502 Schnitzler. (Uraufführung im Hofburgtheater am 12. Ok¬
462 3447 1503 3511 etwas in ihr, das mächtiger ist als ihr bewußter
1705 3484 2353 3556 Buchausgabe: S. Fischer.)
462 3488 1498 3544 Wille, zwingt sie, die traumwandelnde Unschuld, der
453 3534 1502 3590 der sterbende Vater den Vampirkuß der Rache auf
1542 3532 2564 3604 J orte lügen!“ sagt klipp und klar die Heldin des
1514 3563 2561 3643 „4 ersten Stückes. Das einzige Mittel, das dem
456 3578 1488 3651 die Lippen gedrückt hat, um ihr Geheimnis zu be¬
1666 3618 2562 3676 Menschen zur Offenbarung seiner Ideen und
459 3614 1497 3690 fragen, und als sie schaudernd erfährt, daß die Braut
1510 3655 2550 3723 Empfindungen gegeben, es verbirgt sie, es verdunkelt
464 3665 1492 3747 den Bräutigam in der Brautnacht morden will, um
1513 3694 2560 3774 Tatsachen, es verwischt Persönlichkeiten; wenn Grillparzer,
492 4069 1496 4141 Stoff der Welt, kein Genügen gibt, wenn es vom Ewigen
490 4134 1452 4177 losgerissen ist, ist bisher nicht nur unerfüllt gebliebe
2518 3279 2575 3351 —
