3344 4352
2218 145 2309 199 ——
2111 197 2609 295 box 32/3
1265 208 1322 277 N
296 205 2009 284 26.1. Konoedie der-orte—Zyklus
1185 1074 2526 1138 Schauspielers Konrad Herbot ihre kleine, harmlose Spezialgeschichte,
1172 1126 2523 1168 verschleppend und zwiefach entbehrlich. Oder kann Er nicht wirklich for¬
1177 1171 2520 1220 dern, den Löwen auch noch zu spielen? Er: das ist Delobelle, Hjalmar
1175 1212 2531 1261 Ekdal, Krasinski, Micawber, Kean — bis zu Polgars sterbendem
1187 1260 2515 1322 Talma die ganze Reihe der Gaukler, Kunsthalbmenschen und Halb¬
1177 1303 2524 1363 kunstmenschen, Bühnen= und Lebenskomödianten, denen sich Schein und
1185 1347 2522 1394 Sein, Wahrheit und Lüge, Betrug und Selbstbetrug unentwirrbar ver¬
1178 1376 2527 1435 knäult. Ihre Großartigkeit ist verlogen und ihre Verlogenheit groß¬
1178 1431 2531 1480 artig. Jeder Alltags=Zusammenstoß wird ihnen zum Solo=Auftritt
1182 1485 2529 1528 und dadurch romantisch. Ihr Gesicht ist ihre Maske: wer unter dieser
1177 1534 2531 1592 Maske das Gesicht zu greifen sucht, greift nichts. Die Perücke ist
1188 1572 2529 1624 das angewachsene Haar und das Trikot die Haut. Sie müßte schon
1189 1624 2526 1679 in neuen Farben schillern, um für uns von Neiz zu sein. Schnitzler
1188 1659 2529 1715 findet keine einzige neue Farbe, fügt zu dem vertrauten Bilde keinen
1182 1715 2506 1768 eigenen Zug. Höchstens, daß sein Mime ein außergewöhnlich un¬
1190 1744 2530 1804 appetitliches Exemplar der Gattung ist. Er hat eine Braut verführt
1184 1795 2529 1860 und entwischt dem Bräutigam — dank seiner Suada? Durch eine
1190 1841 2526 1891 Komödie der Worte? Daß das möglich ist, wollte Schnitzler ja wohl
1193 1888 2531 1932 beweisen. Aber diese Worte, die den Sprecher selbst berauschen, wür¬
1188 1926 2531 1998 den auf den Bräutigam niemals Eindruck machen, wenn nicht ein
1182 1978 2520 2022 sorglich gefälschter Brief zu Hilfe käme. Für einen Dialektiker wie
1185 2020 2523 2079 Schnitzler kein genügend feines Mittel. Späße des Lokals und Ate¬
1182 2068 2520 2121 liers drücken das Niveau noch weiter. Hätte die Farce nicht einen so
1181 2109 2530 2163 robusten Theaterschmiß: ich würde sie dem sanften Auernheimer in
1180 2158 1602 2216 die Schuhe schieben.
1256 2197 2518 2248 Drittens: „Das Bacchusfest. Stammt das auch nicht von Auern¬
1187 2243 2528 2308 heimer? Dann ist es ein Zufall. Der skeptische Schnitzler beansprucht
1195 2290 2525 2342 sicherlich selber nicht, daß man seiner jungen Dichtersfrau den Ver¬
1126 2339 2522 2410 — such glaubt, nach fünfjähriger Ehe und sechswöchiger Trennung von
1180 2377 2523 2426 ihrem klugen und lebenstüchtigen Gefährten zu einem unschönen Blö¬
1180 2426 2514 2469 dian überzugehen; daß man diesem Situationsbeherrscher von Dichters¬
1185 2483 2525 2531 mann den Wortschwall zutraut, den er aufwendet, um sein Eigentum
1187 2518 2519 2561 wieder an sich zu bringen. Ein Blick auf das Ferienpaar, eine Ohr¬
1187 2560 2515 2614 feige, und die deutsche Literatur ist um eine Plauderei ärmer. Schade.
1187 2609 2519 2660 Grade jetzt richtet Schnitzler seine Abfälle so adrett her, daß sie nicht
1184 2660 2531 2708 für jedes Auge als Abfälle kenntlich werden. Im Frieden schrieb er
1192 2689 2513 2742 Kriegsstücke, eins, zwei, zweieinhalb; im Krieg schreibt er Friedens¬
1181 2744 2522 2786 stücke, die allenfalls für eine faule Friedenszeit taugen. Wer denn soll
1182 2789 2527 2840 das heute aushalten: dies zärtliche Wichtiggetue mit Wurmstichigkeiten,
1188 2833 2520 2881 dies marklos geistreichelnde Metiergeschwätz, diese Parfümierung von
1179 2876 2516 2921 erfundenen und durchaus nicht immer gut erfundenen Stichwort¬
1190 2921 2518 2972 trägern? Als Schnitzler mit Schwermut auf seine Welt sah, blieb
1190 2963 2530 3018 man selten unbewegt. Hier bringt ers, wo er nicht gelassen duldet,
1182 3011 2518 3066 nur zu einer billigen Ironie, die als hochmütig verletzt, weil der Iro¬
1188 3055 2522 3116 niker sich nicht selbst davor feit, ironisch betrachtet zu werden. Was
1189 3094 2517 3145 ist der schmerzlich lächelnde Poet im Kriegsjahr 1915? Ein Rollen¬
1191 3146 2530 3193 lieferant. Zu seinem großen Glück: für Bassermann. Ihm, der sich
1190 3185 2531 3244 wieder einmal schrankenlos verschwendet, mag es Schnitzler danken,
1178 3233 2535 3281 daß im Theater beinah niemand sich besann, in welcher Zeit wir leben.
1183 3324 1298 3393 392
2939 4085 3147 4178 —
