3344 4352
2058 183 2502 270 box 32/8
187 194 1900 295 26 1 Konoedie der Norte zyklus
1815 738 2716 836 CAIINOS IN OSTERREICH
1931 812 2603 873 BadenSalzburg Semmering
1814 865 2698 920 Roulette — Baccara — Chemin de fer
1829 929 2694 980 Osterreichische Casino A. G.
1830 960 2702 1028 Wien III, Schwarzenbergplatz 5a
2295 1044 2679 1151 „GRATIS
1813 1074 2304 1163 JOBSERVER“
444 1122 1329 1215 CASINOS IN ÖSTERREICH
2062 1148 2704 1207 I. österr. behördlich konzessioniertes
2060 1196 2701 1248 Unternehmen für Zeitungs-Ausschnitte
545 1187 1229 1261 Baden Salzburg Semmering
2059 1239 2698 1280 Wien I, Wollzeile 11, Telephon R-23-0-43
449 1229 1326 1298 Roulette — Baccara — Chemin de fer
453 1289 1319 1379 Österreichische Casino A. G.
449 1345 1331 1416 Wien III, Schwarzenbergplatz 5a
1807 1373 2194 1466 Ausschnitt aus:
2181 1430 2744 1568 auhe Pfole Pbose, Wiet
444 1462 956 1559 „ORSERVER“
696 1527 1336 1598 I. österr. behördlich konzessioniertes
696 1573 1329 1635 Unternehmen für Zeitungs-Ausschnitte
2125 1517 2596 1644 17. SEP. 935
699 1612 1326 1659 Wien I, Wollzeile 11, Telephon R-23-0-43
1811 1601 2021 1672 vom:
873 1704 1203 1799 Freiheit.
1695 1711 2779 1815 Neues aus dem Burgtheater.
464 1787 828 1867 Ausschnitt aus:
1725 1795 2825 1869 Werner Krauß, der vertraglich verpflichtet ist, vier Monate
1650 1840 2822 1908 in jeder Spielzeit am Burgtheater zu wirken, bleibt bis Ende
1646 1863 2832 1964 Oktober in Wien, da er noch einen Teil seiner vorjährigen Ver¬
766 1889 1242 2000 10. 0KT. 1035
1647 1925 2819 2007 pflichtung nachzuholen hat. Im März kehrt er wieder an das
1639 1953 2833 2038 Burgtheater zurück. Im Winter wirkt er am Staatlichen Schau¬
483 2014 630 2086 vom:
1645 2009 2815 2098 spielhaus in Berlin und wird dort unter anderm in Ibsens „Die
1642 2053 2830 2136 Kronprätendenten“ den Jearl Skule spielen. — Hermann Thimig;
1886 2100 1955 2132 7•5
1645 2093 2819 2163 nimmt seine Tätigkeit am 1. Oktober am Burgtheater, für das
727 2114 1129 2186 Akademietheater.
1641 2130 2817 2222 er auf sieben Monate verpflichtet ist, wieder auf. Das Goldoni¬
520 2157 1379 2252 Man gibt wieder einmal Schnitzler.
1646 2183 2818 2277 Lustspiel „Der Lügner“ in dem er die Titelrolle darstellt, ist
1642 2227 2397 2289 bisher in Wien noch nie gespielt worden.
489 2223 1377 2303 Die „Komödie der Worte“ Auf¬
483 2271 1374 2329 Pregend sind ja die Probleme in der heutigen
1714 2276 2819 2352 Hedwig Bleibtreu, die eine Hauptrolle in Molnars
485 2310 1384 2392 Zeit gerade nicht. Unsere Nerven brauchen
1643 2338 2811 2400 „Schwan“ spielt, wird im Spätherbst in Paillerons Lustspiel „Die
493 2362 1378 2431 schon ärgere Stöße, um aus dem Gleich¬
1634 2373 2807 2450 Welt, in der man sich langweilt“ die bisher von Frau Wilbrandt
1642 2405 2425 2484 dargestellte Figur der Herzogin verkörpern.
489 2397 1383 2474 gewicht gebracht zu werden. Trotzdem ist
491 2453 1378 2517 Schnitzler noch lange nicht überholt. Das
1722 2466 2791 2535 Der Zyklus „Stimmen der Völker im Drama“
491 2497 1378 2570 hat diese Aufführung wieder gezeigt. Nicht
1643 2502 2807 2580 wird Ende Oktober mit Calderon als dem Vertreter Spaniens
1640 2543 1844 2605 fortgesetzt.
485 2528 1387 2607 alle drei Einakter sind gleich wirkungsvoll,
1842 2555 2803 2606 Zur Aufführung gelangt „Der standhafte
492 2583 1384 2651 in der Szenen= und Dialogführung sind sie
1629 2584 2808 2681 Prinz“ Regie: Direktor Röbbeling. Bühneneinrichtung:
1627 2630 2563 2701 Dr. Josef Gregor. Titelrolle: Raoul Aslan.
493 2631 1378 2710 blendend. Am lebendigsten ist auch heute
497 2681 1382 2752 noch „Die große Szene“, etwas ver¬
1718 2678 2805 2742 Anfang Oktober wird im Akademietheater Arthur Schnitzlers
495 2727 1380 2797 altet „Stunde des Erkennens" und
1646 2717 2809 2795 Einakterzyklus „Komödie der Worte in einer von Höftat
486 2777 1384 2847 „Bacchusfest" Ewald Balser bewährte
1639 2766 2795 2850 Herterich durchgeführten Neuinszenierung wieder im Spiel¬
499 2828 1386 2879 sich wieder als vielseitiger Könner, Auguste
1647 2857 2821 2948 plan erscheinen. Die Premiere dieser Stücke fand am 12. Oktober
504 2861 1397 2929 Pünkösdy ist von packender Innerlich¬
1657 2904 2817 2978 1915 im Burgtheater statt. Die drei männlichen Hauptrollen hat
492 2923 863 2999 keit des Spieles.
1646 2950 2823 3020 damals Harry Walden und später am Volkstheater Albert Basser¬
1646 2994 2814 3055 mann gespielt. Nun sind sie mit Ewald Balser besetzt. Seine
1656 3030 2816 3105 Partner sind in der „Stunde des Erkennens“ Else Wohl¬
1656 3084 2818 3143 gemuth und Franz Hölbling, in „Große Szene“ Maria
1647 3117 2815 3199 Mayen und Fred Liewehr, in „Das Bacchusfest“ Hilde
1641 3154 2811 3223 Wagener und Ulrich Bettac. Vorher, und zwar am
1651 3203 2811 3274 1. Oktober, wird im Akademietheater das Lustspiel „Zwischen
1651 3247 2815 3325 Zwanzig und Fünfzig“ von Ulrich Liebel zur Auf¬
1643 3290 1982 3350 führung gebracht.
1721 3323 2817 3411 Das neue Mitglied des Burgtheaters, Inge Leddihn, die
1648 3374 2816 3446 vom Grazer Stadttheater kommt und seinerzeit bei der Prüfung
1638 3422 2821 3484 durch den Ring der Bühnenkünstler zurückgestellt worden ist, hat:
1635 3467 2809 3531 bereits Freitag und Sonntag im Akademietheater im Lustspiel
1635 3509 2816 3587 „Die große Leidenschaft“ debütiert und die von Maria Kramer
1626 3543 2111 3619 kreiprke Rolle dargestellt.
