3344 4320
212 146 492 244 26.1
2075 121 2544 217 box 32/3
494 135 1932 239 Konoedie der-orte—Zykius
2595 1495 3307 1555 Zimmer, knipsen von außen das ele
1517 1499 2573 1561 Und weil sie einen Ehebruch, von seinem liebenden
351 1504 1448 1566 So reden beleidigte Gemahle nicht. Ein sicherer
2605 1544 3303 1601 der Vorhang fällt. Und dies ist der
1485 1546 2580 1609 Vertrauen ungehindert, vermutlich begehen könnte, be¬
353 1558 1219 1635 Dumas schon eher. Und ich träume. ..
2607 1580 3306 1651 dramas, welches der den Nichtschal
1489 1606 2584 1663 geht sie ihn darum wirklich zwecks Bestrafung des
2613 1640 3305 1694 Schauspieler ausgibt, spielende H
1499 1644 2590 1711 Gatten, und zwar mit ihm selber, indem sie hierbei an
397 1648 1449 1723 Ich träume von einem Schauspiel, das Schnitzler (der
2610 1686 3313 1749 Vexierdrama eingelegten und hierin
1495 1699 2586 1759 einen anderen denkt, nämlich an ihren Mann, wie er
356 1696 1454 1758 heute dreiundfünfzig ist) mit achtzig Jahren, wenn er so
2616 1734 3295 1794 ten Vexierdrama gibt. Das Vex
1494 1749 2151 1817 wäre, wenn er umgekehrt wäre.
353 1742 1460 1830 bei der Stange bleibt, verfassen wird. Ich will es
2621 1776 3309 1842 stück, eine Traumspiegelkomi=Gödie
1521 1795 2578 1865 Der Gatte, beleidigt von diesem bewußten Hinterhalt,
360 1806 554 1866 prägen.
2615 1822 3316 1899 der Puppen der Puppen=Puppenstu
1492 1845 2587 1901 von dem gerichtlich unfaßbaren Treubruch, tötet im
398 1833 1462 1905 Held ist ein Schauspieler, der sich in einem Stück
2608 1879 3307 1958 titel „Liebe, Tod und Ausgerechnet
1494 1886 2578 1952 Duell nicht den wirklichen Geliebten der Dame, mit der
361 1897 1463 1952 allabendlich auf der Bühne für einen Schauspieler aus¬
1481 1935 2572 2001 er Ehebruch treibt, also der Frau seines langjährigen
356 1941 1452 1998 zugeben hat, ohne das zu sein. Also: ein Schauspieler,
1492 1987 2578 2038 Sozius, auch nicht deren platonischen Geliebten,
356 1990 1465 2038 der einen Nichtschauspieler, welcher den Schauspieler
2651 1976 3290 2081 Schnitzler ist bedeutend genug,
1490 2032 2577 2096 sondern einen, der es wegen schlechter Stimmung ein¬
367 2046 1465 2101 spielen möchte, zu spielen hat — und im Alltag nebenbei
2610 2053 2860 2113 vertragen.
1496 2085 2589 2139 mal bleiben ließ es zu werden, worin er nun in seiner
369 2100 1467 2147 Stücke, Vexierstücke, schreibt; wobei er zufällig in einem
2650 2068 3317 2164 Er schreibt seine Werke ja nicht b
1493 2129 2595 2205 Gereiztheit unbewußt eine ihm ausgedrückte Mißachtung
360 2144 1469 2197 unter der Feder befindlichen Schauspiel das Schauspiel
2605 2146 3278 2204 und mit Frische (was minder
1503 2181 1735 2243 empfindet.
364 2188 1464 2246 der eigenen Ehe, ohne es noch zu wissen, dichtet: bis
2612 2177 3308 2259 trotz allem als ein entschlossener Kön
1530 2203 2593 2285 Hiernach zwingt er kalt seine Frau zu fernerem ehe¬
371 2225 1467 2290 die Gattin, bevor es zu Ende geschrieben ist, in Wirklich¬
2611 2238 3305 2296 geschoben und gespitzt; auf die J=Tü
1491 2268 2595 2332 lichen Zusammenleben, wobei er, um sie zu täuschen,
372 2279 1466 2338 keit darunter den Schlußpunkt setzt, indem sie die Lö¬
2631 2284 3305 2353 sie fördern die Kenntnis von der S
1498 2323 2589 2382 nicht an die Küsse einer Dritten, sondern wirklich an
373 2335 1459 2388 sung, welche der Dichter nicht findet, durch einen Ehe¬
2664 2336 3316 2413 Sie suchen trotz allem die Eroh
1507 2363 2588 2434 ihre eigenen denkt — bis sie voll verletzter Frauenwürde
377 2384 1468 2441 bruch mit seinem alten Freunde, den sie haßt, nur des¬
2627 2381 2806 2458 Gräben.
1506 2420 1846 2486 dahinterkommt.
367 2420 1470 2474 halb vollzieht, um nicht durch die Hingabe an einen
2649 2412 3312 2497 Er hält manches Innerliche zum
1541 2456 2593 2524 Durch seine schofle Gedankensünde entheiligt, schreitet
370 2472 1475 2518 Anderen, den sie wirklich begehrt, in ihrem Selbstgefühl
2620 2480 3303 2549 schichte des Schauspiels fest. Er
1507 2506 2591 2572 sie nun erst zu einem wirklichen Ehebruch mit einem
374 2520 1094 2588 nachträglich erschüttert zu werden.
2627 2529 3322 2590 unsere Bühne — mit seinen Maro
1507 2559 2584 2620 ihr unsympathischen, sonst arglos glücklichen Kadetten,
424 2553 1467 2627 Ihr gegenüber wird (in dem Stück zum achtzigsten
2649 2574 3317 2636 Auch in der Kraft zu bauen, zu
1597 2594 2602 2659 — schon todgezeichnet — im Augenblicke der Tat
1503 2611 1610 2679 der -
385 2614 1476 2680 Geburtstag) als Parallelgestalt eine Freundin stehen,
2628 2622 3313 2689 Schluß des Mittelstücks, wenn der v#
1504 2668 2597 2730 von einem Dachziegel ereilt wird. Sie verläßt ihn rasch.
380 2665 1475 2712 die sich nichts vorzuwerfen hat, sondern bloß früher ein¬
2616 2668 3317 2741 im Hamletgewand erscheint. (Schal
1513 2712 2597 2766 Wie Schuppen fällt es ihr von den Wimpern. Sie rafft
378 2712 1471 2771 mal sich aus Zerstreutheit einem völlig Gleichgiltigen
2617 2709 3324 2780 Lügner keinen schlichten bürgerlich
1513 2753 2597 2810 ihre Röcke zusammen, tritt vor den Gemahl und sagt in
377 2751 1475 2829 seltsamerweise hingab, ihren Mann dabei keusch liebt,
3110 2765 3226 2851 VII.
1514 2799 2596 2861 ruhigen Worten, die Entfremdung zwischen ihnen klaffe
384 2809 1484 2863 auch von ihm innig wiedergeliebt wird. Erst des Gatten
2666 2823 3319 2904 Barnowskys Hand war lobens#
1502 2844 2602 2902 nun so tief, daß ein Auseinandergehn ausgeschlossen sei.
380 2852 1477 2935 Mangel an Argwohn bringt sie dann zu stillem Dulden,
1486 2888 3323 2969 Beide verlassen durch entgegengesetzte Türen das leere mangelnde Dämmung Bassermanns
372 2902 826 2975 zur beleidigten Wut.
2997 4018 3118 4105 S
