3344 4256
1219 162 1276 234 W
239 170 1962 275 26. 1. Koneediederorte—zyklus
1398 1445 1584 1526 Se ann
881 1500 2005 1558 Ehe enttäuschten Dr. Eckold. Die allzusehr nach Thhaler
878 1547 2002 1604 schmeckende Arzt=Maske, die er sich zurechtgemacht hatte
874 1593 2012 1648 (Kahlkopf, goldene Brille, langer, rotgrauer Bart und eine
882 1635 2008 1676 grüne Plastron =Halsbinde) störten anfangs. Aber doch
871 1653 1996 1715 brachte der Künster es fertig, uns über diese Aeußerlichkeit
885 1712 2000 1757 und die Unglaubhaftigkeit der Handiung hinaus hinter der
879 1742 1994 1798 Puppe den pulsierenden Herzschlag eines schwerkämpfenden,
866 1786 2002 1843 verbitterten Menschen fühlen zu lassen. Herr Klöpfer
876 1825 2005 1872 hatte die Rolle des Nebenbuhlers gut angelegt, nur sprach er
871 1872 2000 1922 viel zu leise. Frau Leiko, als Gattin des Arztes, suchte
870 1920 1999 1958 tastend in Sprechweise und Spiel sich dem Gaste anzupassen.
867 1943 2002 1997 In der „Großen Szene“ ließ Herr Bassermann sein Tempera¬
866 1983 2004 2040 ment rasen und stürmen. Als Schauspieler Herbot, bei dem
870 2021 1997 2066 Lüge und Wahrheit, Schein und Leben hüpfend durcheinander.
868 2061 1999 2111 quirlen, bot er eine jugendliche, mitreißende Leistung. Man
872 2099 2003 2141 hätte ihm nur gerne in manchen Augenblicken ein Quentchen
870 2150 2003 2192 mehr Kean=Matkowskysche Erhabenheit und eine Unze we¬
881 2180 2000 2223 niger Percy=Bassermannsches Rasen angewünscht. Frau
880 2213 2004 2265 Bassermann nahm die Sache zu schwerblütig und tragisch,
870 2244 2013 2310 Ihre Künstlers=Gattin hätte ruhig ein bissel weanerischer
878 2298 2016 2359 sein dürfen. Im „Bacchusfest“, in dem der Gast den Schrift¬
878 2332 2016 2379 steller Staufner spielte, gab er des Abends Bestes. Da war
871 2381 2009 2432 alles wohldurchdacht und ausgeglichen. Jedes Wort saß, jede
879 2420 2005 2467 Bewegung und Geste war überzeugend. Frl. Fuchs stand
879 2451 2022 2508 ihm angemessen zur Seite, Herr v. Möllenorf sollte die
881 2489 1998 2548 Rolle des armen, gutmütigen Dr. Wernig doch lieber nicht so
877 2525 1950 2588 sehr ins Possenhafte hinübergleiten lassen, wie er es tat D
876 2570 2009 2629 Zuhörer, die nach dem ersten Stück mit dem Beifall gezögert
870 2615 2009 2667 hatten, gaben nach der „Großen Szene“ und am Schluß um
869 2645 2004 2695 so stärker ihrer Verehrung für das Künstlerpaar Ausdruck.
941 2692 2018 2749 Mundartliche Spiele haben fast immen an ihrer Heimat¬
878 2736 2012 2790 stätte einen Theater=Erfolg Denn bei dieser Art von Dra¬
880 2773 2009 2828 matik kommt es weniger auf eine straff geführte Handlung
882 2812 2020 2854 und eine künstlerische Gestaltung an, als auf ein gutgemes¬
879 2853 2020 2905 senes Quantum von Lokal=Humor und heimischen Sprachderv¬
878 2889 2023 2940 heiten, das ihr beigemischt ist. Adolf Stoltzes Stück in
884 2932 1835 2991 Frankfurter Mundart: „Gelegenheit macht
883 2967 2019 3027 Liebe“ das gestern hier seine Uraufführung erlebte, hat
881 3012 2021 3056 diesen erdgeborenen Humor und diese beimatliche Laune; es
875 3051 2009 3105 hat aber noch mehr: einen auf den letzten Akt hin geschickt
161 3046 620 3149 nkfurter Zeitung
877 3087 2010 3138 gegliederten Aufbau und eine richtiggehende Schwank=Hand¬
879 3127 2020 3179 lung, bei der sogar der letzte Akt (entgegen allen Gepflogen¬
153 3123 582 3218 Frankut. a.
878 3166 2014 3215 #heiten der heiteren Stücke) noch eine Steigerung der Span¬
737 3177 822 3250 10.
889 3206 2016 3248 nuna bringt. Daß die Sache am Schluß ein wenig ins Sen¬
140 3253 2020 3293 Neues Theater.] Arthar Schul#l##e gerät, tut dem Ganzen keinen Abbruch. Das ge¬
898 3285 2006 3336 hört dazu. Denn der Rentier Krimmler, der als schon recht
264 3285 866 3344 gibt dem Zuhörer nur das,
886 3323 2008 3374 bejahrter Witwer sich entschließt, noch einmal zu heiraten,
151 3342 863 3384 ktschuldigung klingende Titel verspricht:
900 3359 2012 3414 ist trotz seiner äußeren Raubeinigkeit sentimental. Er ge¬
158 3362 879 3428 berpsychologische Bühnenpuppen suchen
898 3398 2024 3452 rät an eine ihm gegenüber wohnende Artistin und heiratet sie
153 3408 879 3473 es Lebens durch den leichteren Streit
900 3444 2015 3489 vom Fleck weg, ohne sich nach ihrer Familie und ihrer Her¬
182 3448 875 3506 Sie reden, anstatt zu handeln. Und
897 3476 2028 3527 kunft zu erkundigen. Durch diese Heirat verfeindet er sich mit
155 3482 881 3551 kklingen, unser Herz bleibt leer. Dem
901 3520 2020 3574 seiner ganzen Sippschaft. Seine junge Frau stürzt ihn in
159 3530 879 3587 set die Komödie ungleich mehr: drei
895 3553 2012 3620 große Ausgaben und läßt sich von allen Seiten den Hof
171 3572 874 3617 auf einmal! Die mögen denn wohl
901 3592 2020 3649 machen. So ist ein Konflikt unvermeidlich, der denn auch
158 3604 882 3658 hssermann, der am Samstag mit
889 3637 2016 3696 kommt, als die Zirkus=Verwandten der ehemaligen Trapez¬
216 3644 882 3703 der drei Einakter sein Gastspiel
892 3669 2030 3724 Künstlerin anrücken. Die Komik dieser einzelnen Bilder ist
171 3689 883 3741 ben, an diesen neuen Schnitzler
903 3706 2034 3765 se drastisch, die Zeichnung der Figuren so sicher und Sprache
159 3714 883 3769 Her „Stunde des Erkennens“, dem
163 3769 2060 3827 Stücke, spielte er den von Beruf und I so echt „Frankforderisch“, daß die „hiesigen“ Zuhörer gerne 4
2102 155 2560 248 box 32/3
2845 1421 2999 1509 Sn
2195 1426 2680 1515 asen n
2032 1499 3165 1552 mitgingen und nach den Aktschlüssen den Verfasser mehrmals
2515 1549 3164 1605 — Das Neue Theater hatte alle
2028 1545 2523 1602 vor den Vorhang riefen.
2021 1583 3159 1632 seine des Dialektes mächtigen Mitglieder aufgeboten und
2026 1616 3171 1671 lrachte, unter der trefflichen Führung des Herrn Rei¬
2027 1662 3165 1718 mann, eine wirksame Aufführung zu Stande. Den Ren¬
2017 1699 3165 1755 tier gab Heur Grüning mit derbem, trockenen Humor,
2022 1740 3179 1791 der Artistin Lora lieh Frl. Friese Eleganz und Grazie..
2021 1787 3147 1833 Frl. Tillmann, Frl. Korb und Herr Lobe „babbelten“
2030 1831 3154 1871 wie ihnen der „Schnamwel“ gewachsen war — und der war
2022 1865 3162 1913 echt „Frankforderisch“. Erwähnt seien noch Herr Schwartze,
2028 1897 3163 1960 als famoser, kiebitzender Hausfreund. in kleineren Rollen die
2962 1933 3128 1998 W. U.
2022 1940 2907 2007 Herren Rainer, Laskowski und Hille.
2084 1974 3162 2044 = [Frankfurter Opernhaus.] Die Vorstellung des
2025 2022 3161 2086 „Rigoletto“ am Sonntag hat uns mit einer Darstellung
2033 2074 3155 2123 der Titelrolle bekannt gemacht, wie sie auch auf namhaften
2031 2110 3167 2163 Bühnen nicht zu den alltäglichen Ereignissen gerechnet werden
2032 2140 3187 2205 kann. Der Kunstler, den uns die Berliner Hofoper für zwei
2035 2194 3171 2246 Abende hergeliehen hat, Herr Josef Schwarz, weiß schon
2025 2225 3175 2294 für die äußerliche Erscheinung von Verdis tragischem Narren
2032 2267 3152 2322 ein Bild von ungewöhnlich charakteristischer Ausprägung zu
2032 2310 3177 2366 schaffen, aber auch im übrigen geht seine Wiedergabe erheblich
2037 2352 3151 2410 über das Maß dessen hinaus, was man einer „Charakterfigur“
2035 2387 3168 2448 vom älteren Opernschlage schuldig zu sein glaubt. Der Ton¬
2025 2434 3166 2482 schöpfer solbst hat schon für die Gestalt mehr aufgewendet, als
2026 2478 3171 2527 die damalige Schablone verlangte; Herr Schwarz geht über
2023 2507 3157 2570 diesen Aufwand noch hinaus und baut das Bild des Narren
2033 2551 3171 2603 mit einem schauspielerischen Ernste aus, der dem Komponisten
2026 2593 3113 2649 kaum vorgeschwebt haben dürfte und auch im östummen“ d. !
2027 2613 3163 2679 von der Musik nicht weiter berührten Spiele zum gleichen
2029 2669 3165 2715 Ausdruck gelangt. Aber auch gesanglich kann der Gast die
2025 2706 3166 2755 Darstellung mit schönen und ungewöhnlich geschulten Mitteln
2037 2743 3173 2802 ausstatten; da, wo es am Platze ist, daß sich der Künstler völlig
2027 2785 3167 2844 der Musik, der Melodie hingeben darf, steht ihm besonders
2030 2826 3163 2883 für zarte Vortragsnüancen ungemein Schönes zur Verfügung;
2031 2865 3164 2918 an stärker dramatisch belebten Stellen weiß er öftere Parlando¬
2038 2905 3171 2956 Effekte anzubringen, ohne durch ihr indiskret starkes Auf¬
2024 2945 3176 2999 tragen der Musik zu nahe zu treten. Mit diesen Feinheiten
2031 2988 3171 3037 und Fertigkeiten kam denn ein Rigoletto zustande, der den
2023 3027 3172 3076 Besuchern der Vorstellung wohl zur Erbauung gereichen mußte
2023 3062 3168 3119 und nicht nur nach den Aktschlüssen, sondern mehrmals bei
2029 3110 3169 3151 offener Szene zu sehr regen Beifallskundgebungen führte. Von
2039 3140 3170 3194 unseren hiesigen Kräften ward übrigens ebenfalls verdienstvoll
2041 3185 3165 3237 für das Werk mitgearbeitet; das gilt in erster Linie für die
2033 3200 3169 3271 von Frl. Heim gegebene Tochter Rigolettos und für die
2037 3252 3178 3318 Leistungen der Herren Hutt und Schneider, kann aber
2032 3289 3174 3355 auch mehrfach auf das unter Herrn Lerts Leitung spielende
2032 3345 3166 3397 Orchester bezogen werden, welches z. B. für die Einleitung
2030 3367 3159 3438 noch eiwas mehr auszugeben vermocht, als das übliche, nur
2969 3417 3146 3471 H. Pl.
2043 3421 2724 3485 nach außen schütternde Opernpathos.
2094 3461 3171 3523 = [Ans den Krankfurter Theatern.] Die Direktion
2042 3502 3163 3564 des Neuen Theaters gibt bekannt, daß Hermann Bahr
2039 3553 3177 3611 am 16. ds., 11½ Uhr vormittags, einen Vortrag über
2039 3592 3187 3665 „Deutschland und Oesterreich“ halten wird.
2457 3638 2686 3717 —
