3344 4352
1625 181 1692 255 280
945 202 1256 313 X H. Andeis.
918 277 1486 357 Der neue Schnitzler.
1343 334 1381 368 320
1321 322 2333 393 wemäkter: Stunde des Erkennens; Große Szene;
948 338 1243 414 (Komödie#
1075 377 2329 429 Das Bacchusfest. Erstaufführung im Burgtheater am 12. Oktober 1915.)
1058 445 2336 492 Der neue Schnitzler ist auch der alte Schnitzler. Als dramatische
942 488 2330 547 Figuren erscheinen ein Arzt, ein Schauspieler, ein Schriftsteller.
941 539 2332 598 Damit ist die Luft, die Atmosphäre der Schnitzlerischen Männer¬
934 591 2336 637 welt ein für alle Male gegeben. Es sind Menschen, denen das
934 620 2340 701 Wort leicht wird, die viel und gern von sich aussagen und deren
940 667 2339 734 gescheite Anmerkungen zu den verworrenen Beziehungen des Lebens
942 738 2344 797 fast etwas Berufliches haben. Und es ist klar, daß Arzt, Schau¬
946 766 2345 835 spieler und Schriftsteller die Erotik erleben oder erleiden, die sich
950 823 2343 884 in der Ehe immer mit dem Auf= oder Untertauchen eines oder
946 860 2352 935 einer dritten ergibt — klar, weil es das Treibende, das Schöpferische
943 933 1422 995 der Schnitzlerwelt ist.
1064 954 2346 1047 Der neue Schnitzler ist auch der alte Schnitzler. Schein wird
948 1011 2340 1077 mit Sein vertauscht, verwechselt, mengt sich, krallt sich ineinander,
950 1080 2347 1119 daß keiner mehr am Ende erkennen kann, was Wahrheit ist.
955 1116 2346 1188 Daraus wurde schon Schnitzlers schönste Bühnendichtung, die vom
947 1156 2340 1224 „grünen Kakadu“ geboren, die seine ganze elegische zwischenlicht¬
949 1213 2349 1285 artige Kunst in einem Akt zusammenpreßt. Es ist dieselbe ironische
957 1256 2350 1332 Freude am Spiel, die aus einer Stunde des Erkennens, da die
951 1308 2346 1374 nächsten Menschen sich entschleiern, eine des ewigen Nichterkennens
959 1375 2348 1420 macht. Wer wird geliebt, wer liebt, wo ist Heimat, Bestimmung,
1657 1407 2344 1458 beginnt der Sinn eines Lebens?
961 1426 1581 1476 wo hört das Abenteuer auf
955 1448 2344 1516 Ein jeder spricht davon, ein jeoer hat ein Wort dafür und davon,
958 1494 2352 1562 die Seele aber bleibt leer und blickt ins Leere und geht ins Leere.
968 1540 2353 1618 Gewendet, von der anderen Seite her, im zweiten Einäkter. Wie?
944 1648 2344 1730 Wiro anes zur großen Szene, unwahr, verbogen und unwahr¬
947 1720 2345 1778 scheinlich und ist dennoch im tiefsten, ganzverschütteten Grunde wahr¬
943 1760 2344 1832 hafter Ausdruck eines Menschen, der einfach nicht anders kann?
955 1814 2343 1880 Sollte es das geben, Lüge zugleich Wahrheit sein können, Armut
943 1860 2342 1931 zugleich Reichtum? Das drittemal aber gehen Worte hin und
948 1913 2343 1971 her, Worte, die nichts bedeuten, die anders sein können, die am
943 1964 2341 2020 Tatsächlichen sehr schnell vorüberflattern und den Schein eines
944 2036 2348 2068 bedeutungslosen Friedens geb n, dennoch entscheidet sich Letztes, an
948 2061 2344 2122 den Worten vorbei, ohne Worte: Die Zusammengehörigkeit von
941 2109 2363 2161 Menschen. Komödie der Worte — oder auch: Wir spielen immer,
952 2140 2353 2221 wer es weiß, ist klug.“ Es ist die Weisheit Schnitzlers, seine Er¬
945 2223 2071 2271 kenntnis, die in seinem ganzen Werk zu finden ist.
1060 2262 2343 2322 Der neue Schnitzler ist auch der alte Schnitzler. Was er
944 2301 2348 2358 diesmal dreimal zeigt, ist wieder die faule, wurmige Welt kleinlicher,
946 2352 2347 2412 vager, verlogener und pendelhafter Beziehungen. Vergebens fragen
942 2405 2352 2476 die Dämmerseelen nach einem Menschen, nach einem Weg ins
948 2447 2358 2518 Freie. Es bleibt alles, wie es war: Große Szene. Zehn Jahre
947 2507 2359 2568 können sich hier Menschen absperren, vergiften, um auf den Moment
954 2572 2346 2621 zu warten, der den anderen erniedrigt. Bräute empfangen Schau¬
958 2602 2353 2660 spieler und zwischen Umarmungen und Bettwärme wird an das
962 2649 2354 2711 Alibi gedacht, der Betrug des Betruges ausgeheckt. In sechs Wochen
950 2707 2361 2762 Sommerfrische geht der Sinn eines Lebens zu Zweien kaput und
958 2747 2353 2815 kann im nächsten Augenblick wieder geleimt werden. Welche Welt!
950 2803 2355 2864 Immer wird sie bei Schnitzler überwunden — er begann schon:
958 2840 2362 2915 „Liebelei“ und sollte Liebe heißen, Liebe sein, statt dessen geht
960 2898 2349 2947 alles an Liebeleien zugrunde — immer hebt er sich davon ab,
963 2954 2347 3004 sondert sich von dieser geilen Gefräßigkeit, der alles Freiwild ist:
954 3010 2361 3051 Seele, Menschentum, Kunst, Natur, Liebe. Die verschmutzten Dinge
952 3045 2358 3102 einer entgötterten Zeit werden in die Hand genommen, melancholisch
955 3094 2352 3154 angeschaut, aber auch fallen gelassen. Das ist es: Immer wieder
957 3138 2361 3210 geschieht die Überwindung dieser Welt durch Worte, die einem
957 3187 2358 3257 etwas zagen und fast unentschiedenen Gefühl entkommen, nie aber
959 3258 2358 3304 durch die Tat, die auch Wort sein könnte, nur müßte es von
956 3286 2359 3352 einem donnernden: Sei! gerufen sein. Und vielleicht ist das erst
954 3330 2356 3394 die richtige Komödie der Worte, die Komödie, der der Melancholiker
963 3385 2355 3455 Schnitzler erliegt. Hier endet auch sein Reich, seine Zeit, hier ist
965 3435 2373 3497 er bereits von gestern. Denn morgen wird nur dieses gelten, dieses: Sei!
1087 3484 2359 3543 Diese drei Einakter werden nun am Hof=Burgtheater
961 3532 2356 3597 unendlich soigniert gespielt. Wahrscheinlich wird man an keiner
965 3582 2359 3640 Bühne Deutschlands ähnlich Vornehmes sehen. Es bleibt dabei
957 3632 2355 3699 ganz gleichgültig, ob es Herr Walden oder Frau Medelsky oder
957 3681 2373 3739 Herr Tiedtke oder Herr Baumgartner ist. So wurden Lustspiele
964 3702 2370 3781 im Burgtheater immer gespielt und werden immer gespielt werden.)
959 3785 2354 3834 Die Zeiten wechseln, die Stammsitzinhaber wechseln, die Stücke
967 3818 2360 3892 wechseln, die Schauspieler wechseln, aber dieser gepudette Burg¬
971 3875 2362 3935 theaterlustspielton bleibt (aber sonst auch nichts von der alten
956 3931 2388 4004 Herrlichkeit.) Und diese unpersönliche Dauer im persönlichen Wechsel
959 3977 1813 4062 hat etwas beunruhigend Beruhigendes.
1553 4051 1751 4136 — 575 —
2882 4127 3183 4226 —
