3392 4320
1799 248 1865 308 U
971 240 1016 313 (
204 245 1922 332 26.1. Konbedie #er Norte ZV K12
1153 878 1394 950 Sonntag
540 875 771 953 Seite 24
496 968 1928 1030 Erkennens“ liefert Korff eine bemerkenswerie Seelenstudie. In der dem glei¬
503 1010 1899 1064 Komödie „Das Bacchusfest“ zeigt er seine elegante Ironie, seine Vigny
511 1059 1920 1122 soignierte Ueberlegenheit. Eine seiner entzückendsten Figuren abers Sonj
498 1101 1936 1172 ist der Schauspieler in der „Großen Szene". Ein Schattenriß Liederma
498 1158 1907 1221 der Lächerlichkeit. Dieser Komödiant belügt sich selbst; er berauscht Stärk,
505 1202 1908 1273 sich an seinen Posen. Arch im Leben braucht er Stichworte, Tyndal
1750 1247 1918 1317 Schöber
515 1249 1750 1320 gute Abgänge und wirksame Aktschlüsse. Korff schafft hier eine
520 1307 1752 1363 vollsaftige, trefflich beobachtete Gestalt. Fräulein Alice Rhode
1831 1292 1925 1363 D
521 1349 1923 1416 fällt in der „Stunde des Erkennens“ durch starke Feierlichkeit und Rena¬
517 1381 1752 1468 versönlichen Ton angenehm auf. Frau Bukovics sowie die
1743 1392 1930 1467 reichische
516 1439 1734 1504 derren Jensen und Rhoden boten interessante Leistungen.
1750 1448 1915 1516 „Him
1795 1498 1894 1537 ähr
1739 1509 1928 1562 aufführt
621 1551 1938 1611 (Lustspieltheater.) Auch die Satire braucht Distanz, Anske
514 1617 1857 1664 wenn sie irgendwie noch künstlerisch wirken will. Das Lustspiel der
1747 1637 1924 1703 eingerick
514 1643 1749 1702 „Die Großen läßt man aufen“ von Ernst Gutfreund ist
1747 1693 1916 1759 „UAr
505 1694 1746 1759 aber bloß von brühwarmer Aktualität. Ereignisse unserer Tage
515 1741 1909 1801 werden in eine banale Handlung hineingezerrt; Gestalten, deren Drama
507 1773 1923 1855 vage Physiognomie man von den Zeitungen her kennt. Es gibt Aufführ
1753 1838 1915 1897 „Dämo¬
511 1836 1742 1894 nicht nur Schlüsselromane, auch im Dramatischen ist ein derartiger
1747 1886 1934 1948 Gehäng
526 1897 1731 1944 Abklatsch möglich. Gutfreunds Zeichnung ist durchsichtig genug;
1755 1933 1923 2005 Renaisse
525 1933 1743 1988 eine Anspielungen wiederholen sich refrainartig wie in einem Couplet.
1754 1981 1910 2046 Weisse,
512 1983 1743 2038 Ich glaube, daß dies faustdicker Dilettantismus ist. Sein Bank¬
1746 2030 1897 2088 furt a.
511 2033 1735 2096 präsident Lion ist ein skrupelloser Aktienschieber. Um ihn herum
1743 2068 1924 2138 Bühner
516 2083 1746 2135 sind die Gestalten eines korrupten Advokaten, eines herunter¬
1753 2118 1919 2184 am Ste
514 2122 1739 2184 gekommenen Arztes, eines vertrottelten Grafen und eines pathelisch
519 2163 1903 2233 ohrasenhaften Parlamentariers gruppiert, Leute mit einem sehr theater
1760 2221 1909 2282 Wendt.
519 2221 1737 2274 lobusten Gewissen. Es gibt eine einzige Szene in dieser Kowödie,
527 2258 1760 2333 die wirksam wäre, wenn der Autor mehr satirischen Geist und
522 2310 1903 2385 Witz hätte aufbringen können: die Sitzung dieser Korrupten. Aber keinem
528 2363 1899 2439 hier schlägt alles bloß in eine sehr verzerrte Karilatur. Diese Stück
535 2400 1905 2478 Vorgänge, in die noch eine abgeschmackte Liebesgesc, hie hinein= Liebes
527 2447 1900 2542 pielt, erhalten von der Darstellung einige amüsantere Belebtheit. Laufe
534 2516 1746 2568 So durch Jarno, der in einem abgestraften Zugführer die glaub¬
535 2551 1759 2615 afteste und wirksamste Gestalt des Stückes gibt, die Herren Alfred
1764 2550 1907 2639 für die
524 2604 1760 2665 ind Paul Mahr, Heinrich Jensen und Wilhelm Schich. Unter
530 2651 1747 2702 en Damen auffallend Johanna Sann durch ihr kluges, routiniertes
1741 2671 1914 2744 an das
528 2709 1756 2765 Spiel. Die zeitgemäßen Anspielungen und Streiflichter verhalsen
1616 2750 1713 2816 m.
535 2753 1265 2824 #em Stück zu einem lebhaften Erfolg.
633 2812 1746 2871 Im Operntheater gelangt Montag „Tosca“
1745 2812 1888 2889 Bre
525 2859 1908 2916 mit den Damen Vera Schwarz, Bauer=Pilecka und den Herren Höl¬
531 2905 1905 2993 Piccaver, Schipper, Madin, Stehmann, Wolken, Muzarelli, Abel und s.
530 2956 1694 3020 zur Aufführung. Musikalische Leitung Herr Reichenberger.
522 3012 1761 3070 Dienstag wird „Die Fledermaus“ mit den Damen Vera
1765 3000 1887 3072 Jux.
1761 3046 1898 3109 führun
524 3064 1756 3115 Schwarz, Schöne, Olszewska, Hentke, Petrini, Konrath, Wagner,
1765 3101 1894 3150 Pünk¬
525 3102 1758 3158 Dier und den Herren Tauber, Oestvig, Duhan, Renner, Madin,
1765 3139 1895 3197 Dane¬
529 3147 1745 3209 Wilken, Wernigk, Baumgarten, Norbert, Keller, Verlik aufgeführt.
1767 3175 1901 3223 Mülle
533 3199 1751 3259 Musikalische Leitung Herr Reichenberger. — Heute findet
1771 3216 1897 3278 und 2
1771 3251 1883 3302 aufge
526 3248 1759 3308 die Uraufführung der zwei nachgelassenen Sätze der
1766 3283 1891 3336 gemus
528 3282 1755 3344 Zehnten Symphonie von Gustav Mahler statt.
1762 3330 1884 3385 Eidlit
525 3338 1757 3389 Der Abend wird eingeleitet durch die Ouvertüre zur „Iphigenie
1759 3365 1902 3416 Mone
526 3390 1752 3447 in Aulis“ von Chr. W. Gluck. Den Schluß des Programms
1771 3408 1890 3455 Rub,
526 3443 1756 3503 bildet die Vierte Symphonie von Gustav Mahler (Sopransolo:
1763 3446 1887 3508 Volte
530 3485 1728 3550 Frau Hüni=Mihacsek). Dirigent: Direktor Schalk.
1744 3519 1876 3578 wird
638 3541 1882 3617 Im Deutschen Volkstheater gelangt Mittwoch Anzen=Rolat
531 3613 1866 3674 frubers Bauernkomödie „Der G’wissenswurm“ neu ein= geht
1755 3648 1881 3697 in S.
532 3645 1896 3717 studiert mit Dr. Rudolf Tyrolt als Grillhofer zur Aufführung gislat
527 3706 1886 3761 Es spielen weiters: die Horlacherlies — Frau Keller, den Leon= undzu
524 3760 1750 3816 hardt — Herr Kutschera, den Poltner — Herr Kirschner, sein
1760 3759 1891 3825 theate
522 3788 1766 3863 Weib — Kathi Thaller, den Dusterer — Herr Skraup, den
1748 3832 1886 3894 das
535 3843 1706 3894 Wastl — Herr Engel. Spielleiter: Friedrich Rosenthal. —
1753 3871 1880 3932 zur 2
530 3905 1748 3957 Für heute nachmittag wurde die Märchenvorstellung des „Blauen
1756 3916 1881 3976 Gloss.
535 3944 1750 4001 Vogel“ mit lustigem Programm für die Jugend, für abends
1754 3950 1891 4012 Horn
536 3988 1738 4048 Langers Lustspiel „Das Kamel geht durch das Nadelöhr“
1753 3997 1879 4042 „Die
1760 4030 1874 4088 Fräu
531 4033 1741 4115 angesetzt. Kaisers Komödie „Kolportage“ wird Montag und
1749 4067 1885 4144 Mose
532 4086 945 4159 Dienstag wiederholt.
648 4123 1896 4213 Dienstag den 14. d. M. findet im Theater in der Josef= ersten
1175 4197 1232 4232 #1
1952 1069 2068 1133 ions
1978 1117 2075 1172 für
1961 1150 2071 1216 chen
1964 1207 2064 1264 die
1961 1246 2064 1303 der
1961 1290 2067 1349 ten¬
1966 1334 2061 1400 und
1962 1381 2059 1441 auf¬
1962 1423 2066 1493 ens
1966 1977 2058 2047 iks¬
1968 2033 2063 2091 den
1966 2082 2066 2139 der
2056 233 2523 332 box 32/6
2428 563 2965 721 le 10
2275 735 2899 820 12. Oktober 1924 Nr. 282
2163 853 2915 961 Korff im Modernen
2358 923 2707 1020 Theater.
2164 986 2995 1069 Artur Schnitzlers „Komödie der
2089 1044 2997 1123 Worte“ benannte drei Einakter dürfen wir
2092 1099 2996 1176 liebe, alte Bekannte nennen, denen man immer
2081 1145 2987 1212 wieder gerne begegnet. Ihnen sind die
2090 1194 2986 1254 charakteristischen Vorzüge ihres Schöpfers auf
2083 1227 2987 1283 den ersten Blick anzumerken: den Geist, der
2081 1273 2203 1326 diese
2207 1282 2993 1340 scheinbar gewichtlosen Kleinigkeiten
2087 1317 2985 1368 gefaßt, und der sie in all ihren Teilen belebt
2086 1366 2981 1418 und durchströmt, die absichtslos=elegante Witzig¬
2077 1398 2988 1467 keit, allerdings auch die Redseligkeit, auf die
2077 1454 2988 1508 man allerdings durch den Gesamttitel von
2075 1492 2981 1547 vorneherein hingewiesen worden ist. Diese
2076 1539 2982 1590 erzellent gegliederten kleinen Komödien setzen
2078 1576 2989 1642 sich allesamt ein wenig schwerfällig in Gang;
2078 1624 2975 1687 ihr Motor erhält bestenfalls nach Ablauf einer
2081 1664 2985 1724 halben Stunde das richtige Tempo. Da spürt
2075 1709 2979 1760 man allerdings den plötzlich veränderten Ryth¬
2083 1752 2981 1807 mus; der Zuhörer hat das untrügliche Gefühl,
2078 1794 2984 1861 daß eben erst der Funke übergesprungen ist
2074 1836 2987 1901 und daß er endlich gezündet hat. Die gute
2069 1873 2973 1929 Rolle ist ein weiterer Vorzug der drei Stücke,
2074 1928 2976 1985 und so ist es kein Wunder, wenn nach Albert
2073 1969 2977 2033 Bassermann und Harry Walden nun auch
2072 2002 2970 2074 Arnold Korff ihr Interpret geworden ist.
2075 2045 2975 2115 Unnötig zu sagen, daß auch dieses Werk
2080 2093 2984 2168 Schnitzlers von der wienerischen Atmosphäre
2077 2138 2984 2202 erfüllt ist, daß demnach Korff, den man, trotz¬
2074 2177 2978 2249 dem er Deutschamerikaner von Geburt, heute
2075 2223 2983 2279 vielleicht den im besten Sinn wienerischen
2075 2276 2975 2315 Schauspieler nennen darf, darin wie kein zweiter
2080 2311 2976 2371 heimisch ist. Es wäre müßig, Vergleiche mit
2081 2354 2977 2422 seinen Vorgängern zu ziehen. Es bleibt zu
2071 2395 2973 2467 sagen, daß er in jedem Belang einen außer¬
2077 2437 2971 2500 ordentlichen Genuß geboten hat. Wie fein ver¬
2079 2484 2979 2538 stand er es, die drei Gestalten, was Charakter,
2070 2533 2974 2580 Physiognomie und Temperament anlangte,
2079 2580 2975 2633 auseinanderzuhalten. Man darf es sich ferner
2100 2619 2972 2687 rsparen, Korffs unnachahmlich nonchalante
2084 2662 2973 2713 und dennoch exakte Dialogbehandlung zu
2090 2709 2973 2750 rühmen. All das ist noch unvergessen, und so
2089 2749 2974 2798 lange ist er schließlich nicht fort gewesen, als
2082 2792 2973 2834 daß man ihn von neuem vorstellen oder ein¬
2078 2835 2971 2890 führen müßte. Bloß des öfteren ist er fort¬
2071 2868 2980 2937 gelaufen; ist allerdings, zu unserem Glück,
2076 2918 2969 2971 nachher immer wieder gekommen. Arnold Korff
2073 2976 2969 3034 gehört zu jenen wenigen Schauspielern, die
2068 3012 2982 3065 sich mit Fug Wiener Lieblinge nennen dürfen,
2067 3055 2966 3098 und die trotzdem immer wieder auf ###
2071 3089 2979 3156 Wienerstadt böse sind. Möglicherweise mit
2074 3135 2965 3196 Recht. Da wäre es nun aber endlich an der
2071 3184 2977 3243 Zeit, zu wissen, daß man es ja doch auf die
2070 3229 2965 3269 Dauer in der Ferne nicht aushält, daß es einem
2069 3268 2971 3317 dorthin zieht, wo man wurzelt: nach Wien.
2071 3317 2962 3363 Hoffentlich bleibt Aenold Korff nun bei uns ..
2060 3358 2971 3411 Die Aufführung war auch sonst auf einem
2071 3405 2965 3456 noblen, guten Ton gestimmt. Eine neue Dar¬
2071 3438 2975 3501 stellerin, Fräulein Alice Rhode, machte sehr
2071 3488 2962 3535 sympathischen Eindruck. Ihre sichere Art der
2061 3527 2963 3577 Konversation fiel auf. Herr Jensen zwei¬
2061 3571 2972 3620 mal vortrefflich; von Herrn Rhoden ist das
2065 3612 2956 3661 gleiche zu sagen, der ein Schauspieler ist,
2062 3656 2964 3699 dessen günstige Entwicklung man sympathisch
2072 3701 2971 3764 begrüßt. Die Damen Grete Bukovics,
2066 3740 2970 3800 Lvovsky und Lach seien mit einem Pau¬
2070 3779 2398 3853 schallob bedacht.
2152 3875 2867 3968 Araufführungen im
2999 725 3090 870 *)
