3344 4256
2020 167 2526 270 box 32/3
1163 185 1226 250 W
189 204 1916 286 26. 1. Konoedie der -orte zkIus
88 908 505 999 e) Jesye4
94 1019 402 1120 fhaf
102 1151 289 1242 %. 76.
1097 1239 1218 1313 saun
827 1291 2941 1357 vor der ersten Probe eines neuen Stückes — alles mit küh= Dr. Eckold, der seine Ehe so sehr mit dem Schein der ruhig
105 1307 705 1406 stgarter Hoftheater.
850 1339 2937 1389 lem Kopfe überdacht und danach gleichsam seine geometrische behaglichen Zufriedenheit überkleidet, daß selbst seine Gattin
843 1383 2938 1430 Konstruktion vorgenommen, mit Klugheit und Vorsicht Rede, nichts von seinem wahren Wesen ahnt; der Schriftsteller
106 1391 608 1476 Albert Bassermann.
840 1408 2941 1486 Ton und Haltung geordnet und mühsam vergleichmütigt. Staufner, der dem Nebenbuhler einen scheinbar unendlich
1888 1463 2938 1515 zeitfernen griechischen Festbrauch schildert, sie beide tun das,
843 1456 1899 1524 So sieht er dem großen Augenblick der Abrechnung mit
845 1503 2940 1560 hundeschnäuziger Kälte entgegen. Doch man spürt das was Herbot berufsmäßig tut: sie spielen allesamt Komödie.
93 1503 657 1570 itzlers „Komötie der Worte“.
848 1546 1891 1598 schwer Erkämpfte, es blieb die innere Leere zurück, der
1881 1544 2944 1581 Und ist nicht auch Mephisto ein großer Komödiant? Steckt
96 1549 846 1616 ele der Eysoldt ist ein solches Bassermanns
1895 1580 2935 1637 nicht auch im Othello ein Körnchen Komödie? Wir werden
851 1581 1883 1629 Groll, der Neid, der Haß, das Herzeleid. Mit naturwissen¬
110 1614 849 1681 henfolge war die rechte. „Immerfort sind
1893 1621 2935 1673 beide sehen und über beide noch zu reden haben. Aber schon
855 1624 1887 1671 schaftlichem Interesse schaut er, innigst erfüllt von Schaden¬
1886 1649 2944 1720 jetzt ließe sich sagen, daß Bassermann immer und immer
855 1666 1887 1716 freude, auf sein Opfer, über das er triumphiert — indes
106 1681 856 1737 berg, durch der Eysoldt Munde, hörten wir
1890 1703 2948 1755 wieder den Schauspieler spielt. Den Schauspieler, der der
861 1703 1887 1755 nur rein äußerlich. Er ist der fast völlig Gebrochene am
99 1733 844 1783 agen: in uns sind viele Leben, ein Mensch
1893 1725 2938 1793 wahre Mensch ist, nach dem Heinewort: „Bis auf den letzten
859 1746 1888 1786 Schlusse, der Lebensüberdrüssige in dieser beendeten Ehe. —
1900 1769 2945 1837 Augenblick spielen wir Komödie mit uns selber". Der Bei¬
112 1777 1881 1843 n Menschen, deren Wesen einander ent= Bassermann ist hier von verhältnismäßig erstaunlicher Mäßi¬
106 1806 853 1859 So kommt es, daß wir alle ein wenig schau¬
1883 1812 2936 1876 fall, den der große Mime erntete, war namentlich nach der
846 1826 1343 1871 gung in Ausdruckszeichen.
133 1850 857 1899 selber wie vor den andern. mehr oder
1897 1841 2942 1919 „Großen Szene“ stürmisch. Und auch am Schlusse war er
922 1842 1894 1920 Als Schauspieler im Schauspiel zeigt er sich des trocke¬
102 1889 862 1948 daß wir alle etwas von der Wandelbarkeit
1894 1889 2542 1946 immer und wieder hervorgeklatscht.
2755 1896 2913 1962 Wko.
856 1891 1885 1950 nen Tones gründlichst satt. Da ist er ganz Er, mit allen
111 1934 1903 2007 Proteus besitzen, daß wir, wie Schnitzler seinen vielen Leben, mit allen seinen vielen Menschen, ein
118 1972 845 2018 Worten Komödie spielen. Unsere Rede ist
856 1981 1893 2038 sieghafter Blender, ein ausgelassener Kindskopf, ein be¬
150 2015 856 2060 farblos. Jenseits der Worte, hinter
851 2010 1901 2075 zwingender Bezauberer der Menschen, der mit sich, mit
107 2053 844 2106 rbergen, liegt unsere wahre Persönlichkeit;
860 2060 1910 2112 allem, was an ihm und in ihm ist, spielt ganz unbewußt, weil
848 2088 1911 2154 es so sein Wesen will. Zuweilen brüllt er auf wie ein Tier¬
116 2127 850 2185 spielerischen Talent eignet in besonderem
852 2140 1910 2183 bändiger, dann ist er der vollendete Hanswurst. Grotesk
106 2171 856 2231 Renschlichkeit. Als der Prototyp der Pro¬
858 2177 1908 2232 und naiv brutal, ist sein Herbot ein unumschränkter Beherr¬
101 2205 846 2268 t dürfen wir heute Albert Bassermann an¬
855 2226 1915 2276 scher aller menschlichen Unmöglichkeiten oder unmenschlichen
104 2252 851 2301 Fem der Extreme, diesen Gipfel der Gegen¬
861 2266 1909 2313 Möglichkeiten, der in jedem Moment zu einer neuen Sonder¬
107 2294 854 2354 nstande ist, in jedem Moment sich einen
864 2301 1912 2359 szene der Lebenskomödie wohl bereitet ist, der sich gehoben
110 2334 296 2385 zusetzen.
865 2337 1907 2394 und ganz glücklich fühlt, wenn er den erwünschten Eindruck
113 2352 857 2424 shiedenheit der drei Gestalien, in denen er
864 2386 1901 2441 seines Lebensspieles unmittelbar beobachten kann. Eigentlich
111 2407 858 2456 stag zeigte! Zuerst der eheenttäuschte
867 2428 1902 2473 ein völlig hohler Faiseur, ist er ein Spielball jedes Augen¬
113 2453 858 2498 Arzt, dann der schwankhafte Erzkomödiant,
863 2463 1903 2508 blicks, dem er instinktiv ein anderes Antlitz zeigt. Hier
119 2495 859 2550 selbst der heikelsten Lebenslage gewachsene
864 2484 1907 2557 macht es Bassermann besonderen Spaß, bald Lamm, bald
119 2533 856 2591 proßstadt=Poet. Allemal ist er ein völlig
858 2537 1897 2592 Löwe zu scheinen, herumzuhopsen wie ein Schulbub, in
128 2568 755 2621 und Geste, Haltung und Kleidung.
855 2575 1892 2624 vielen kleinen jokosen Einzelscherzchen so recht im wildesten
106 2605 843 2665 u alt für diesen nach Ormins Worte noch
863 2620 1895 2682 Komödiantischen zu schwelgen, Purzelbäume zu schlagen,
114 2652 850 2702 huenden, wunderlich buntbärtig, breitschäde¬
865 2649 1902 2709 aus dem Gesamtbilde sich herauszustellen mit den lustigsten,
107 2691 851 2743 hleppenden Ganges, müd und mürb, in lan¬
1329 2698 1902 2756 seinen raffiniert ersonnenen
861 2692 1339 2739 possierlichsten Mätzchen,
103 2725 850 2772 Bratenrock, eine Hornbrille auf der Nase.
863 2737 1893 2784 Nüancenschatz auszubreiten wie eine Kleinodiensammlung.
111 2770 853 2814 greiflich, lächerlich jung, jung wie ein von
859 2768 1899 2826 Diese kecken Halsbrecherkunststückchen aus der Zeit des seli¬
111 2809 853 2856 ener spring= und tanz= und tollfreudiger
865 2808 1894 2863 gen Arlecchino sind die echtesten Beurkundungen seines
109 2846 854 2894 wie mit Siebenmeilenstiefeln ausgerüstet,
850 2850 1892 2905 immer produktiven Proteusgeistes, der im Husarensattel
116 2882 866 2945 blick in einer andern Ecke, wuschelköpfig,
859 2875 1909 2963 einer Hussawelt voll immer neuer schöpferischer Aufgaben
107 2923 859 2962 Schlank und rank und siegesbewußt. Und
857 2929 1299 2988 sich am wohlsten fühlt.
115 2960 865 3013 tinguierter älterer Herr mit Einglas und
920 2952 1905 3028 Als Staufner endlich unterließ er allzustarke Unter¬
125 3002 860 3057 art, sehr aufgeregt und sehr nervös, von
859 2989 1909 3061 streichung mit dem Zaunpfahl. Hier war er vielleicht der
135 3040 853 3108 erträglichen Selbstbeherrschheit, und einer
866 3049 1901 3106 Natur am nächsten, seine Ueberzeugungskraft am zwingend¬
116 3084 500 3139 nHandgreiflichkeit.
861 3090 1896 3142 sten, seine Charakterisierungslust am taktvollsten, wenn auch
134 3102 863 3184 diese drei Gestalten nahezu nichts mit
859 3132 1909 3182 nicht ganz frei von bluffenden Späßchen. Aber doch wenig¬
129 3158 863 3216 zu haben. Der Arzt Bassermanns ist der
864 3171 1371 3231 stens annähernd gebändigt.
915 3199 1336 3261 Das Schlußergebnis?
122 3205 869 3266 erlich zu Eis gewordene zielklare Zyniker.
130 3246 864 3290 Stachel, der sein Lehen verletzte. Dieser
923 3241 1911 3304 So sehr diese drei Rollen auch verschieden scheinen, so
182 3271 1914 3342 ganz wie der schöpferische Bassermann sind sie im Grunde doch alle ein wenig wesensähnlich. Der
