3344 4352
2080 256 2539 340 box 32/3
233 270 1942 358 26.1. Konoedie der Vorte zuklus
461 824 1524 973 lusschnitt aus GERMANIA PERLIN
471 948 636 1014 om:
788 959 1110 1029 260611975
997 1016 1061 1070 1
1779 1015 2573 1098 —
1665 1082 2777 1130 lischen Bedrängnisse, um nicht zu sagen, ihre abstoßende Ge¬
1665 1120 2003 1173 meinheit bemüht!
667 1116 1484 1195 Theater und Konzerte
1688 1136 2791 1211 Lina Lossen spielte die Frau, und ihre Innerlichkeit be¬
548 1192 1646 1249 Lessingtheater. „Komödie der Worte“ hat=Schnitzler seine
1656 1193 2792 1261 rührte tief; aber wohlgemerkt, sie spielte ja auch eigentlich gar
1513 1230 1643 1282 =un,
515 1217 1481 1283 letzten drei Einakter genannt. „Komödie der Worte
1660 1241 2787 1300 nicht wirklich die Rolle, wie sie Schnitzler geschrieben hat. Wo
523 1268 1644 1323 daß seine früheren Arbeiten nicht diesen Titel hätten führen
1673 1279 2783 1321 sie darum warb, war alle Mühe vergebens. Bassermann, als
524 1307 1641 1349 können, möchte man füglich bezweifeln. Denn es ist ja Schnitz¬
1665 1312 2786 1373 Mann und Rächer seiner vor zehn Jahren verletzten Ehre, mit
508 1345 1637 1393 lers — und der meisten Jungwiener — Sonderart gewesen, das
1670 1349 2792 1406 Namen Dr. Eckblot, hatte eine glänzende Maske und eine ebenso
529 1387 1637 1429 Wort, das geschliffene. „geistreiche“ Wort zu pflegen. Und diese
1670 1399 2790 1448 überzeugend kalte philosophische Haltung. Der beneidete dritte
524 1411 1646 1483 Aufopferung für das Wort ging so weit, daß sie schließlich alle
1660 1439 2780 1489 Ormin lag bei Max Landa in den besten Händen. Aber da¬
517 1462 1650 1513 in die gebrochenen und haben Töne hineingerieben, bei den
1663 1480 2790 1531 mit war der Wert des Stückes natürlich nicht aufzubessern.
523 1498 1639 1558 schließlich die einlullende Musik alles, das Paukendröhnen der
1666 1519 2791 1580 Das Publikum zischte nicht, im Gegenteil fanden sich sogar
520 1545 1637 1593 vollklingenden Töne der wirklichen Handlung nichts ist. Halb¬
1665 1549 1880 1606 Beifällige.
529 1577 1647 1632 töne haben etwas Mystisches. Mystisch, halbtonhaft erschien
1712 1570 2784 1646 Das beste die ehrliche Heizung des Lessingtheaters; sie machte
520 1621 1649 1668 diesem Poeten alles Zerbrechende, mit Mühe seine Existenz Be¬
1679 1631 2779 1688 zu Beginn des nächsten Einakters der „Großen Szene“
518 1651 1637 1697 hauptende. Ueberall klirren bei ihnen die gesprungenen Gläser,
1664 1663 2789 1724 ihrem gepreßten kritischen Herzen so gründlich Luft, daß nicht
527 1695 1641 1735 ächzen die morschen Stämme schauerlich und das Ende vom
1676 1703 2814 1781 nur das Wort auf der Bühne unverständlich wurde, sondern
520 1733 1660 1784 Liede ist das Verlöchen oder der Kompromiß, der nicht leben
1666 1757 2782 1803 auch den Damen aus WW, die das Rauschen eines Wasser¬
523 1772 1614 1823 und nicht sterben kann, der Vertagung aber nicht Lösung ist.
1673 1783 2790 1838 kessels nur aus den Büchern kennen, die Herzmuskel vor lauter
558 1802 1637 1860 Worte, geschliffene „geistreiche" Worte hat Schnitzler auch
1673 1829 2787 1880 Angst in die leichtbeschuhten Füße fuhr. Einige beherzte
514 1842 1648 1894 noch in diesen Weltkriegszeiten feil; er ist noch Aesthet, ist noch
1674 1870 2782 1922 „Ruhe" und „Sitzenbleiben“ rufende, sowie einige lachende
518 1882 1633 1934 imstande mit unendlicher Liebe seiner Kleinkunst nachzutasten,
1677 1915 2780 1964 Zuschauer halfen über die aufgeregten Augenblicke hinweg,
518 1916 1641 1961 der falschen Katze, Mensch genannt, den glatten Schweif zu
1677 1948 2789 1999 bis ein Feuerwehrmann erschien und „amtlich“ bestätigte, daß
523 1947 1646 2026 schlichten und mit einer Schleise aufzuzieren. Und das Thema
1678 1990 2778 2056 Wasser bestimmte ungefährliche Geräusche ausstößt, wenn es
512 1996 1641 2055 zin dieser Komödie der Worte — ist wahrhaftig auch das alte
1671 2031 2188 2080 aus einem Rohre auskocht.
527 2035 1329 2093 geblieben gebrochene und zerbrochene Ehen.
1712 2067 2777 2131 Die folgende angeregte Stimmung der „Großen Szene“
560 2056 1645 2128 Drei Einakter stellen drei solcher unglücklichen Ereignisse
2671 2104 2723 2149 E
1675 2100 2677 2142 ließ den „ausgestandenen Schrecken“ schnell vergessen.
516 2115 1643 2159 nebeneinander. Zunächst in der „Stunde des Erkennens“ eine
1681 2134 2793 2193 zeigt merklich eine Komödie der Worte. Der Scherz besteht.
524 2152 1653 2208 scheinbar glückliche Ehe, die vor, einem Jahrzehnt durch die
1677 2166 2787 2227 darin, daß ein Komödiant, notabene ein im Grunde nieder¬
527 2185 1652 2248 Schuld der Frau den unheilbaren Riß erhielt. Der Mann hat
1679 2205 2789 2268 trächtiger Kerl, mit echter Komödiantenmanier nach altem
524 2230 1651 2283 „alles“ gewußt, aber bis zu dem Tag geschwiegen, wo das ein¬
1687 2262 2795 2305 Schlag einem betrocenen Bräutigam vorschwindelt, es sei gar
530 2261 1650 2324 zige Kind durch Heirat aus dem Hause kam. Nun ist für ihn
1691 2292 2797 2338 nichts gewesen. Und er tut das so raffiniert, daß man beinahe
528 2313 1653 2357 der Tag der Abrechnung — siehe Strindberg — da. Während
1691 2333 2791 2380 selbst die Wahrheit seiner gespielten „Großen Szene“ glaubt.
526 2347 1649 2391 die Frau sich aus ihren Liebesträumen wieder auf den Boden
1687 2370 2795 2422 Witz, Geist, Satire sind in dem Stückchen so lebendig, daß
516 2384 1658 2431 der Wirklichkeit zurückgefunden hat und ihrem Mann seit zehn
1678 2408 2790 2465 man für Augenblicke vergessen kann, wie ekelhaft die ganze
523 2413 1656 2480 Jahren und nur ihm lebt, hat er die ganze Zeit nur Rache
1694 2443 2798 2496 Sache eigentlich ist. Glücklicherweise scheint die Frau des
523 2452 1655 2513 gebrütet. Am Tag der Abrechnung gießt er seinen ganzen
1692 2490 2787 2534 Schauspielers diesen häßlichen Eindruck selbst zu empfinden...
524 2485 1653 2544 Zorn über die „Falsche“ aus und demütigt sie, so tief er eben
1685 2525 2795 2572 aber siehe da, sie läßt sich schließlich selbst herumkriegen, weil
530 2531 1651 2577 kann. Er denkt sie, unter Rücksichtnahme auf die gesellschaft¬
1686 2561 2792 2618 der Herr Gemahl den Hamlet nicht spielen kann, wenn sie
531 2569 1648 2625 liche Stellung aus dem Hause zu schicken. Was aber tut sie?
1687 2597 2132 2653 nicht in der Loge sitzt...
531 2621 1662 2660 Sie, für die Schnitzler mit der Sammelbüchse um Sympathie
1713 2625 2793 2696 Bassermann ließ als Mime all die Künste seiner Quickle¬
521 2648 1655 2705 bettelt, versetzt ihm selber den Todesstoß, ehe sie ins Wasser
1669 2678 2783 2726 bendigkeit, sowie ganze Wirklichkeit und heitere Laune spielen;
522 2682 1647 2735 geht. Sie behauptet, gegen die Wahrheit ihr Verführer sei
1682 2713 2786 2768 so wurde aus der fatalen Auseinandersetzung ein humoristischer
524 2716 1651 2775 der gewesen, dessen Laufbahn ihr Mann immer mit Neid und
1674 2750 2790 2801 Erfolg. Aber wohlgemerkt: das Stück ist ein Witz, aber kein
520 2761 1650 2818 Mißgunst verfolgt hat; der glückliche Konkurrent im Leben sei
1676 2789 2794 2846 guter, eine Schauspielerfarce aber kein ernstzunehmendes
1364 2795 1654 2852 Eine feine Ge¬
529 2803 1371 2852 auch der „beglückte“ Nebenbuhler gewesen. ...
1670 2820 2396 2891 Bühnenstück von literarischer Bedeutung.
530 2840 1657 2899 sellschaft, dieser Mann und diese Frau, wahrlich wert, daß sich
1713 2879 2802 2928 Noch viel weniger als diese beiden ist der letzte Einakter
526 2866 1670 2955 jemand über ihre, übrigens höchst unwahr ersundenen, see¬
1620 3110 2743 3181 wert, das „Bacchusfest“, das unter dem mythologischen Titel
1612 3171 2739 3213 einen altgriechischen Brauch ins Leben unserer Zeit übertragen
1617 3191 2740 3238 denkt und damit Geschehenes „zudeckt“. Eine gebrochene Ehe
1624 3232 2745 3281 ist eben etwa ein Bacchusfest ... Bassermann spielte den
1627 3269 2733 3332 Schriftsteller, der mit diesem Sophismus seine Ehe wieder zu
1627 3318 2747 3360 „rangieren“ sucht. Scharf, energisch gesehen war die Persön¬
1614 3357 2739 3408 lichkeit. Aber die Sache ist nicht nur abstoßend, sondern auch
1618 3393 1853 3450 langweilig.
1652 3404 2741 3483 Ais Ganzes also vermittelte der Abend, trotz Schnitzlers
1621 3460 2746 3518 persönlicher Anwesenheit, die Bekanntschaft mit Dingen, die in
1616 3503 2745 3567 dieser Fassung, wie in dieser Auffassung, uns zuwider sind.
1626 3547 2740 3596 Wir möchten wirklich wünschen, daß sich die Herren Theater¬
1620 3579 2743 3630 Direktoren im Reich dazu verständen, um der Zeit willen, in
1623 3618 2742 3681 der wir leben, auf das Nachklappern dieser literarisch durchaus
1615 3664 2282 3733 unnwerten Dingelchen zu verßichten.
2332 3688 2707 3761 Dr. Thyssen.
