3344 4352
2088 156 2492 261 box 3271
222 157 1927 253 26.1. Kongedie der wortezuklus
843 490 1255 581 Aerssuig, Poroiste.
2039 523 2590 622 (Quehenangabe Sahe Gewahr.
519 519 1034 623 (Quellenangabe ohne Gewähr.)
2157 593 2661 701 Glazer Tagespobl
298 570 1287 702 Ausschnitt asimoristiche Biätter, Wien
1750 612 2650 775 Ausehmnit aust Gras, Rielaman
558 687 843 794 170KT 10 18
1757 707 2222 803 vom: 17011915
288 738 564 828 vom:
1771 782 1923 862 S
668 796 983 930 14 0
1836 819 2836 924 Uraufführung im Burgtheater. Aus Wien
1769 883 2876 979 schreibt man uns: Arthur Schnitzlers dreiTin¬
1779 957 2833 1010 akter Komödie der Worte waren das erste große
692 948 1016 1055 Theater.
1204 957 1299 1057 O
1773 995 2819 1071 Ereignis des Burgtheaterwinters. Die äußere Hand¬
1771 1037 2831 1117 ung gruppiert sich, wie bei Schnitzler fast selbstverständ¬
440 1040 1349 1137 PrzEmmter Einanienalim Komöbie
1760 1094 2814 1168 lich, um das Problem der Liebe und des Ehelebens: es
352 1104 1349 1191 der Worte“ hat im Burgtheater einen starken
1772 1151 2824 1217 End Abrechnungen, Zusammenbrüche und jenes Dulden
343 1169 1342 1246 Achtungserfolg gehabt, doch ist nicht zu leuznen,
1775 1208 2820 1264 und Weiterleben, das schließlich übrig bleibt — aber
355 1232 1354 1313 daß der gefeierte Wiener Dramatiker sich in gar
1774 1256 2830 1315 über diese Wirren hinaus die vielleicht größere Tragik,
340 1285 1251 1372 zu krause Gedankengänge einzuspinnen beginnt.
1777 1301 2819 1373 de in der Erkenntnis beschlossen ist, daß überall das
1747 1358 2815 1420 Wort, die Täuschung der Rede sich zwischen Mensch und
1757 1402 2809 1462 Erlebnis schiebt. Im ersten Stüsk Stunde des F#¬
395 1448 1298 1512 Es ist viel Unnatur in den neuen Sachen,
1758 1454 2818 1523 kennens hat der Gatte zehn Jahre zur Untrei #
1756 1489 2815 1558 Frau Klara geschwiegen, um das Heim der Tochter
288 1501 1304 1600 viel Überspekulation und Trieb nach falscher
1758 1547 2827 1610 nicht zu zerstören; als die Tochter als Gattin das
298 1566 578 1642 Originalität.
1758 1603 2821 1666 Elternhaus verläßt, hält er Abrechnung mit der Zer¬
383 1611 1309 1687 Und dann ein bischen zu viel Ehebruch für
1758 1639 2823 1719 störerin seines Seelenfriedens — aber auch hier Täu¬
290 1688 1302 1760 deutschen Geschmack, besonders in der jetzigen
1754 1689 2833 1747 schung, da er im berühmten Professor, der dem namen¬
295 1744 1295 1832 Zeit, welche dem erotischen Getändel mehr ab¬
1757 1744 2819 1814 losen Arzt immer im Wege stand den Nebenbuhler ver¬
1751 1801 2832 1867 mutet, der in Wirklichkeit ein schillernder Literat ist,
302 1804 578 1876 hold ist. —
1751 1852 2834 1924 den er gar nie ernst genommen. Diese Komödie innerer#
388 1829 1343 1942 Am stärksten wirkte Herr Walden, namentlich—
1758 1896 2835 1967 Irrungen steigt im zweiten Stück Große Szene“
299 1920 1212 2008 als eitfer, verwöhnter, moralfreier Komödjt—
1756 1940 2831 2016 zu einem grotesken, aber doch im Innersten ergreifenden
1750 1985 2823 2070 Meisterwerk empor — es ist das Motiv von Wedekinds
1753 2043 2822 2119 „Kammersänger“, aber unendlich verfeinert - die große
1756 2094 2816 2157 Tänschung des Schauspielers von der Bühne weg in sein
1752 2144 2818 2218 eigenes Leben gerückt; dieser Konrad Herbot scherzt vor
235 2179 658 2275 Ausschnitt aus:
1754 2202 2810 2269 dem um Wahrheit flehenden, in seinem Glauben an
537 2197 1258 2319 m „Wiener Bilder
1757 2244 2825 2311 die Reinheit seiner Braut erschuiterten Edgar Gley#
243 2271 376 2351 vom
1761 2299 2819 2356 die Beziehungen, die er zu dessen Beckut unterhalten,
1746 2333 2836 2443 mit Trug und Halbwahrheiten himch — aber die Frau,
1738 2399 2811 2482 die dieser „großen Szene“ ungefehen beigewohnr, erfaßt
433 2390 1378 2528 Wiener Theaterbilder#““
1747 2519 2800 2570 mit allen Fasern ihres Lebens gekettet ist und dessen
391 2510 1399 2596 Burgtheater. „Komödie der Worte“ drei
1746 2562 2806 2628 seltsame Mischung von Harmlosigkeit und Niedertracht
312 2575 1387 2653 Einakter von Artur Schnitzler. Die Gesellschafts¬
1738 2618 2796 2679 sie an einer Stelle glänzend chatatterisiert. Wird hier
311 2615 1400 2694 verhältnisse zwingen in am, Kömödie zu spielen.
1735 2665 2810 2741 der Mann gegenüber der sittlichen Größe der Frau
317 2669 1399 2755 Das Wort wird da zum Werkzeng. Es deckt und ver¬
1740 2711 2804 2772 hinabgedrückt, so wächst er im dritten Stück Das
308 2716 1396 2792 steckt Gedanken und Gefühle und schafft nur zu oft be¬
1735 2775 2799 2824 Bacchussest vom bloßen Täuscher und Virtuosen
302 2771 1396 2844 trogene Betrüger. In seiner geistreichen, psychologisch
1733 2815 2814 2872 des Wortes zum Herrscher über Seele und Schicksall
309 2812 1405 2882 vertiefenden Art zeigt uns Schnitzler dies an drei Bei¬
1747 2865 2807 2918 seines Weibes. Es ist eine meisterhafte Szene in der
298 2871 1386 2932 spielen. Von den Einaktern übte „Große Szene“
1738 2911 2796 2983 Bahnrestauration zwischen zvei Zügen, in der der Schrift¬
312 2896 1402 2970 die nachhaltigste Wirkung. Ein großer Komödiant spielt
306 2961 1396 3010 auch im Leben Komödie, stellt einen Charakter dar, den
1736 2962 2798 3031 steller Felix Staafer sein Weib zurückerobert — freilicht
1733 3005 2793 3073 hat es der Dichter dem Kollegen im Stück etwas leicht
299 3011 1396 3085 er bei seiner Kunst verloren. In der „Stunde des
307 3058 1391 3133 Erkennens“ wird zwischen Mann und Frau eine
1741 3057 2795 3130 gemacht, da der Rivale denn doch eine zu große Null
300 3107 1388 3164 zehn Jahre alte Schuld abgerechnet; während!
1736 3115 2803 3176 ist und dem Wortfeuerwerk nur die Würde der Verlegen¬
296 3154 1386 3214 „Das Bacchussest“ — der schwächste der Einakter¬
1731 3163 2802 3236 heit entgegenstellen kann und schließlich fortgeschickt wird.
297 3212 1394 3271 reihe — das Zurückfinden zum gesetzlichen Gatten dar¬
1733 3208 2802 3273 Das sind alles nur Andeutungen — wie bei jedem
294 3248 1380 3304 stellt. In allen Stücken spielt Harry Walden die
1729 3261 2806 3327 großen Dichter gibt es eine Fülle von Nebenbezügeng
295 3302 1387 3374 Titelrolle mit großer Meisterschaft. Jedesmal ein ande¬
1734 3312 2806 3369 von Lebenselementen, die über das Stoffliche binaus¬
284 3362 1378 3422 rer, aber immer ein Künstler von überragender Charak¬
1729 3360 2796 3410 weisen in das weite Land der Menschenseele. Schade)
292 3386 1384 3480 terisierungsgabe. Die drei weiblichen Partien wurden
1727 3411 2800 3473 daß der Dichter durch manche Länge uund durch burleske
287 3459 1377 3525 von denz Damen Bleibtren, Medelsky und
1731 3462 2787 3510 Scherze den tiefen Ernst seiner Problei,##tik schädigt —
294 3496 1385 3570 Wohlgsmuth mit starkem Hineinleben in ihre
1725 3507 2800 3567 er hätte diese Theaterelevin oder den Bahnportier wirk¬
293 3546 1376 3610 Rollen dirgestellt. In den anderen Partien traten die
1722 3556 2789 3633 lich nicht nötig gehabt und braucht nicht nach der Ga¬
288 3602 1382 3663 Herren Devrient, Tiedtke, Baumgartner,
1731 3606 2801 3674 lerie zu schielen. Die herzliche Aufnahme, die die dreit
303 3641 1406 3727 Jomberg, dem künstlerischen Geist des Burgtheaters¬
1727 3672 2794 3725 Komödien im Burgtheater wie gleichzeitig im Darm¬
271 3691 1380 3782 nen Ehren verhelsend, hervor. 904a—A.¬—
1726 3707 2801 3772 städter Hoftheater gefunden haben, läßt dem Werke ein
1719 3759 2815 3827 langes Theaterleben prophezeien, das freilich untrennbarl.“
1723 3807 2781 3885 mit dem Worte und der Kunst des Schauspielers ver¬
2296 3851 2766 3947 Dr. Mar Pirker.
1716 3855 1962 3952 knüpft ist.
