3392 4320
1303 173 1368 243 W
316 181 577 276 26. 1
617 184 2038 288 Konoedie der örte VKIS
221 327 657 403 n, weil sich soviel gute
662 338 1899 428 regiert alle drei Stunden. Er ist in allen Stücken der Ehemonn, ist
248 374 656 444 Ein Untergrund von
658 382 1894 470 Arzt, Schauspieler, Schriftsteller, und wirtschaftet aus dem Vollen
235 403 657 482 ustig nimmt. Wenn er
660 428 1894 517 und Vollsten. Manchmal scheint es, als ob es nicht nur Temperament
227 464 645 524 st stets ein Lächeln der
660 471 1900 552 wäre, was so überstark aus ihm herausprasselt. Es ist, als ob er
227 509 649 561 Prade dann blüht alles
663 510 1901 589 der natürlichen Kraft, die in ihm ist, nicht genügend vertraute.
226 542 644 608 ann steht seine Sprach¬
666 549 1892 621 Welch' ein Irrtum! Er soll ihr nur vertrauen, und nicht alles
224 587 644 645 it, und er entwickelt
653 588 1903 677 zweimal, dreimal, sechsmal sagen und agieren. Die drei Frauen
224 629 643 695 allen Zügen, daß wir
645 630 1901 718 sind Lina Lossen, voll von feinsten Schwingungen, wenn sie
239 675 642 747 orte“ vor uns zu
649 680 1900 764 auch das mehr menschliche als darstellerische Glück genießt, daß man
647 720 1894 786 ihr nie eine Eheirrung zutrauen kann — Else Bassarmann, die
255 733 636 816 Einaktern „Großo
650 756 1895 825 das bürgerlich=täubchenhafte gut brachte — und Traute
251 798 632 859 Hier empfanden wir
655 801 1891 895 Dumcke=Carlsen mit hübscher Drolligkeit. Max Landa,
248 844 642 901 Beifall für alle, der
652 845 1878 929 Theodor Loos, Karl Forest, in einer kleinen Rolle
244 881 641 943 rsteller, war besonders
656 886 1886 979 Sybille Binder und Kurt Götz spielten besten Schnitzler¬
642 927 764 996 Ton.
280 933 627 990 Wir sahen hier in
1528 949 1842 1022 Fritz Engel.
242 967 635 1033 t wird, um zu halten,
231 1011 633 1073 ist der große Schau¬
694 1019 1884 1104 Zu Beginn des zweiten Stückes gab es eine kleine Unter¬
232 1045 644 1112 eucheln von sich stößt,
638 1064 1886 1126 brechung. Es wurden Geräusche hörbar, die auf ausströmende Dämpfe
228 1097 1875 1189 von neuem an sich zu oder niederfallende Wasserstrahlen schließen ließen. Der Vorhang fiel.
235 1140 629 1195 wir kennen ihn durch
639 1138 1879 1227 Nach einigen Augenblicken erschien ein Feuerwehrmann und erklärte,
232 1178 620 1240 der „Letzten Masken“.
635 1178 1876 1264 daß sich an der Dampfheizung ein Schaden ergeben habe. Kurz darauf
233 1219 628 1284 ührung als ein Kind,
650 1234 1893 1296 wurde das Spiel wieder ausgenommen. Das Publikum hatte sich im
263 1262 626 1320 ierten Egoisten, dem
641 1272 1421 1345 allgemeinen ruhig auf den Plätzen gehalten.
393 1305 634 1363 en Menschen,
424 1351 628 1402 eine Rolle
458 1394 629 1443 ann. In
474 1430 634 1488 chnitzler
439 1474 621 1534 alt, dem
475 1514 571 1571 keit e
1093 1518 1834 1603 Dr. Max Goldschmict
1111 1589 1815 1646 Bureau für Zeitung-aus eir Site
486 1602 594 1663 Theate
1194 1635 1267 1686 f. 4
1009 1626 1249 1716 BERL
1435 1620 1898 1686 Telefen Norden 5051.
480 1641 619 1717 als ein
1559 1664 1687 1724 —11
940 1701 1250 1772 Aussengitt-e
506 1712 597 1781 Auch
497 1809 618 1868 fühlt
371 1847 621 1911 griff ist, ihm
1114 1815 1888 1932 Gte Derne XS
347 1892 622 1953 gibt er nicht
260 1934 613 1996 Dumme wird aufs
238 1977 606 2037 mehrt Schnitzler die
1023 1951 1778 2049 Theater und Mustt.
254 2019 611 2077 sinnvolles Kapitel,
1162 2042 1608 2125 Lessing=Theater.
246 2061 537 2117 ast hervorblitzt.
258 2104 613 2159 „Stunde des Er¬
929 2103 1853 2193 Schnitzler, „Komödie der Worte“.
255 2143 612 2204 Szene“ im wesent¬
239 2183 613 2247 ohmen. Barnowskys
873 2161 1974 2240 Die uralt=ewige Pilatusfrage: Was ist Wahrheit?, in
255 2224 639 2308 t Bassermann
789 2216 1986 2283 drei Einaktern mit geistreich=resigniertem Plauderton an
791 2274 1980 2333 drei Ehebrüchen abgehandelt, das ist der Ertrag des ge¬
785 2316 1980 2371 strigen Abends. Es ist nicht viel. Gewiß, manche amüsante
792 2366 1981 2407 Stelle, manches feingeschliffene Wort bleibt in der Er¬
782 2403 1977 2459 innerung. Aber im ganzen gibt's keine nachhaltige Wir¬
776 2450 1399 2516 kung: „Komödie der Worte“.
864 2488 1986 2536 Der Arzt Dr. Eckold hat gewartet, bis seine Tochter ver¬
790 2524 1984 2594 sorgt ist. Da erst, in zehn Jahre lang aufgespeicherter und
782 2585 1973 2633 aufgesammelter Rachbegierde, weist er seine Frau aus dem
786 2629 1985 2682 Hause wegen eines Ehebruches mit seinem auch beruflich
787 2672 1973 2727 glücklicheren Nebenbuhler. Mit dem aber ist die Frau nicht
789 2714 1981 2763 schuldig geworden. Ein anderer war's. Doch sie läßt ihn
785 2748 1975 2815 dabei und geht fort in dieser „Stunde des Erkennens“
791 2807 1978 2875 da sich ihres Gatten Wesen und zehnjährige Lüge ihr offen¬
791 2848 921 2919 bart.
870 2867 1973 2946 Der berühmte Schauspieler Herbot hat Edgar Gleys
779 2925 1982 3002 Braut verführt. Als der kommt, ihn zur Rechenschaft zu
778 2974 1983 3032 ziehen, spielt der große Mime ihm eine „große Szene“ vor
791 3015 1982 3061 und berauscht sich selost so sehr an seinem Spiel, daß Wahr¬
785 3063 1979 3122 heit und Lüge ihm verschwimmt. Seine Frau, die ihn um
782 3109 1989 3154 dieses Seitensprunges willen auf kurze Zeit seinerzeit ver¬
785 3149 1983 3210 lassen und ihn jetzt belauscht hat,ist angewidert von der inneren
777 3182 1994 3251 Unwahrhaftigkeit dieses großen Kindes und Egoisten, aber
786 3235 1999 3304 als er umstrahlt von Ruhm im Hamletkostüm vor ihr steht,
786 3289 1769 3356 fehlt ihr doch die Kraft. und sie bleibt allzugern.
871 3311 2001 3384 Das „Bacchusfest“ gab einst für eine Nacht völlige Frei¬
785 3368 1985 3415 heit und das, was in ihr geschehen war, blieb vergessen.
786 3420 1997 3467 So holt auch der Schriftsteller Staufner in dem Wartesaal
793 3459 1986 3510 einer österreichischen Gebirgsstadt sein Frauchen von einer
785 3495 1998 3554 Extratour mit einem etwas törichten Chemiker sich wieder
787 3539 1994 3605 zurück, ohne dessen, was dazwischen liegt, gedenken zu
791 3593 967 3657 wollen.
878 3639 2009 3711 Drei magere, zum Teil auch etwas unwahrscheinliche
785 3680 1987 3739 Fabeln. Aber nicht das Aeußere und Stoffliche ist es, was
796 3733 1989 3786 Schnitzler interessiert, sondern mit kühler Gelassenheit will
791 3767 1992 3828 er nur die Seelen seiner Figuren analysieren, das Spiel
782 3812 1993 3856 von Wahrheit und Lüge, die Verquickung von Schein und
781 3854 2003 3906 Sein aufzeisen. Darum sind die drei Einakter, in denen
791 3889 1994 3950 das gleiche Thema erst ernst und schwer, dann heiter und
786 3937 1997 3996 launig, schließlich grotesk=ironisch abgehandelt wird, drei
788 3980 1997 4048 echte Schnitzler; sie lassen letzten Endes unbefriedigt und
801 4033 1066 4114 gleichgültig.
2193 162 2647 253 box 32/3
2074 1925 3192 1986 Die tragenden Rollen spielte Bassermann mit
1975 1962 3190 2044 merkwürdigen Masken und sorgsamstem, ja übertriebenem
1984 2014 3179 2070 Unterstreichen jedes Wortes im ersten und dritten Stück.
1985 2057 3184 2113 Trotzdem ließ er hier im allgemeinen kalt. Aber in dem
1976 2109 3185 2168 zweiten Stück der „Großen Szene“ riß seine ungebundene,
1983 2157 3192 2210 ausgelassene Munterkeit alles mit sich fort. Sein Herbot
1997 2188 3185 2248 ist wirklich der große egoistische Junge, dem man trotz aller
1986 2242 3184 2283 Lüge und Häßlichkeit im Gründe nicht böse sein kann. Die
1985 2281 3186 2338 drei Frauen waren bei Lina Lossen, Else Basser¬
1994 2309 3191 2382 mann, Traute Dumke=Carlsen (namentlich bei der
1986 2373 3189 2434 ersten) in den besten Händen. Karl Forest bot mit seinem
1989 2411 3184 2474 Theaterdirektor in seinem selbstironisierenden Spiel eine
1989 2456 2561 2520 vorzügliche Episodenfigur.
2067 2507 3193 2568 Der Beifall war groß, namentlich nach dem zweiten
1991 2543 3186 2608 Stück, trotzdem es vorher fast eine kleine Panik gegeben
1993 2585 3194 2652 hatte. Ein Schaden im Heizrohr hatte das Publikum in
1994 2630 3199 2704 Unruhe gebracht. Das Spiel mußte unterbrochen werden
1986 2672 3240 2743 und die Feuerwehr vor dem gesunkenen Vorhang erst#
1986 2703 3226 2768 trösten: „Es ist nichts!“ Die Zuhörer und Spieler fanden
1996 2761 3168 2815 sich jedoch bald wieder in den Zusammenhang zurück. —
2064 2805 3202 2881 Eine Anmerkung: Ist es nicht merkwürdig, vielleicht
1987 2853 3196 2914 auch ein wenig beschämend, daß einer der nahmhaftesten
1991 2895 3194 2970 Vertreter des deutschen Schrifttums im Jahre des großen
1988 2938 3197 2999 Krieges Zeit und Muße findet, geistreichen Ehebruchs¬
1990 2980 3195 3038 analysen nachzugeben? Oder darf man hoffen und sagen, es
1999 3025 3192 3089 ist das letzte Anklingen der Dekadenz, mit dem die gewal¬
1989 3065 3184 3142 tige Gegenwart auch auf dem Gebiete der Kunst aufräumen
1992 3111 2137 3180 wird?
2789 3111 3149 3185 Dr. Kastner.
