3296 4352
1202 216 1271 286 W
643 232 731 287 I (
232 241 1940 323 26.1. Kdie der orte Zyklus
400 523 1028 636 Ausschnitt aus:
401 626 916 709 vom: 12 10. 19|5
402 738 1558 814 Artur Schnitzlers „Komödie der Worte“ eine neue
367 786 1563 866 Reihe von Einaktern, hat gestern gleichzeitig mit Darmstadt die
364 836 1566 912 Wiener Uraufführung gehabt. Von Anton Bettel¬
358 876 1558 945 heim wird uns dazu gedrahtet: „Kranke Ehen“ zeigt Schnitz¬
363 935 1556 987 ler in jedem Einakter. In der „Stunde des Erkennens“
364 979 1551 1042 treibt ein grausamer Arzt nach der Verheiratung seiner Tochter
361 1021 1552 1096 seine Gattin wegen ihres verjährten Treubruches aus seinem
370 1072 1553 1140 Haus. Im „Bachusfest“ versucht ein Literat seine Frau, die
359 1111 1559 1182 Seitensprung mit Seitensprung heimzahlt, durch wunderliche
359 1155 1555 1223 Theorien der Saturnalien=Freiheit umzustimmen. In dem weit¬
354 1201 1552 1268 aus wirksamsten witzigen Schauspielerstück „Große Szene“
363 1235 1550 1309 parodierte Schnitzler die Komödiennatur eines Wandervirtnosen.
351 1286 1559 1364 Die Darstellung des Burgtheaters war mustergültig; zumal Harry
354 1329 1217 1414 Walden triumphierte in drei Hauptrollen.—
480 1656 1649 1765 Ausschnitt acerliner Börsen Courier, Berli
1038 1732 1470 1817 Morgenausgabe
484 1779 651 1848 vom:
565 1789 1469 1988 Theater und Musik
669 1965 1396 2043 Schnitzlens Eina###e=Zyklus.
506 2022 1564 2086 Urauffährungen in Wien und Darmstadt.
563 2084 1557 2150 Gestern gelangten gleichzeitig in Wien und Darm¬
506 2116 1557 2177 stadt drei neue Einakter von Arthur Schnitzler
517 2171 1564 2224 zur Uraufführung, die unter dem Titel „Komödie der
515 2210 1563 2265 Worte“ zusammengefaßt sind. Das erste Stück
502 2248 1560 2302 „Stunde des Erkennens“ behandelt die um
514 2291 1553 2344 zehn Jahre sich verspätende Auseinandersetzung eines
515 2336 1563 2395 Ehepaares, die von dem wissenden Gatten bis zur
505 2366 1550 2420 Heirat der einzigen Tochter verschoben wurde. Die
511 2417 1542 2471 Frau verläßt unter verdächtigen Umständen das Haus¬
550 2442 1570 2523 Der zweite, sehr lustige Einakter heißt Große
514 2490 1587 2579 Szene“, spielt in der Theateratmosphäre und schildert]
510 2548 1555 2599 die nervöse Situation, wie das Auftreten eines sehr
521 2591 1543 2652 großen Künstlers von einer häuslichen Affäre ab¬
516 2631 1552 2682 hängig wird. Die eben von einer nach Scheidung
511 2675 1604 2718 aussehenden Reise heimgekehrte Gattin will wieder
515 2711 1558 2770 die Flucht ergreifen, als sie den Mann schamles“
500 2757 1560 2809 lügen hört. Er aber will um keinen Preis auftreten,
507 2795 1546 2844 wenn sie nicht der Vorstellung beiwohnt. Knapp vor
510 2829 1566 2880 Beginn der Vorstellung entscheidet sich das Stück für
511 2881 1529 2947 die Hamlet=Aufführung und läßt über die drollig¬
508 2922 1355 2974 satirische eigene Szene den Vorhang fallen.
542 2960 1549 3027 Das dritte Spiel heißt „Bacchusfest“, behandelt ein
505 2986 1558 3078 ähnliches Problem rings um die Berühmtheit eines
510 3055 1551 3100 Schriftstellers, dessen zur Trennung bereite Frau
514 3100 1540 3150 hon dem umsichtigen Manne festgehalten wird,
496 3130 1543 3187 während ihr Verehrer weggeschickt wird. Da die
509 3176 1546 3229 Situationen im Wartesaale des Bahnhofes vor sich
503 3223 1564 3283 gehen, gewinnt das Stück an äußerer Wahrschein¬
507 3257 663 3327 lichkeit.
558 3284 1548 3370 Im Darmstädter Hoftheater hatten die
498 3347 1554 3403 drei Einakter einen ganz außergewöhnlich starken Er¬
943 3393 1272 3427 (Findwick diesen
505 3395 1544 3444 folg. Der nachhaltige Einorau dieser brei Stücke, die
507 3440 1540 3490 zweifellos zu den besten Schnitzlers gehören, ist auch
987 3476 1038 3509 hr
507 3478 862 3530 der trefflichen
855 3482 1554 3542 Aufführung unter Regisseur
494 3511 1543 3564 [Baumeisters Regie und der Darstellung
499 3561 1551 3604 durch die Herren Harprecht Heinz, Schnei¬
494 3594 1537 3662 [der Ehrle, Weisker und die Damen Pils,
496 3647 1545 3695 [Gothe und Meißner zu danken. Ein glücklicher
502 3680 1545 3733 Gedanke erscheint es gegenüber der Buchausgabe, daß
502 3723 1545 3772 der Einakter „Große Szene“ an den Schluß gestellt
500 3772 1545 3818 wurde. Diese stark satyrische Komödie wurde stür¬
502 3800 1548 3851 misch bejubelt. Das „Bacchusfest“, das zwischen
496 3833 1547 3905 Ernst und Scherz schwankt, und der literarisch wert¬
502 3884 1547 3939 vollste Einakter „Stunde des Erkennens“ fanden ein
503 3924 1559 3977 höchst aufmerksames und dankbares Publikum. Das,
498 3968 1518 4025 Großherzogspaar wohnte mit Gästen der höchst intge
501 4002 1533 4066 essanten Aufführung bei, die für Darmstadt ein
494 4047 1478 4117 literarisches Ereignis allerersten Ranges bedeutét.
2099 207 2549 302 box 32/2
2411 1833 2733 1935 #onnegewun
2265 1909 2988 2077 Deen Wiener Abendbhaf
1946 1945 2350 2042 Ausschnitt aus:
2552 2023 2736 2096 Wien
1963 2058 2384 2137 vom: 130Kf 1915
2116 2190 3044 2298 * Aus Darmstadt wird uns telegraphiert:
2000 2250 3058 2355 Atur Schnitzlers drei Einaktey „Komödie
2017 2303 3050 2396 iser Wörte“ hatten gestern, am Farmstädter Hof¬
2015 2331 3060 2448 sheater unter Baumeisters Regigaufgeführt, einen
2011 2404 3049 2472 Großen Erfolg, der besonders“ dem zweiten und
2014 2424 3054 2554 dritten Stück galt. Der Voestellung wohnten der
2030 2482 3051 2587 Großherzog und die Größherzogin mit vielen
2023 2525 3059 2616 Gästen bei. Ferner waren Fahlreiche deutsche Theater¬
2029 2601 2459 2680 direktoren anwesend.
2940 4110 3217 4191 —
