3392 4352
2108 201 2555 298 box 32/1
244 203 2070 318 26.1. Kongedie der Norte zykius
1078 1233 1514 1321 Ausschnitt aus:
1499 1241 2281 1349 gillustr, Beise- u. Bäder Zeitun
1665 1328 2150 1412 Dreeden-Eiasewitz.
1102 1351 1253 1411 vom:
1693 1387 2207 1505 1ane Giase
1129 1494 2277 1602 Nun zum Schluß die hohere Kunst! Auch hier kann),
1019 1566 2255 1623 ich nicht alles so besprechen, wie ich gerne möchte. So
1011 1624 2265 1689 waren vom 19. bis 23. ds. Mts. 5 (!!) Erstaufführun¬
1016 1682 2259 1744 gen in Wien. Ueber einiges werde ich in einem Nach¬
1019 1724 2269 1776 trag berichten. — Die Hoftheater hatten Gastspiele und
1019 1774 2275 1828 Debüts, die ich übergehe. Nur=Schnitzlers „Komödie der
1016 1819 2265 1885 Worte“ im Hofburgtheater verdient einige Bemerkungen.)
1016 1878 2265 1934 Das Ganze ist, wie stets bei Schnitzler: Der Mann und
1011 1925 2259 1990 die Frau vom erotischen Standpunkt aus betrachtet. Ich
1016 1974 2263 2031 halte nicht allzu viel von Schnitzler, wenn er auch die
1013 2032 2264 2082 eine Walze virtnos beherrscht. Gespielt wurde sehr gut.]
1027 2075 2259 2131 Ich nenne: Herrn Walden, Fr. Medelsky, Hrn. Tiedtke,
1019 2126 2264 2204 Hrn. Devrient, Hrn. Romberg, Hrn. Baumgarten, Frl.
1016 2182 2260 2240 Kutschera, Fr. Bleibtreu und Frl. Wohlgemuth. — Das
1045 2231 2274 2295 „Deutsche Volkstheater“ ist und bleibt unsere vornehmste
1024 2282 2291 2358 Schanspletbihne. Desibeisen habe ich es im sehien Wie=;
969 2372 2223 2446 ner Brief so bedauernd ausgesprochen, daß man das
965 2441 2219 2499 Dörmann'sche Stück zur Aufnahme annahm. Nachzutra¬
972 2485 2219 2538 zen hätte ich noch vom Volkstheater die zwei Stücke („Der
962 2533 2230 2580 Retter“ und „Die Stunde der Entscheidung“) von Haus
967 2580 2221 2661 Satzmann, einem neuen Autor. Die erstaunliche Rontine
977 2637 2226 2705 des Verfassers der Komödien ist darauf zurückzuführen,
969 2689 2220 2743 daß der Mann viel geschrieben hat. Man wird weite¬
957 2728 2226 2807 ren Arbeiten dieses Autors mit Interesse entgegensehen.
976 2784 2223 2848 Gespielt wurde ausgezeichnet. Herrn Götz halte ich für
972 2840 2222 2905 einen hervorragenden Schauspieler. Sehr gut war Herr
964 2900 2225 2965 Kramer. Die Operettenbühnen Karltheater und Theater
974 2939 2219 2994 a. d. Wien bereiten diese Woche Erstaufführungen vor,
961 2981 2219 3043 iber die ich noch im Nachtrag sprechen werde.. Nur das
966 3039 2250 3109 Johann Strauß=Theater ruht noch auf „Rund um die
