3344 4352
2101 233 2542 332 box 32/9
242 240 1949 319 26. 1. Konoedie der Norte—Zuklus
808 1193 1155 1252 ue
1971 1225 2509 1318 (Quellenangabe ondie Gewähr.)
754 1229 1489 1341 Unien (Früher Politik) Prag
410 1265 747 1348 sschnitt aus:
2098 1293 2671 1380 REICHSPOST, WIEN
1688 1349 2108 1429 Ausechnitt aus:
887 1340 1117 1436 25.101.
413 1386 510 1446 m:
2162 1375 2474 1478 5-OEL 1915
414 1441 490 1494 1
717 1438 832 1515 Mn
1688 1457 1862 1526 vom:
800 1481 1137 1577 Cheater.
1868 1525 2913 1611 — Schnitzeers „Komödie der Worte“. In der Bei¬
678 1557 1245 1644 Liebenswürdige Kritik.
1857 1566 2903 1645 „Die scZaruckes „Literar. Zentral¬
1746 1627 2909 1692 blitt“ (Nr. 23, 1915), das bei Breitkopf und Härtel in
497 1610 1469 1696 im ciner Kritik der „Kölnischen Zeitung“ ülber
1746 1663 2914 1724 Läpzig erscheint, findet sich folgendes Urteil des Kritikers
432 1658 1475 1731 Stücke „Wiener Literaten“, nämlich Schönbergs
1751 1702 2912 1767 Shefeld über Schnitzlers „Komödie der Worte": „Es gehört
443 1729 1490 1789 „Weibsteufel“, Bahrs „Querulant“ unSchaltslere¬
1752 1741 2909 1815 wirklich einige Ueberwindung dazu, sich in
440 1767 1466 1809 „Komödie der Worte“, heißt es: „Die Werke sind so
1740 1786 2914 1862 diesen großen, weltgeschichtlichen Tagen mit Schnitzlers
439 1808 1471 1867 bar jeder echten schöpferischen, künstlerischen Kraft,
1755 1831 2912 1908 Ideen= und Gestaltenwelt zu befassen. Während niemals
436 1852 1483 1907 so im Letzten banal, daß der selige Anzemgruber in
1751 1878 2910 1957 die Tugenden der Deutschen in hellerem Lichte gestrahlt
430 1905 1484 1960 der Erinnerung vor diesen Erzeugnissen iast wie ein
1752 1922 2917 1981 haben, während alle, Männer wie Frauen, täglich
437 1944 1472 2003 literarischer Halbgott erscheimt. Ja, man fraßt, sich,
1739 1967 2915 2047 bewunderungswürdige Proben von Heldenmut, Selbst¬
431 1979 1478 2050 gegenüber den etwas krampfhaften Bemühungen der
1756 2004 2915 2079 verleugnung, Treue, Aufopferung geben, findet S.'s
428 2020 1463 2079 Leitung unseres Theaters, gerade jetzt den bundes¬
2365 2049 2915 2120 als Menschen vorzu¬
2095 2061 2325 2124 Besseres
1750 2061 2091 2127 Muse nichts
421 2061 1468 2146 brüderlichen Erzeugnissen in deutschen Landen An¬
2787 2084 2917 2171 sind,
2314 2100 2408 2161 i 8
2402 2093 2608 2151 ins 2
1751 2116 2049 2174 führen, die
422 2101 1475 2176 Verkeimnung zu verschaffen, nicht ohne Grund, ob es
1750 2134 2922 2200 erbärmliche, von ihrem kleinlichen Selbst aufgeblähte Wichte,
421 2146 1471 2230 nicht doch auch im jungen Deutschland Dichter gibt,
1744 2180 2916 2240 bei denen nichts als die Brunst groß ist und die in unauf¬
424 2197 1465 2266 die die viele aufgewendete Mühe besser lohnen als
1751 2225 2916 2289 hörlichem leeren Wortschwall vor den Zuhörern ihre nur
428 2253 1465 2300 das genamie Kleeblatt Wiener Literatentums, das
1755 2261 2931 2336 für die interessanten Erlebnisse und unsauberen Gelüste!
419 2300 1465 2363 nach den letzten Proben seiner Kunst völlig versagt
1749 2309 2922 2388 enthüllen. Die Einakterreihe „Komödie der Worte“ neben¬
430 2342 1471 2416 hat Nachdem wir mit Enttäuschung Schnitzler,
1757 2338 2936 2427 bei bemerkt, einer jener bei dem Verfasser beliebten weil
425 2378 1459 2447 Schönherr und Bahr so sehnell hintereihander an ei¬
2542 2393 2924 2456 alle möglichen
2436 2404 2515 2463 d
1763 2407 2446 2476 die Neugierde erregenden Titel,
422 2414 1467 2496 nem deutschen ###ater erleben konnten, mäg eine Ge¬
1763 2439 2924 2508 Deutungen zulassen und eigentlich gar nichts bedeuten,
423 2463 1461 2546 wissensirage kulturell-politischer Art gestattet sein:
1844 2486 2908 2545 eine Aneinanderreihung von Ehebrüchen in ver¬
1771 2508 1842 2559 ist
421 2509 1464 2586 Glaubt ernstlich jemand in Deutschland heute noch
2315 2514 2922 2584 Das also wäre der Gewinn,
1765 2541 2324 2606 schiedenen Spielarten ...
424 2564 1465 2625 an die Ueberlegenheit jener sogenamten österreichi¬
1770 2566 2920 2639 den wir aus der mit Recht erfolgten Aechtung der
421 2597 1468 2673 seinen Kultur, sei es nun Theater oder Kunstgewerbe,
1766 2610 2926 2691 —tranzösischen Sitten= oder vielmehr Unsittenkomödien gezogen
417 2642 1464 2719 oder sind nicht gerade jene letzten Dokumente eines
1767 2642 2924 2721 haben! Man vertreibt sie, um sie auf der anderen Seite
422 2688 1464 2764 wienerischen Literatenhums und jener viel zu sehr
1769 2691 2927 2766 in vergröberter Gestalt unter deutscher Maske wieder herein¬
427 2744 1455 2804 künstlich gezüchteten Geschmäcklerkunst Beweis da¬
1762 2753 2934 2807 zulassen. . . .. Und für dieses öde Machwerk waren
414 2787 1454 2846 für, daß unser trefflicher Bundesbruder in diesem
1770 2783 2921 2856 die ersten Kräfte des Wiener Burgtheaters ins Treffen ge¬
426 2824 1465 2897 Weitkrieg auch einer inneren Reformation an Haupt
1777 2839 2921 2892 führt worden, die wirklich auch aus dem Nichts etwas zu
421 2876 1453 2942 und Gliedern bedarf, um fortan im einer neuen
1775 2875 2930 2946 schaffen wissen! Man kann sie nur aufs herzlichste be¬
413 2916 1291 2975 deutschen Weltkultur bestellen zu können?“
1769 2913 2918 2984 dauern und ebenso auch uns, denen in diesen Tagen
498 2939 1472 3025 Die „Arbeitetzeitung“ bemerkt dazu: An¬
422 3003 1470 3067 genehme Herrschaften, nicht! Wobei man wohl sagen
1739 3038 2892 3105 nationaler Erhebung auf der einst ersten und immer noch
421 3043 1449 3106 kann, daß diese Theaterstücke aus Wien den Ver¬
1737 3080 2909 3151 ausgezeichneten deutschen Schauspielbühne etwas als Kunst
418 3089 1448 3142 gleich mit dem, was des „jungen. Deutschlands Dich¬
1746 3117 2911 3187 vorgeführt wird, was alles andere nur nicht deutsche
415 3135 1467 3198 ter“ an dramatischer Kunst im Kriegsjahr hervorge¬
1747 3172 2817 3236 Kunst vorstellt und wohl am treffendsten durch das von
401 3173 1143 3259 bracht hat, noch lange aushalten
1751 3202 2912 3286 selbs gewählte derbe Wort „moderner Dreckge¬
1743 3267 2132 3349 teuhreichnet wird.
