3344 4384
1241 206 1317 277 W
2143 195 2600 295 box 32/3
281 210 2073 304 26.1. Konoedie der -norte ZykIus
438 1207 1599 1302 Ausschnitt aus: Deutsche Tageszeitung, Berin
803 1272 1117 1364 240011915
2991 1291 3153 1387 S
443 1304 602 1374 vom:
1578 1367 3355 1432 Kern verlogene und vor allem deshalb unerträglich unanstän¬ lebendiger zu machen. Dafi
2795 1412 3357 1483 daherwuchtender Bahnhofsp
1586 1418 2799 1474 dige Geschichte dadurch minutenlang möglich, daß er den be¬
576 1342 1388 1489 Nomödie der worte.
1590 1454 2812 1516 fremdlichen Ehemann in der Maske und der Geste, mit den starren
395 1477 1554 1550 Drei Einakter von Arthur Schnitzler (Lessing=Theater).
1587 1502 2816 1556 Blicken des Wahnsinns spielte. Auch im „Bacchusfest“ half seine
2867 1521 3357 1587 In die ersten Auftritte
426 1535 1585 1585 Dem großen Mimen Konrad Herbot gelingt#es, in „großer
1591 1549 2804 1620 nervöse, überlegene Plauderkunst, hinter der sich gebändigter
2950 1580 3343 1648 werdendes Rolle
2784 1573 2962 1641 stärker
353 1586 1576 1641 Szene“ einen armen Trottel, dem er die Braut verführt hat, da¬
1591 1592 2571 1663 Grimm verbarg, über manche Peinlichkeit hinweg.
2930 1604 3292 1683 deshalb rasch
2804 1622 2932 1684 schon
354 1625 1589 1681 von zu überzeugen, daß der Verdacht Irrtum gewesen sei. Und
1655 1645 2810 1712 Mancher Vorzug des Schriftstellers Schnitzler ist auch an dieser
2812 1654 3302 1727 ihm mit mindestens
360 1669 1592 1735 so wundervoll spielt er die Rolle des unschuldig Angeklagten, so
1588 1684 2799 1758 Stelle willig anerkannt worden. Aber allmählich erstarrt seine
2905 1692 3347 1775 nebensächlichen Dialo
2811 1712 2914 1766 dem
354 1719 1587 1777 hingerissen bedient er sich eines mit der Dirne verabredeten Brief¬
1594 1743 2808 1805 Kunst, geistreiche Worte zu setzen, in Greisenhaftigkeit, und seine
2916 1747 3297 1813 laut, die die
2809 1758 2920 1810 men
358 1776 1584 1829 chens, daß er am Ende seinem eigenen Spiele glaubt und sich im
1594 1791 2804 1846 psychologischen Bohrversuche wagen sich an immer untaug¬
2806 1799 3354 1852 wissen wollten, dazwischen v
361 1828 1589 1889 Feuer der Posse selber einredet, mit dem Luderchen eigentlich gar
1586 1824 2808 1894 lichere Gegenstände. Selbst seine besten Freunde und über¬
2809 1843 3355 1895 Ruhe, und schon begamnen,
355 1868 1587 1923 nichts gehabt zu haben. Bassermann entfaltete hier alle
1583 1876 2806 1934 zeugtesten Anhänger werden die breite, selbstgefällige Geschwätzig¬
2799 1891 3357 1949 grund anschwoll, Damen de
351 1922 1583 1985 gleißenden Virtuosenkunststücke, strahlte von angeborener Liebens¬
1581 1919 2794 1971 keit dieser mit Fug als „Wortkomödien“ bezeichneten
2811 1934 3353 1981 immer nachdrücklicher und u
1585 1957 2801 2015 Dichtungen übel empfinden, werden die den Abend eröffnende
361 1963 1590 2030 würdigkeit, kindlichem Glauben an sich selbst und eitler Genialität,
2799 1975 3357 2035 langt wurde, fiel der Vorh
1590 2011 3336 2065 Tragödie als mühsam konstruierten Schwindel belächeln und für Feuerwehrmann gab kund,
362 2015 1585 2072 daß man den Einakter als glänzenden Komödiantenspaß gelten
1591 2049 2811 2104 die Geschmacklosigkeit des letzten Einakters, der Ehebruch und
2800 2048 3337 2118 Scharren und Rollen, das
362 2064 1590 2132 lassen konnte. Die breite Einleitung und Einkleidung mußte mit
1585 2099 2810 2148 Frömmigkeit in ganz ernsthaft gemeinte, breit ausgesponnene
2804 2103 3328 2160 stummte, verursacht hätte.
363 2111 1598 2178 in Kauf genommen werden, und der niedliche szenische Einfall
1587 2144 2806 2193 Beziehungen bringt, die Achseln zucken. Damit ist alles Erforder¬
2810 2149 3356 2214 Störung zu Ende gespielt
367 2165 1589 2229 am Schluß — Hamlet erscheint im Kostüm, um die
1591 2189 2820 2253 liche über den Kunstwert der drei Stücke gesagt. Vom national¬
1480 2208 1586 2268 mit
351 2191 1403 2262 zürnende Gattin ins Theater zu holen und
1583 2230 2821 2292 sittlichen Standpunkt aus wird vielleicht noch mehreres hinzu¬
364 2253 1589 2319 seiner Verlogenheit wie mit seiner Treulosigkeit end¬
1594 2270 2811 2333 zufügen sein. Schnitzler hat zu Anfang des Krieges angeblich
354 2295 1579 2350 gültig zu versöhnen. — Dieser letzte Witz hob die verflaute Stim¬
1592 2319 2820 2377 einige Torheiten über uns und unsere Feinde gesagt. Wer die
367 2340 1592 2392 mung wieder beträchtlich. Das Parkett rief begeistert Darsteller
1593 2362 2809 2420 Ideenwelt dieses Dramatikers aus seiner „Komödie der Worte“
361 2385 1589 2431 und Dichter. Beide wurden dankbarer noch begrüßt als der Feuer¬
1596 2396 2825 2480 kennen lernt, der wird ihm keinen Vorwurf wegen irgendeiner
366 2425 1592 2480 wehrmann, der bald nach Beginn des Stückes eine nicht vom
1589 2445 2818 2505 scheinbar nicht in diese Zeit passenden Redewendung machen. Denn
366 2464 1597 2543 Verfasser ersonnene, doch um so wirkungsvollere Einlage improvi¬
1590 2496 2809 2564 Schnitzler hat offenbar kein Organ für diese Zeit und ihre Not¬
359 2515 607 2585 siert hatte.
1585 2532 1928 2614 wendigkeiten. —
436 2554 1601 2621 Parkett und Ränge haben, wie die „Große Szene“, so auch
351 2594 1592 2653 die „Stunde des Erkennens“ und „Das Bacchusfest“ ohne Wider¬
1649 2580 2823 2670 Nur eines: Schnitzler spottet im ersten Stücke der Leute, die
364 2639 1596 2701 spruch aufgenommen. Allerdings lärmte nach dem ersten und
1592 2655 2818 2705 in vorgerücktem Alter noch immer Verse machen. Ihm selber ist
364 2686 1586 2744 dem dritten Einakter der Beifall nicht gerade absonderlich wild,
1597 2681 2826 2765 das Haar schon stark übergraut. Sollte er nicht manchmal ganz
368 2731 1609 2791 doch die Stimmung war und blieb günstig. Wenn ich mitteile, daß
1589 2740 2820 2799 heimlich auch der Leute spotten, die im vorgerückten Alter noch
373 2783 1593 2834 mild lächelnd gesehener, mild lächelnd verziehener Ehebrauch auch
1599 2789 2815 2844 immer die Melodie ihrer Pubertätsjahre wiederholen und nicht
367 2817 1593 2875 den Inhalt des „Bacchusfestes“ bildet, und daß die Damen, die
1597 2812 2826 2901 über das ausschließliche, knabenhaft fieberische Interesse am Ehe¬
362 2866 1590 2910 den Ehebruch für die „Stunde des Erkennens“ liefert, von Herrn
1593 2876 2206 2946 bruchs=Reigen hinauskommen?
364 2907 1602 2960 Schnitzler als eine überaus edle, überaus kluge Frau geschildert
1651 2936 2825 3006 Die vorgerückte Stunde gestatter heute nicht, die Leistungen
367 2950 1602 3002 wird, so weiß man, in welchen Vorstellungen und Gedankenkreisen
1591 2977 2829 3045 der neben Bassermann stehenden Künstler nach Gebühr zu würdi¬
366 2996 1592 3059 sich unser Poet bewegt, welche Kost im heiligen Jahre 1915 seinem
1586 3019 2824 3087 gen. Lina Lossen, die nach zehn Jahren zur Rechenschaft ge¬
367 3039 1592 3092 Publikum mundet. „Das Bacchusfest“ erinnert an gewisse,
1601 3078 2833 3139 zogene Frau, sprach ihre ausgetüftelten Weisheiten mit Inner¬
372 3073 1592 3132 schnitzlerisch umgeformte Mysterien des alten Hellas: ein Tag im
1590 3108 2837 3172 lichkeit; Else Bassermann, des Helden eheliches Gespons in
364 3125 1596 3181 Jahre ist für eheliche und sonstige Verirrungen frei, erst die
1580 3147 2837 3220 der „großen Szene“, kam über die Schablone nicht hinaus. Im
366 3163 1586 3212 Wiederholung erzwingt Strafe. In der „Stunde des Erkennens“
1590 3186 2816 3256 Gänschentum blieb Traute Dumcke=Carlsen stecken; ihret¬
370 3207 1592 3267 wird uns ein Ehemann vorgeführt, der zehn Jahre lang wartet,
1591 3245 2823 3299 wegen hätte sich der schriftstellernde Gemahl kaum in die geisti¬
358 3257 1599 3312 bis er seiner Frau ihr Verbrechen vorhält, zehn Jahre ruhig,
1598 3282 2842 3347 gen Unkosten seines „Bacchusfestes“ gestürzt. Theodor Loos, als
363 3285 1595 3339 als sei nichts geschehen, ohne ein Wort, eine Miene der An¬
1593 3333 2831 3394 betrogener Unglückswurm und belogener Bräutigam, streifte mehr
365 3341 1596 3399 spielung, getreulich neben der Ungetreuen hinlebt. Dabei sollen
361 3381 2828 3449 wir, nach Schnitzlers Auffassung, zum mindesten zu dieser Gattin als wünschenswert die Karikatur; Carl Forest und Max
374 3424 2856 3497 mit Ehrerbietung aufschauen. Bassermann machte die im[Landa vermochten ihre nicht übermäßig dankbaren Rollen nicht
