3296 4352
1678 106 2829 168 begreiflich, daß füngst ein e
1679 156 2931 212 Schinken ist in dieser Operette vorgeschrieben — das ist das reine
1674 214 2931 259 Ausstattungsstück!“ Im Deutichen Volkstheater wird eine Komödi¬
1677 256 2932 308 vorbereitet: „Am Teetisch“ in drei Akten und vier Mahlzeiten Einig
1680 296 2934 349 Mahlzeiten dürfte der Rotstift des Regisseurs streichen, sie sind jetz
1682 359 2921 404 kostspieliger als die Dekorationen. Auch in der letzten Burgtheater
1683 404 2920 458 novität, in dem Schnitzlerschen Einakter „Das Bacchusfest“ de¬
1684 443 2924 507 in der Wartehalle eines Baynhofes spielt, hat die Regie die
1684 495 2921 548 Aufgabe, für ein echtes Büfett zu sorgen. Das Büfett macht den
1675 542 2929 597 Burgtheater alle Ehre, es liegen die schönsten Delikaiessen auf
1676 588 2920 650 Und in der großen Szene werden tatsächlich fünf Stück Gugelhup
1675 647 2922 695 verspeist Auf Fräulein Wohlgemuth entfällt ein Stück, au
1683 688 2924 742 Harry Walden und auf Herrn Romberg je zwei. Da der Gugel
1679 737 2933 800 hupf von einer der ersten Kondiwreien stammt, meinte Her
1681 786 2934 844 Romberg: „Von allen Stücken der letzten Jahre freue ie
1685 832 2712 889 mich — auf diese zwei Stücke am meisten“
1795 864 2928 950 Ein guter Titel ist nicht zu unterschätzen. Er wirkt wie ei
1687 922 2929 983 lockendes Schild: „Hereinspaziert, meine Herrschaften!“ Ma
1681 977 2923 1029 findet ihn oft schwerer als den Stoff oder die Melodien. Heuer zer
1682 1020 2925 1067 brechen sich nicht weniger als drei Librettisten und zwei Kom
1684 1082 2910 1133 ponisten die Köpfe, um einen hübschen Titel zu finden. I
1689 1117 2918 1179 Carl=Theater hat die Taufe der nächsten Novität keine gering
1681 1183 2927 1223 Schwierigleiten bereitet. Die neue Operette von Reinhardt wa
1696 1217 2928 1274 fix und fertig, nur der Titel fehlie bis zum letzten Momeni
1683 1257 2934 1331 Man konnte sie aus diesem Grunde gar nicht anzeigen. Direkto¬
2474 1315 2570 1367 die
2605 1309 2941 1372 Komiker des
1833 1311 2247 1390 Regisseur sannen
2299 1313 2427 1381 nach,
1680 1317 1836 1380 und
2623 1342 2948 1429 hin und her.
1681 1353 2602 1427 Hauses, ja selbst der Inspizient grübelten
2622 1396 2945 1466 Titel finden.
1685 1417 2611 1490 es wollte sich aber kein passender
1685 1453 2944 1513 Der eine Autor meinte: „Wenn ein Stück beim Theater ein
1689 1520 2942 1567 großer Erfolg wird, ist der Titel ganz nebemächlich.“ Worauf der
1689 1544 2943 1609 Regisseur entgegnete: „Wenn wir das ganz sicher wüßten könnie
1685 1608 2944 1661 man ja die Operette ganz ohne Titel aufführen.“ Herr Oester¬
1680 1657 2947 1710 reicher war anfangs ziemlich verzweifelt Da er aber auch im
1679 1685 2946 1763 Privatleben einen witzigen Dialog spricht, fand er sich mit Galgen¬
1692 1750 2962 1814 humor in die Situation. Jeden Bekannten auf der Straße fiel er
1692 1796 2945 1856 mit den Worten an: „Haben Sie keinen Titel für meine
1687 1841 2939 1896 Operette?“ Bei den Proben beugte er sich plötzlich zum Souffleur
1681 1879 2958 1942 mit der gleichen Frage Und als ihm einmal der Piklolo vom
1688 1947 2952 2008 nahegelegenen Restaurant das Gabelfrühstück auf die Bühne bringt,
1683 1990 2540 2054 richtet er auch an diesen die ewige Frage.
1816 2038 2953 2103 Alle Beteiligten, Bekannten, ja selbst die Familie sammelte
1678 2084 2712 2157 nun Titel. So waren bald die folgenden beisammen:
1916 2136 2304 2202 Dis berühmte Liebe,
1922 2186 2331 2242 Die interessante Frau,
1930 2230 2310 2273 Der Triumphwagen.
1912 2261 2336 2322 Menn zwei sich tüssen.
1919 2307 2232 2363 Das Glückskind.
1922 2352 2227 2406 Die ewige Eva.
1928 2378 2583 2446 Das Glück auf dem Präsentierteller.
1921 2426 2367 2474 Die Heirat um die Ecke
1774 2454 2308 2520 5 Die Ehe auf Raien.
1789 2484 2955 2581 Schließlich schlug einer den Titel vor: „Die Frau von
1686 2557 2950 2646 ge# n" Er gefiel allen, nur Herr Oesterreicher meinte: „Dann
1683 2604 2558 2669 würre es also auf dem Theaterzettel heißen:
1819 2630 2948 2722 „Heute und die folgenden Tage: „Die Frau von
1694 2706 2953 2777 gestern"“ So verwarf man dann auch diesen Tiiel, der zu dem
1697 2770 2964 2820 Stück am besten passen würde, und blieb endgültig bei „Die
1698 2798 1930 2869 erste Frau“
1815 2828 2965 2908 Die gleichen Titelsorgen hatte man auch im Theater an der##
1696 2901 2958 2971 Wien für die nächste Novität von Eysler, die ursprünglich „Leutnant
1699 2950 2955 3011 Gustl“ hieß, was in der jetzigen Zeit aber nicht tatsam schien.
1683 2998 2950 3052 Man entschloß sich, das Werk „Wenn zwei sich lieben“ zu nennen.
1814 3048 2939 3102 Manchmal haben auch Soubretten klassische Anwa dlungen
1696 3092 2947 3142 Abend für Abend obliegt es ihnen, die anderen lachen zu machen
1697 3152 2940 3201 und so wissen sie sich an einem der seltenen freien Sonntags.
1696 3177 2948 3257 nachmittage nichts besseres, als sich durch die edelsten Schöpfungen
1701 3242 2948 3296 deutscher Dichtkunst rühren zu lassen. Wenn Frau Zwerenz einmal
1695 3285 2932 3341 frei hat kann man gewiß sein, sie in einer klassischen Nach¬
1692 3328 2936 3395 mittagsvorstellung zu finden, wo sie mit der Inbrunst einer
1687 3384 2938 3437 höheren Tochter der edlen Sprache Schillers, Goethes oder
1694 3426 2939 3476 Grillparzers lauscht. Als vor einigen Sonntagen im Deutschen
1690 3482 2944 3533 Volkstheater „Kabale und Liebe“ aufgeführt wurde, saß sie, man
1694 3521 2942 3580 fann nicht sagen seelenvergnügt, aber in erhobener Stimmung
1693 3570 2946 3628 in einer Loge. Und als sie wegging, wunderte sie sich
1701 3622 2946 3682 Freunden gegenüber, warum die Darsteller auf der Bühne
1691 3676 2936 3725 immer so erstaunt zu ihr hinausgesehen und sich darüber
1697 3702 2933 3777 anscheinend amüierten, daß sie sich den Schiller ansah
1700 3764 2912 3815 Die Schauspieler erzählten ihr darauf die Geschichte jener einst
1684 3815 2927 3866 maligen Soubrette des Josefstädiertheaters, die Jahre hindurc
1688 3852 2934 3915 Abend für Abend auf den Bretteln, die ihre Welt bedeuten, ge¬
1677 3893 2953 3974 standen war, und als sie die Wonnen eines gemischten Revertoires!
