3344 4320
2045 143 2490 257 box 32/1
185 158 1928 265 26.1. Kongedie der Worte Zuklus
913 1238 1123 1336 N
2078 1255 2166 1361 n
84 1314 3122 1438 Wuglhupf und Zigarette nach Paris heim= verließ — dieser infame Hallunke stiehlt sich in Und da ist dieser geniale, unwiderstehlich
85 1370 1103 1440 eschickten Liebhaber spielend das Heft ent¬
1090 1382 3131 1492 das Wohlwollen des Zuschauers ein, und wir Mime selbst, den Herr Walden spielt, als
81 1409 1095 1489 windet, so erklärt sie ihm ihren mit Liebe ver¬
1086 1434 3167 1551 müssen auf der Hut sein, daß wir uns nicht in ob er sein andres Ich wäre. Aber der Künstler?
83 1469 1090 1556 brämten Haß und verschiebt den Roman
1090 1486 3144 1591 ihn verlieben, obwohl wir unser Herz schon führte noch zwei solcher Alter egos vor,
92 1522 1098 1606 auf den nächsten Sommer. Ein halbaus¬
1094 1542 3164 1650 zur einen Hälfte an Frau Sophie, zur andern denn er ging in der männlichen Hauptrolle
85 1574 1107 1655 esprochenes Wort des Hasses hat Klara ver¬
1084 1588 3138 1690 an den gutmütig schlauen, sanft geriebenen, vorschriftsgemäß durch alle drei Stücke und
89 1636 3140 1740 nichtet, ein Wort verstellter Liebe belebtwitzigen Theaterdirektor Falk verloren haben. verschwand als Eckhold im ersten ebenso in
79 1677 1098 1756 lgnes und leitet das verirrte Schäflein vom
1171 1701 3164 1796 Wahrlich, die „Große Szene“ ist des seiner Rolle wie als Staufner im letzten Als
83 1726 1090 1832 chlüpfrigen Pfade der Sünde auf den nicht
1081 1730 3147 1862 Stückes würdig, dessen Namen sie trägt, und dritter im Bunde der „Großen Szene“ ist der
100 1782 997 1870 iel trockeneren Weg der Tugend zurück.
1083 1796 3144 1886 des Dichters, dessen Ruhm sie überall verbreiten dem Leben in unbewachten Augenblicken ab¬
143 1851 3141 1950 Bei der Durchführung seiner dichterischen wird, wo die „Komödie der Worte“ über die gestohlene Falk des Herrn Tiedtke zu
77 1888 3140 1998 nd satirischen Absichten bestrebte sich Bretter geht. Mit seinem Einakterzyklus ist rühmen. Herr Gerasch brachte den be¬
87 1949 3139 2009 Schnitzler, zum Heile seiner Dichtung, die Re= der Verfasser des „Anatol“ als Meister zu trogenen Bräutigam zu vornehmer Wirkung.
88 2002 1094 2075 bräsentanten der von ihm gegeißelten Gesell¬
1090 2009 3136 2107 seiner ersten Liebe zurückgekehrt, nicht zum Fräulein Kutschera luchste der feschen
83 2054 2102 2133 chaft nicht allzu tief sinken zu lassen. Er macht erstenmal, aber mit neuem vermehrten Er¬
2093 2078 3127 2173 Theaterelevin Vilma Flamm eine Menge
91 2104 2095 2185 war den Ankläger, tritt aber zugleich als folge. Immer und immer wieder fühlt er sich
2087 2132 3127 2218 pikanter Nüancen ab. In der „Stunde des Er¬
89 2157 2094 2242 Perteidiger auf, und wo er nicht mehr für und sein Publikum mit ihm von Problemen
2089 2185 3123 2262 kennens“ nahm sich Frau Bleibtreu der
80 2202 2099 2300 kildernde Umstände plädieren kann, beantragt angezogen, welche die Komödie des Lebens in
2095 2235 3132 2313 zweideutigen Klara mit ihrer großen Kunst an,
88 2259 2100 2316 r, die Unzurechnungsfähigkeit über den Ver= eine Reihe ernster oder heiterer kleiner Schau¬
2088 2287 3132 2367 so daß die psychologisch bis hart an die Grenze
93 2316 2097 2403 rteilten auszusprechen. Entlastendes Mit= spiele auflösen, die, vereinigt wie getrennt,
2083 2331 3120 2424 der Darstellbarkeit belastete Figur doch mensch¬
90 2373 2091 2457 efühl legt seine rührende Bitte für ben selbst= das Recht ihrer künstlerischen Existenz =durch
2093 2388 3122 2482 liche Teilnahme erregte. Einen besseren
88 2414 2092 2519 ichtigen Narren ein, der sich p#en verächtlichen die Vollendung ihrer graziösen, geschlossen in
2084 2442 3125 2505 Partner als den Ormin Devrients konnte
91 2467 1078 2546 Schurken kaum noch unterscheidet. So wirkt
1067 2490 2096 2562 sich beruhenden Form erweisen und den Schau¬
2088 2494 3114 2572 sie sich nicht wünschen. Im „Bacchusfest" über¬
86 2520 1078 2591 er Schauspieler Konrad Herbot, Universal¬
1070 2539 2084 2630 spielern interessante und dankbare Aufgaben
2088 2549 3131 2647 raschie Fräulein Wohhlgemuth durch die
84 2572 1075 2636 enie perfider Treulosigkeit und verlogener
1069 2587 1258 2659 stellen.
2073 2600 3121 2680 Kunst ihrer komischen Charakteristik; man
87 2622 1075 2693 Frechheit, keineswegs nur abstoßend oder bloß
1163 2648 3126 2689 Schnitzler und das Burgtheater ver=glaubte ihr die unschuldige Sünderin ebenso
91 2671 1071 2747 icherlich, sondern der elende Lump, der nichts
1069 2682 3123 2773 pflichteten diesmal einander zu ganz beigern wie ihren blonden Scheitel. Herr
85 2704 1069 2802 nnt wie die Befriedigung seiner unersätt¬
1080 2739 3122 2826 sonderem Dank. Ein feineres, in allen Nuancen Romberg als drolliger Liebhaber in tausend
90 2781 1085 2854 chen Eitelkeit, der elastischen Ganges über
1061 2784 3123 2889 sorgfältig berechnetes und doch von den letzten Aengsten rief allgemeine Heiterkeit hervor, und
87 2830 3127 2930 s zertretene Glück seiner Nevenmenschen Spuren des Studiums befreites und ge= Herr Baumgartner bereicherte die
91 2860 3113 2936 nwegschreitet, der von seiner niederträchtig reinigtes Zusammenspiel, wie es bei dieser Galerie seiner spaßhaften Grillköpfe mit dem
86 2927 2075 3027 handelten tugendhaften, holdseligen und Gelegenheit, zumal in „Große Szene“, zu be¬
2072 2952 3098 3036 Bahnhofsportier um ein Prachtexemplar.
81 2980 1069 3049 ugen Frau noch Applaus erwartet für die
1055 3001 2096 3080 wundern ist, läßt sich kaum denken. Wir!
2160 3018 3137 3110 Wie sich erwarten ließ, schlug die „Große
82 3039 2087 3148 Große“, zwischen den Wänden seines Hotel¬ sprechen vom Ensemble, als ob wir die Solisten
2070 3057 3099 3149 Szene“ am stärksten und unmittelbarsten ein;
89 3095 3098 3201 mmers tragierte „Szene“, in welcher er den vergessen hätten, von denen es gebildet wird. der Dichter, für den der diensttuende Regisseur
92 3126 3117 3257 räutigam des von ihm verführten Mädchens Da nennen wir zuvörderst Frau Medelsky. schon nach dem ersten Stück wiederholt hatte
99 3191 3163 3332 it dem gefälschten Dokument eines kompro= Ihre Sophie sieht aus wie der lichte Schutz= danken können wurde immer wieder stürmisch
86 3239 2321 3364 ittierenden Briefes übertölpelt, eines geist eines Künstlers in eigener Person, der gerufen.
2478 3293 2666 3363 *
100 3300 2464 3445 sädchens, um dessentwillen er die eigene Frau ohne diesen Engel in Nacht und Tod versänle1 D e
2432 3338 2637 3418 „3
2529 3329 3101 3444 Marscalben.
2529 3415 2646 3487 Sern
2967 3414 3127 3521 Aeae. 1
