3392 4384
398 196 663 277 hnitt aus:
724 224 1252 314 fobeller-Zeitung, Wien
391 258 648 335 30KT 1915
526 414 1459 540 Theater und Kunst.
545 520 1552 593 Burgtheater. Dienstag den 12. Oktober. Zum ersten¬
421 564 1559 625 mal: „Komödie der Worte.“ Drei Einakter von
414 613 1554 683 Arthur Schnitz Ler. Es ist wie immer bei Schnitzler:
427 676 1554 732 eine durchgreifende Charakteristik der Personen, feine Psychologie
418 722 1553 787 und witzige Behandlung. Nur ist sein Witz so gar nicht lärmend,
418 768 1546 823 still in den Dingen und Menschen liegend, nicht aufdringlich,
427 814 1553 877 aber sehr wirksam. Es sind keine Dramen im Schulsinn, die
420 875 1560 922 er uns bietet, es sind Dialoge. Es geschieht nicht viel und was
420 910 1555 962 geschieht, ist innerliches Geschehen. Und es ist nicht das erste¬
418 962 1555 1005 mal, daß Schnitzler jenem tiefsten Problem nachgeht, das
418 1006 1553 1057 die denkenden und tieferen Menschen so quält und das so un¬
418 1045 1568 1109 lösbar ist: das Problem der absoluten Vereinsamung der
405 1102 1568 1175 Menschenseele, die ein ganzes Leben dahingeht, ohne in ihrer
418 1143 1563 1210 innersten Wesenheit von den anderen Seelen verstanden zu
414 1200 1564 1260 werden. Zwar gibt es ein Mittel des Verständnisses: die Tat.
410 1245 1568 1311 Aber wie selten ist sie restlos auszudeuten! Sonst haben wir
404 1293 1561 1347 nur die Worte. Die Sprache ist gewiß das feinste Werkzeug,
413 1339 1563 1404 das sich der menschliche Verstand ersonnen hat, ein wunder¬
399 1380 1569 1453 volles Werkzeug. Aber verstehen wir es auch, sie so zu ge¬
414 1444 1566 1513 brauchen, daß sie ihren Zweck erfüllt? Indem wir ineinander
401 1488 1570 1545 hineinreden, in der besten Absicht, zu verstehen und ver¬
410 1531 1565 1594 standen zu werden, reden wir ach so oft aneinander
404 1568 1569 1628 vorbei, von jenen Fällen zu schweigen, wo wir lügen, mit
406 1632 1566 1691 und oft auch ohne rechtes Bewußtsein. Und so geben wir
413 1676 1567 1739 uns nicht durch die Worte, wie wir sind, sondern spielen den
402 1726 1567 1780 anderen nur eine Komödie vor. Wären wir uns dessen immer
403 1781 1557 1845 bewußt, wie selten könnten wir uns gegenseitig offen ins Auge
400 1815 1554 1875 schauen! Wie oft belügen wir die anderen und dabei uns selber
399 1874 1560 1935 oft am meisten. Und es entsteht dann jene Menschenfeindselig¬
407 1917 1554 1964 keit, die das Menschengeschlecht vernichten müßte, hätte uns das
400 1967 1552 2029 gütige Geschick nicht als Gegengewicht die Sehnsucht nach dem
408 2017 1554 2084 anderen ins Herz gesenkt. Aus dieser verzweifelten Stimmung
408 2054 921 2120 heraus hat Goethe gesagt:
648 2123 1395 2199 Der Teufel hol' das Menschengeschlecht!
631 2176 1186 2229 Man möchte rasend werden!
639 2213 1262 2259 Da nehm' ich mir so eifrig vor:
634 2257 1167 2308 Will niemand weiter sehen,
630 2292 1344 2351 Will all das Volk Gott und sich selbst
624 2330 1159 2373 Und dem Teufel überlassen!
636 2369 1352 2435 Und kaum seh' ich ein Menschengesicht,
640 2401 1133 2466 So hab' ich's wieder lieb.
510 2461 1553 2566 Daß es sich bei Schnitzler auch hier um den Konflikt
394 2534 1556 2595 zwischen Mann und Weib handelt, versteht sich fast von selbst.
401 2583 1548 2634 Drei Männer= und drei Frauentypen führt uns Schnitzler vor:
393 2614 1558 2681 In der „Stunde des Erkennens“ den tückisch=rach¬
401 2672 1548 2726 süchtigen, schon etwas gemeinen Mann und das Weib, das
389 2726 1556 2781 nicht besser gewesen sein will als tausend andere Weiber, dabei
401 2764 1552 2811 aber neben diesem Manne zu einer gewissen schlichten Größe
400 2808 1543 2862 aufwächst; in der „Großen Szene“ den gewissenlosen
398 2863 1546 2930 Mann, der sich seiner inneren Gemeinheit unbewußt ist, ein
399 2917 1553 2968 „lieber Kerl“, der ein Lump ist, und neben ihm eine schlichte,
391 2956 1546 3020 gütige Frauennatur, der das Verständnis für seine Verständnis¬
398 2982 1558 3060 losigkeit fehlt; im „Bacchusfest“ den Mann, der festhalten“
398 3062 1539 3111 will, was er hat, und ihm gegenüber eine dumme Gans,
392 3106 1537 3179 die laufen zu lassen ihm eigentlich eine Genugtuung sein müßte.
396 3149 1547 3210 Aber er gönnt seinem Nebenbuhler, der ein Tropf ist, nicht den
384 3198 1544 3251 Triumph. Der beherrschende Mittelpunkt jedes Stückes ist der
393 3253 1542 3308 Ehemann, dargestellt von Herrn Walden, jedesmal der
387 3298 1539 3345 vollendete künstlerische Ausdruck des dargestellten Charakters,
385 3346 1545 3409 am besten wohl im zweiten Stücke, wo er den eitlen, selbst¬
389 3397 1528 3442 gefälligen Schauspieler zu mimen hat. Es ist nicht zu zweifeln,
392 3425 1544 3499 daß Schnitzler hier nach einem recht kennbaren Modell gearbeitet
385 3491 1533 3533 hat. Er hat mit dieser Figur wohl eine seiner lebendigsten
387 3515 1547 3593 Gestalten auf die Bühne gestellt. Frau Medelsky war eine
392 3584 1540 3643 würdige Partnerin Waldens. Schlichtheit und Güte leuchteten in
396 3632 1528 3692 ihrem Wesen, das als sinnfälliger Kontraft zum männlichen
389 3685 1531 3725 Gegenstück dieses in wirksamster Weise unterstrich. Herr Tiedtke
390 3722 1528 3769 als Schauspieldirektor war prächtig in seiner direktorialen Ge¬
392 3778 1534 3820 schäftigkeit und Geschäftlichkeit. Ueberaus flott und lebensnatür¬
394 3825 1535 3873 lich war Fräulein Kutschera als schauspielbeflissenes
390 3874 1535 3933 Mädchen. Im ersten Stück gab Frau Bleibtreu die Frau.
391 3922 1537 3972 Man weiß, wie wir diese Schauspielerin beurteilen. Diesmal schien
389 3968 1537 4027 sie uns etwas farblos. Oder liegt dies in der Rolle? Dagegen
388 4010 1539 4078 verstand es Herr Devrient, den etwas allzu philisterhaft¬
388 4066 1552 4113 redlichen Liebhaber diskret und einnehmend zu zeichnen. Im
1659 99 2448 173 n
1581 163 2715 214 zu bestimmen schien. Herr Baumgarten bewies in seiner
1575 210 2716 255 kleinen Rolle, daß eine starke komische Kraft in ihm ist, die
1570 263 2708 330 vielleicht im Burgtheater noch nicht zur vollen Entfaltung hat
1572 300 2710 361 kommen können. Im ganzen war die Aufführung wohl aus¬
1568 355 2707 410 gezeichnet. Glänzend in der Einzelleistung, vollendet im
1575 399 2706 470 Zusammenspiel. Also so, wie man sich das „gute Burgtheater“.
1578 441 1749 498 vorstellt.
1684 468 2711 565 Dachte man während der Vorstellung einen Augenblick
1569 536 2707 604 hinaus in die Welt, so ergriff der Gegensatz in seltsamer
1569 586 2700 649 Weise. In der großen Welt regiert heute nicht das Wort,
1582 638 2708 688 sondern die Tat. Sie übertönt alle Worte. Aber es wird
1582 686 2705 750 wieder die Zeit kommen, da wir aus der äußerlich grausen
1578 733 2705 794 und großen Zeit wieder in die größere innere Welt flüchten,
1579 782 2711 827 deren schmerzhafte Rätsel zu ergründen für immer die Aufgabe
1582 827 1665 876 und
1670 834 2707 882 das Ziel aller Denker und Dichter bleiben wird ...
1577 877 2708 953 Der Beifall war am stärksten nach der „Großen Szene“
1577 918 2723 1003 Der Dichter mußte mehrmals erscheinen, ebenso nach dem¬
1569 968 1825 1022 „Bacchusfest“
2531 979 2664 1029 E.-P.
2226 4114 2472 4193 D en
2729 4126 2778 4187 —
2977 4100 3053 4183 Kartn
