3344 4256
2069 101 2524 193 box 32/4
222 116 1924 219 26.1. Kongedie der Norte zukius
1276 213 1513 272 —.
1567 215 2250 363 Pentesische Zeilung, Bresiat
1111 282 1520 356 vom: 240K1
1437 350 1780 456 Tobe- hrnter.
1409 435 1799 502 Zum ersten Male:
1308 478 1899 545 „Komödie der Worte.“
1023 526 2243 600 Von den unter dem Titel „Komödie der Worte“ zu¬
975 551 2262 642 sammengefaßten neuen drei Einaktern Artbur Schnitlers
979 622 2249 685 nahm das vollbesetzte Haus heute abend den erden „Skünde des
973 651 2254 714 Erkennens“ recht freundlich auf, bein zweiten „Große
960 699 2260 756 Szene“ geriet das Publikum immer mehr in Stimmung, was
967 739 2255 815 sich in stürmischem Beifall äußerte, der jedoch nach dem letzten
958 786 2260 867 „Das Bacchusfest“ nur mehr sehr matt klang, so daß man
952 829 1975 897 eigentlich bloß von einem Teilerfolg sprechen kann.
1025 872 2246 941 Drei Ehebruchsstücke sind's, was Schnitzler uns (in heutiger
945 912 2249 973 Zeit!) zu geben hat. Ihr Inhalt wurde anläßlich der Urauf¬
950 961 2243 1032 führung in Frankfurt am Main hier erzählt. (Vergl. Nr. 724
954 998 2254 1068 der Schles. Ztg.) Keinerlei starke Tragik, keine Schicksalsfanst
950 1041 2256 1088 spürt man in irgend einem der drei Werkchen, lediglich Konfliktchen“
955 1086 2251 1154 spielen sich vor uns ab. „Also sprach zu mir ein Weib: Wohl brach
949 1133 2243 1203 ich die Ehe, aber zuerst brach die Ehe mich,“ sagt einmel Nietzsches
950 1167 2239 1230 Zarathustra. Aber zu solchem Wort hätte weder die Frau Doktor
945 1217 2251 1270 Eckold in der „Stunde des Erkennens“ ein Recht, noch die Schrift¬
957 1255 2250 1323 stellersgattin Agnes Staufer im „Bacchusfest“ noch gar (ins
937 1297 2256 1350 Männliche gewandelt) der von Frau zu Frau flatternde Schau¬
948 1341 2241 1409 spieler Konrad Herbot in dei „Großen Szene“. Bei Schnitzler
954 1386 2239 1443 ist der Ehebruch im Grunde eine Sache der Langeweile. Seit dem
951 1429 2245 1503 „Anatol“ hat der Wiener Dichter, von der „Liebelei“ abgesehen,
947 1472 2243 1520 immer eine Vorliebe für das Innenleben von behaglichen Nichts¬
934 1514 2249 1583 tuern oder wenigstens von Leuten in sehr gehobener und gesicherter
931 1553 2248 1632 Lebensstellung gehabt, von Leuten, die sich den Luxus leisten
935 1591 2239 1668 können, ihre psychologisch mehr oder weniger komplizierten Ge¬
923 1625 2248 1715 dankensünden auch in die Tat umzusetzen. „Unser Liebesleben ist
927 1690 2234 1759 getrübt“ — meint Felix Staufer im Schlußstück —, ja, vergiftet
930 1736 2245 1806 von Lüge und Selbstbetrug, von Eifersucht und Angst, von Frech¬
925 1765 2238 1842 heit und Reue“ — und mit diesem „unser“ meinen er und mit
928 1809 2234 1884 ihm Schnitzler selber doch wohl kaum unser deutsches Volk schlechtweg,
932 1861 2246 1943 sondern nur etwa die Herrschaften aus dem Wiener Cottageviertel
932 1902 2236 1969 oder ähnlichen Gegenden, wo die Schnitzlerschen Helden und
923 1957 2229 1994 Heldinnen zu Hause sind. Einzelfälle lediglich werden uns hier
923 1993 2234 2057 vor Augen gestellt, nichts allgemein Gültiges oder auch nur
927 2035 2235 2099 Wichtiges. Und dabei ist nicht einmal die Mache, wie früher, be¬
936 2074 2234 2131 sonders geistreich. Man hört eben nur Worte, ganz witzige mitunter,
929 2115 2236 2203 zu irgendeiner Handlung kommt es kaum, soll es nach des Verfassers
928 2169 2127 2235 Willen ja auch nicht kommen, wie schon der Titel verkündet.
1000 2220 2227 2289 Nach dem Vorbild von Wien, wo Harry Walden die männliche
935 2248 2231 2311 Hauptrolle in allen drei Stücken spielte, hat man auch hier Herrn
928 2306 2232 2363 Rotmund die Rollen des Arztes Dr. Eckhoff, des Schauspielere
928 2356 2228 2421 Herbot und des Schriftstellers Staufner übertragen. Er war in
927 2383 2227 2444 den ersten beiden Aufgaben schlechtweg glänzend, und wenn er a#¬
920 2441 2234 2503 dem fragwürdigen Staufner nicht viel machenv so lag das
960 2516 2254 2579 am Dichter. Aber sein Schauspieler Herbot allein schon ist es
955 2560 2255 2621 wert, daß man sich die Komödie ansieht. Er erniedrigte ihn, wozu
951 2606 2240 2670 die Versuchung groß wäre, nicht zur Karikatur eines Durchschnitts¬
957 2641 2251 2715 mimen, sondern er gibt den sich und die Welt ewig beschwindelnden,
957 2688 2244 2754 ewig schauspielernden Kerl sozusagen ganz natürlich, und man ver¬
959 2720 2242 2794 stehi es durchaus, daß seine stets betrogene Frau es schließlich doch
955 2775 2246 2822 nicht übers Herz bringt, dem „großen Kind“, wie sie ihren Mann
952 2820 2254 2892 nennt, davonzulaufen. Diese Frau war in der Wieder¬
1102 2849 2250 2928 durch Fräulein Wall ein recht junges und
958 2876 1089 2944 gabe
1814 2902 2250 2973 während Schnitzler
961 2913 1817 2968 im Grunde unbedeutendes Persönchen,
963 2961 2246 3003 hier wohl an eine etwas reifere, lebensklügere Frau ge¬
956 2994 2252 3041 dacht hat. Ganz und gar einverstanden dagegen wäre der Verfasser
962 3034 2254 3088 wohl mit der Auffassung gewesen, die Frl. Holm im ersten Stück
957 3074 2260 3131 für die Frau Klara Eckold mitbrachte. Das war ein Schnitzlerscher
957 3108 2267 3173 Frauencharakter, echt bis in die Fingerspitzen, und im wundervoll
962 3172 2254 3212 abgestimmten Spiel des Fräuleins Holm mit dem Dr. Eckold des
967 3190 2264 3266 Herrn Rotmund lag der darstellerische Höhepunkt des Abends.?
967 3263 2258 3302 Die anderen wichtigeren Rollen fanden keine gleichmäßige Besetzung.
958 3287 2247 3340 Frau Käthe Habel=Reimers wirkte als Frau Agnes
960 3318 2258 3383 Staufner zu süß und puppenhaft, Herr Gorter hatte ihren Lieb¬
961 3365 2252 3436 haber Dr. Wernig in einen allzu aufgeregten Herrn ohne alle
960 3406 2252 3466 Seladon=Eigenschaften verwandelt, der Theaterdirektor Dr. Falk des
968 3457 2263 3504 Herrn Knaack war gemütlicher als nötig, Herr von Wolzogen
973 3494 2258 3566 (Gley) hätte sich etwas freier geben müssen, und dem Professor
961 3533 2263 3593 Ormin des Herrn Reinicke endlich fehlte (bei sonstigen guten
967 3582 1703 3647 Zügen) die männliche überlegenheit.
1044 3607 2257 3687 Der Spielleitung des Herrn Gorter sind zwei sehr ge¬
974 3661 2251 3727 schmackvoll eingerichtete Räume in den beiden ersten Einaltern
967 3706 2267 3781 zu verdanken; in der Salzburger Balnhofshalle, dem Schauplatz
976 3752 2259 3806 des Schlußstücks, schienen aber nur taubstumme Reisende zu ver¬
966 3790 2258 3850 kehren; das lautlose Auf und Ab der Passagiere machte einen
976 3836 2265 3913 ganz gespenstischen Eindruck. Auch sonst hätte das ganze Bihn¬
1905 3870 2257 3933 ; aber dies läßt
970 3885 1816 3951 hofstreiben etwas kräftiger betont werden
973 3917 2254 3993 sich nachholen und wenn auch noch das“. der Aufführung auf
967 3965 2263 4024 eine weniger späte Stunde gerückt würde, als es heute der Fall war.
2072 4007 2230 4060 A. D.
973 4018 1923 4065 dürfte man dem Werk gute Häuser voraussagen.
972 4016 2274 4110 ungin Pa
2585 4003 3084 4094 p e hiei #  e me as
