3344 4352
2150 183 2611 272 box 32/5
276 195 1995 295 26.1. Kongedie der Norte—zuklus
661 993 1261 1171 Theater und Kunst.
515 1132 1484 1229 Renaisfancebühne. Harry Walden bietet!.
437 1209 1456 1270 jetzt eine der liebenswürdigsten Erinnerungen an
432 1246 1458 1322 seine Burgtheaterzeit; er spielt nämlich die Ehe¬
436 1293 1466 1370 männer in den drei unter dem Titel „Komödie
429 1336 1461 1403 [der Worte“ zusammengefaßtei Einaktern Artur
439 1384 1458 1443 Schnitzlers. Drei Stückte drenbrüchige Ehen.
431 1428 1465 1485 Offender gehrs-nicht anders, der Dramatiker
429 1476 1457 1545 mit anständigen Eheleuten so ###nig anfangen kann
433 1506 1471 1583 wie der Arzt mit gesundes Menschen. Schwebte
439 1575 1477 1627 nicht so viel Anmut eine# spielerischen Verstandes
444 1612 1463 1666 über diesen Zwiegesprächen bürgerliche Empfind¬
1648 1627 2799 1711 KIKERIKI WEII vom 28° MAERZ 1920.
432 1670 1466 1735 samkeit könnte über De####ese sich entrüsten, die da
432 1702 1466 1772 an schalkhaften Sppen hängt, ohne zum Wort
1943 1693 2614 1786 RENATSS AIICEBBRHRE.
437 1730 1473 1813 gestaltet zu wesden: Daß die Physis der ehelichen
1659 1754 3058 1860 Schnitzl### gonödie der Norte“ hat neut
442 1785 1471 1856 Treue nich Alles sei, daß wertvollere Gemeinsam¬
434 1822 1470 1909 keiten seelischer Art ein edleres Band darstellen,
1654 1835 3074 1901 ich ähre Renaissanee auf der Bühne in der
446 1880 1467 1943 fester und verläßlicher sogar; denn es widersteht
1644 1907 3066 1974 Leubaugasse gefeiert und Harry Nalden HE8
441 1918 1475 1998 Gefahren des Tages. Am glaubwürdigsten wird der
1658 1950 3138 2051 Eäß darin seine Niedergeburt als der Walden
437 1981 1463 2037 Beweis in dem Akt„Große Szone“ geführt, weil
416 2013 1490 2087 Humor sieghaft in den Disput sich mischt. Welch
1654 2018 3049 2103 des Burgtheaterse Er ist in den drei Ein
428 2062 1469 2135 prächtiges Beispiel ist aber auch dieser verwöhnte
1651 2083 3069 2152 aktern noch heute so unwiederstehlich wie
433 2103 1476 2178 Held, der Schauspieler Herbot! Indem er seine
446 2141 1482 2207 reizende Frau betrügt, fühlt er sich so wenig als
1661 2147 3068 2234 ehemals. Von seinen Fartnerännen wärke be
448 2197 1484 2268 Verbrecher wie das Kind, das heimlich ein Bonbon
1652 2214 3007 2295 sonders Fräulein Kneidänger, durch ähre
454 2246 1467 2299 von der Tasse nimmt; bleiben den Eltern nicht
1649 2276 3042 2334 bildhafte Schöhnheit, Val den Wagen durch
445 2281 1467 2349 genug solcher Süßigkeiten? Und bleibt Herbots
441 2324 1475 2398 Frau nicht seine Geliebte, seine Freundin und
1658 2333 3074 2400 distinguierte Haitung, Nora Herbert durch
445 2371 1473 2447 Helferin, kurzum die Gattin, ohne die er nicht leben
1652 2390 3126 2475 Herzenston und diskreten Hunor, Auch in sei
450 2419 1480 2482 kann.? Ja nicht einmal auftreten kann dieser Herbot,
1658 2468 3095 2538 nen männlichen Partnern, besonders den Her
454 2470 1471 2531 wenn er seine Frau nicht im Zuschauerraum sieht.
436 2501 1475 2577 Harry Walden spielt diesen Komödianten mit der
1657 2525 3058 2587 ren Nengraf, Franz, und (in einer kleinen
449 2557 1490 2614 ganzen Selbstverständlichkeit des verhätschelten
1653 2584 3097 2673 Charge) Mauth, hatte Herr Walden vertvolle
452 2591 1480 2664 Naturkindes, das durch göttliche Gunst außerholb
454 2657 1475 2710 der engen Welt von Gesetz und Brauch, sich gerückt
1652 2650 3024 2725 Helfer, die das ähräge zu den grossen Er
451 2688 1478 2750 fühlt. Seine Parinerin, Lola Kneidinger, ein
1658 2717 2624 2801 feig der Komödie“ beitrugen.
453 2739 1480 2794 Bild mädchenhafter Schönheit; Herr Franz als
440 2778 1491 2854 Direktor Frank witzig in Formen des Wortes, nur
443 2823 1483 2891 wäre ihm eine mehr westliche Orientierung zu
448 2882 1486 2931 wünschen. In Herrn Hans Wengraf (Gley) lernte
444 2912 1481 2983 man einen jungen Schauspieler von Intelligenz im
444 2952 1474 3013 Ausdruck kennen. Im ersten Stück „Stunde des Er¬
435 3014 1473 3068 kennens“ gab's ein erfreuliches Wiedersehen mit
445 3045 1477 3112 Frida. Walden=Wagen, der vornehmen
454 3096 1467 3157 Sprecherin; im letzten („Das Bacchusfest“) fesselte be¬
446 3149 1478 3195 sonders Nora Herbert durch den sanften Schimmer
459 3188 1471 3246 von Heiterkeit, der über ihren Herzensernst gebreitet
449 3232 1471 3291 lag; übrigens auch durch die Niedlichkeit ihrer Er¬
454 3284 1471 3332 scheinung. Drastik in ein paar Ausrufworten bot Herr
455 3322 1474 3387 Mauth als Bahnhofportier. Schnitzlers „Komödie
444 3359 1485 3427 der Worte“ braucht solche Einzelwirkungen. Denn
453 3413 1490 3468 hier handelt es sich um ein Gemälde, bei dem es auf
1286 3454 1453 3520 J. St.
451 3459 1157 3542 den einzelnen Pinselstrich ankommt.
579 3514 1239 3595 Im Deutschen R#######v
2935 4078 3117 4175 —
