3344 4352
2087 233 2549 336 box 32/8
1185 256 1243 321 W
214 247 2052 352 26.1. Konoedie der orte Zyklus
1693 572 2153 643 eergpreter
1283 701 1793 804 „OBSERVER“
1549 747 2176 828 I. österr. behördlich konzessioniertes
1539 798 2176 878 Unternehmen für Zeitungs-Ausschnitte
1540 841 2177 903 Wien I. Wollzeile 11, Telephon R-23-0-43
1676 942 2182 1071 Wiener Jenrasl. Wien
1569 971 1682 1057 ange
1290 1036 1664 1105 Ausschnitt aus:
1134 1285 2341 1428 Schnitzler=Reprise im Akademie¬
1587 1414 1924 1535 theater.
1313 1507 2172 1615 „Komödie der Worte“ in neuer Inszenierung.
1680 1587 1810 1661 Von
1528 1647 1971 1728 Rudolph Lothar.
1237 1694 2371 1770 „Die Sprache ist dem Menschen gegeben, um seine Gedanken
1135 1764 2378 1828 zu verbergen“, hat Talleyrand gesagt. Der Gedanke ist nicht neu.
1144 1821 2369 1874 Voltaire sagt ähnliches und schon Plutarch nennt die Worte die
1139 1865 2373 1929 Schleier der Gedanken. Bei Schnitzler sind die Worte die Masken
1133 1890 2369 1959 der Gedanken. Die Worte täuschen, die Worte lügen, die Worte
1127 1962 2374 2021 spielen Komödie. Das Problem der Wahrheit, oder besser gesagt,
1132 2009 2375 2076 der Wahrheitsergründung, hat Schnitzler immer beschäftigt. Um die
1128 2051 2387 2118 Pilatus=Frage: Was ist Wahrheit? kreist sein dichterisches Denken
1132 2102 2384 2162 und er kommt dabei zu dem schwermütigen, resignierten Schluß:
1146 2147 2380 2203 „Es fließen ineinander Traum und Wachen, Wahrheit und Lüge.
1141 2200 2373 2270 Sicherheit ist nirgends. Wir wissen nichts von anderen, nichts von
1139 2244 2367 2288 uns; wir spielen immer, wer es weiß, ist klug“ („Paracelsus“),
1137 2295 2380 2334 Das Leben ist ein ewiges Komödienspiel, dessen Handwerkzeug eben
1135 2333 2378 2403 die Worte sind. Es gibt keine Welterkenntnis und keine Menschen¬
1133 2391 2386 2444 erkenntnis durch die Sprache, haben die Philosophen gelehrt.
1146 2438 2380 2494 Und Fritz Mauthner hat ein dreibändiges Werk über diesen Satz
1150 2479 1370 2560 geschrieben.
1241 2518 2372 2590 Die drei Einakter, die Schnitzler unter dem Titel „Komödie
1132 2581 2375 2634 [der Worte“ zusammengefaßt hat, sind drei Maskenspiele aus
1133 2627 2379 2701 dem Alltag. Am klarsten kommt die Grundtendenz in dem wirkungs¬
1150 2682 2376 2750 vollsten und besten der drei Stücke, in der „Großen Szene“, zutage,
1140 2714 2386 2780 wo der Schauspieler Konrad Herbot, dem Josef Kainz Modell
1136 2780 2375 2850 gesessen ist, sich an seinen eigenen Worten so berauscht, daß er am
1148 2828 2377 2899 Schluß selbst glaubt, er habe die reine Wahrheit gesprochen; und
1146 2861 2378 2934 es war doch nur Lüge und Komödianterei, ein Feuerwerk der Rede,
1149 2916 2376 2986 um den Bräutigam einer flüchtigen Geliebten, der die Wahrheit
1149 2962 2379 3037 von ihm fordert, zu bluffen. Was ihm denn auch glänzend gelingt.
1138 3022 2383 3085 Freilich verliert er dank seiner Bravourleistung fast die Liebe seiner
1153 3069 2388 3133 Frau, die just wegen dieser Liebelei ihm davonlief und nun eben
1148 3121 2389 3180 wieder nach Hause gekommen ist. Er ist aber ein so großer
1153 3155 2378 3222 Schauspieler, daß er auch seine Frau fasziniert. Sie wird ihm in
1144 3206 2372 3274 Zukunft wohl stets manches zu verzeihen haben und doch immer
1147 3246 2377 3316 zu ihm zurückkehren, denn die menschlichen Beziehungen sind
1145 3300 2372 3366 wichtiger als die kleinen erotischen Bindungen, die von den Menschen
1149 3351 2379 3432 viel zu schwer genommen werden. Das ist der zweite Grundgedanke
1136 3392 1503 3462 der drei Einakter.
1242 3458 2374 3520 Fast auf den Tag vor zwanzig Jahren (am 12. Oktober
1137 3511 2376 3577 1915) ist die „Komödie der Worte“ am Burgtheater zum
1142 3561 2383 3627 erstenmal gegeben worden. Mit Harry Walden in der dreifachen
1146 3605 2371 3668 Hauptrolle, die sich jetzt in den Händen von Ewald Balser
1132 3646 2380 3697 befindet. Balser gibt den merkwürdigen Dr. Eckold im ersten
1148 3697 2376 3738 Stück („Stunde des Erkennens“) als sehr interessante Charakter¬
1152 3736 2377 3818 studie. Dieser raffinierte „Rächer seiner Ehre“ ist ein Mensch
1145 3788 2377 3854 voll Neid und Mißgunst, aber seine Bösartigkeit wird durch ein
1141 3836 2376 3905 loderndes Temperament erklärt. Temperament ist für Balser die
1147 3879 2374 3931 Grundlage aller drei Gestalten. Sein berühmter Mime im
1140 3921 2379 3994 zweiten Stück ist ein Vulkan des Temperaments. Balser springt
1144 3973 2376 4040 keck mit vehementer komödiantischer Lust in die Uebertreibung,
1134 4023 2387 4094 aber so parodistisch und karikiert er sich auch gibt, diese Figur
1149 4065 2383 4143 hat Schmiß und hinreißende Macht über die Zuschauer. Im
1144 4108 2379 4167 dritten Stück (dem „Bacchusfest") verbirgt Balser sein
1135 4167 2487 4235 [Temperament hinter Ruhe und Ueberlegenheit, aber gerade g
1150 4202 1535 4256 dieles gebändigtg T#
