3344 3936
683 305 1203 386 laschenangabe onne Serseeer
796 375 1495 466 DRWARTS, BERLIN
403 410 816 501 Ausschnitt aus:
741 495 1047 587 250411915
421 524 574 600 VOm:
443 586 1440 656 Lessing=Theater. „Komödie dee Worte.“
415 662 1571 702 Arthur, Schnitzler hat auf der Höhe seines Könnens,
340 700 1559 749 etwa vor andedlhar Fahrzehnten, de deutsche Bühne mit einer
342 748 1564 784 Reihe von Einaktern, die intensivstes Leben atmen, beschenkt. Dem
837 774 1561 827 „Grünen Kakadu“ folgten Kabinett¬
349 779 836 833 grandiosen Wurfe seine
355 826 1563 868 stücke konzentrierender Kleinkunst, wie „Paracelsus", „Letzte
825 849 1565 908 An solchen Maßstäben gemessen,
538 858 792 912 „Literatur“.
346 852 525 915 Maske“,
1047 885 1563 941 freundlichen Applaus er
354 892 991 942 mußte der neue Einakterzyklus,
346 943 1560 988 bei der Premiere fand, die Freunde des Dichters ent¬
348 966 1559 1019 täuschten. Die Symptome, die in den späteren schatten¬
353 1004 1571 1053 haften Dramen und dann im thnatermäßig aufgeputzten jungen
349 1042 1567 1105 Medardus auf ein Nachlassen anschaulich plastischer Phantasie den¬
335 1089 1578 1148 teten, traten hier vielleicht noch greifbarer hervor. Das Interesse
349 1128 1567 1176 an dem Versteck= und Maskenspiele, den Wandlungen erotischer In¬
343 1167 1569 1217 stinkte, ist dem Poeten wohl geblieben, aber die Lichter, die er auf¬
343 1198 1568 1252 setzt, leuchten nicht mehr in verborgenen Tiefen. Es fehlt der Zwang
335 1238 1569 1288 des Ueberzeugenden. Man hat den Eindruck eines auf die Theater¬
349 1284 1583 1335 wirkung eingestellten Kalküls, dem die Grundlage sichern Gefühls
344 1323 983 1380 und Augenmaßes verloren ging.
422 1353 1578 1416 Das erste Werkchen, „Stunde des Erkennens“, soll die Abrech¬
348 1399 1574 1452 nung eines kaltblütigen Verstandesmenschen, eines Arztes, dar¬
337 1433 1582 1496 stellen, der vor langen Jahren Kunde vom Treubruch seiner Frau
348 1479 1588 1543 erhielt, doch nichts davon verriet. Die Auseinandersetzung mit der
341 1534 1589 1570 Gattin und die Trennung hat er in Rücksicht auf die Tochter, bis
348 1563 1578 1609 diese einen Mann gefunden, verschieben wollen. Am Ende mag der
354 1607 1591 1650 Plan ja noch verständlich sein. Aber ganz unerklärlich erscheint es,
345 1647 1584 1685 wie der Mann in all den Jahren, in denen die Frau, ohne zu
353 1673 1581 1721 ahnen, daß er Verdacht geschöpft, die kurze Irrung dann durch
351 1717 1585 1768 treueste Hingabe wettzumachen suchte, den ersten heißen Haß, wie
343 1755 1583 1805 er voraussetzt, hat konservieren können, und warum seine Abrech¬
339 1796 1592 1838 nung in blind gehässige Schmähungen verfällt. Auch das ein¬
348 1822 1582 1886 gefügte Nebenmotiv, daß er sich fälschlich von einem glückbegünstig¬
355 1877 1590 1930 ten, seit je von ihm beneideten Kollegen hintergangen wähnt, daß
351 1909 1583 1957 dieser Neid den Groll geschürt hat, macht das Verhalten dieses
357 1962 1579 2011 Doktor Eckold, bei der sonstigen Zeichnung der Figur, nicht glaub¬
350 1997 680 2071 Vscher.——
454 2065 1580 2127 Das Mittelstück, das den Erfolg entschied, „Große Szene“
375 2113 1593 2161 worin das oft behandelte Thema der Komödianten, die ihr Komö¬
368 2147 1592 2197 dienspiel im Leben weiterführen, variiert wird, hat zweifellos den
371 2180 1599 2232 Vorzug größerer Wahrscheinlichkeit. Aber ein voller Ton kommt
366 2222 1598 2270 nicht heraus. Die glatte, mit automatischer Promptheit sich voll¬
374 2270 1596 2315 giehende Schwindekei, die Hermann Bahr zum Veispiel im „Kon¬
376 2300 1599 2351 zert“ in der Gestalt des alternden verwöhnten Künstlers
376 2345 1600 2393 so witzig persiflierte, erhält hier, in den Rahmen einer tragisch
362 2369 1593 2432 ernsten Situation gestellt, etwas Peinliches. Der große Mime, der
366 2420 1587 2470 einen ehrlich guten Burschen mit dessen Braut betrogen und nun
403 2460 1595 2524 — da jener, von eifersüchtiger Qual gefoltert, ein Geständnis von
372 2490 1589 2551 ihm verlangt — eitel selstgefällig, ihm ein unverschämtes Lügen¬
360 2533 1592 2592 märchen voragiert und sich dann später vor der eigenen Frau nit
368 2571 1589 2610 dieser Leistung brüstet, stößt ab in der Entartung alles menschlichen
372 2613 1590 2646 Gefühls, und ruft dabei auch keine psychologische Neugier wach.
370 2639 1600 2702 Die peinliche Empfindung wird dadurch noch gesteigert, daß der
362 2691 1600 2739 Poseur den momentanen Widerwillen, den er so in der Frau er¬
359 2724 1602 2768 regt hat, mit ein paar neuen Mimenmätzchen im Handumdrehen:
373 2767 1598 2824 rasch zum Schweigen bringen kann. Der hier besonders starke
367 2809 1591 2850 Beifall galt wohl in erster Reihe Herrn Bassermann, der
367 2846 1587 2910 unter den drei Hauptrollen, die ihm der Abend brachte, in dieser
363 2884 1237 2927 seine Virtuosität am freiesten entfalten konnte.
444 2915 1594 2981 Den Abschluß bildete die Anekdote, daß ein weltkundiger
362 2956 1597 3033 Dichtersmann, dem sein junges Frauchen mit einem pedantischen
369 3002 1599 3047 Tropf davongelaufen, sie vor den Augen des ungeschickten Don##
371 3040 1603 3093 Juan in ironisch überlegenem Angriffe sich zurückerobert. Die
372 3077 1598 3130 Breite, zu der der Cinfall ausgesponnen, wurde durch das farbige
367 3117 1595 3183 Milieu eines Tiroler Bahnhofs in etwas gemildert Von den
361 3145 1600 3230 Darstellern sind nach Herrn Bassermann vor allem Lina
359 3196 1594 3265 Lossen, Traute Dumcke=Carlsen und Herr Loos der
367 3237 1136 3302 Bräutigam im Mittelstücke, u nennen.
1450 3239 1548 3304 dt.
2180 777 2665 871 (Quelienaligabe oese Gewahr.)
2328 848 2942 936 reussische Aelung, Bere
1889 830 2339 948 Ausschnitt aus:
2366 959 2659 1041 250111915
1883 989 2040 1040 vom:
2188 1016 2404 1080 —
1885 1068 2982 1142 Lessing-Theateer. Artbur Schnitzlers bereits in der Pro¬
1766 1099 2562 1165 binz gegebenen drei Einakter
2685 1122 3013 1225 Ae
1799 1162 2863 1210 ten es im Lessing=Theater nur nach dem zweiten Stücke „0)
1825 1189 2990 1250 Szene“ zu erhöhterer Anteilnahme. Und das hauptsächlich, weil
1805 1228 2987 1297 hierin der Schauspieler Albert Bassermann einen Mimen spielte,
1803 1273 2975 1328 der noch dazu sich und anderen Komödie vorzumachen hatte.
1805 1306 2987 1365 Bassermann stürzte sich mit einer Selbstironie in diesen Dualis¬
1806 1338 2983 1386 mus, die ihn aus seiner sonst bis auf die Sprache ausgefeimten
1796 1374 2984 1448 Ueberlegung hinausriß und in einer prachtvollen undd reich be¬
1797 1404 2990 1484 bachten Kraft aufleben ließ. Das Stückchen selber hat entgegen
1803 1449 3002 1533 den anderen beiden einigermaßen Sinn und Erfindung. Es ist 1
1830 1605 2999 1678 in ihm die Schnitzlersche Idee, daß wir das ganze Leben lang nur
1823 1666 2991 1718 spielen, an einem Schanspieler ausprobiert, der auf der Bühne den
1821 1703 2999 1743 Abglanz des Lebens täglich in anderer Gestalt darzustellen hat.
1822 1741 2996 1798 Es hätte sich da aus dem Wechsel von Leben und Spiel die tra¬
1823 1778 2994 1824 gische Note entwickeln können. Doch der Wiener Arthur Schnitzler
1825 1808 3004 1872 will nicht so weit und beläßt es, als der Schauspieler dem
1825 1855 2996 1914 Manne zur Rechenschaft gegenübersteht, dessen Braut er verführt
1822 1894 2993 1952 hat, bei der großen Szeue. Die Fäden des Lebens spielen sich
1825 1925 2996 1995 als Regungen der Soele nicht mit hinein; nur das Theater bleibt
1822 1973 2999 2029 übrig. Als kalter Kulissenschauer aber weht es uns an, wenn
1813 2009 2991 2056 wir zum Schluße erfahren, daß es absichtlich dem Betrogenen vor¬
1823 2049 2994 2103 gespielt war. Es schied sich damit von allen sittlichen, ja sogar
1815 2089 2998 2139 asthetischen Voraussetzungen, die wir an ein Werk stellen, das mit
1809 2126 3003 2193 Kunst etwas zu tun haben will. Ein Akt für einen begabten Dar¬
1819 2164 2989 2215 steller, sonst nichts, war damit geschrieben worden. genau wie man
1811 2205 2991 2240 einen wirksamen Variététrick erfindet. Die beiden anderen Ein¬
1814 2250 2961 2296 akter „Stunde des Erkennens“ und „Bacchusfest“
1817 2280 3005 2337 hatten nicht mal mit dem Trick aufzuwarten. Ehebrüche waren
1813 2322 2987 2367 das Thema, um das eine spitzfindige Komödie der Worte auf¬
1812 2365 2994 2411 geführt wurde. Ein Spitzfindigerer hätte diese Komödie der Worte
1811 2397 2982 2443 durch eine weitere Komödie der Worte unwahr und lächerlich
1815 2433 2982 2479 machen können. Das Raffinement, das im ersten Einakter noch
1814 2466 2999 2530 den Reiz der Neuheit für sich hatte, verfing im letzten Einakter
1821 2512 2994 2548 nicht mehr, sondern zeigte, wie abgestanden und übel er bei der
1815 2545 2988 2601 Wiederholung inzwischen geworden war. In der Pause wurden
1810 2586 2979 2640 in den Gängen die späteren Abendblätter feilgeboten. Der öster¬
1810 2625 2979 2670 reichische Heeresbericht erzählte von den schweren Kämpfen an
1813 2662 2980 2719 drei Fronten. Wie jämmerlich war dagegen das, was man auf
1817 2702 2988 2756 der Bühne hörte; wie trostlos erschienen die Zeichen dieser
1818 2741 2984 2797 „Kunst“, die, unfähig zu großem Erl.ben und Gestalten, froh ist,
1812 2783 2980 2843 wenn sie Regenwürmer findet! — Die Aufführung der drei Ein¬
1807 2818 2984 2875 akter war ausgezeichnet. Albert Bassgmann, der in jedem
1816 2857 2288 2910 von ihnen einen anderen
2286 2865 2981 2917 — Arztaleler, Schriftsteller —
1808 2894 3008 2966 spielte, hatte, wie gesagt, in dew=Großen Szene“ großartig aus¬
1813 2931 2143 3000 holepben, Schmiß.
