3392 4256
2151 163 2590 263 box 32/1
272 192 1994 274 26. 1. Konoedie der Norte—zyklus
384 497 1363 592 Francisco, Stockholm, St, Petersburg, Porome.
634 554 1469 688 (Barlitnahtabelsae Gevahn)
376 604 1296 744 Ausschnitt aus: und Handelsblate
815 699 1226 817 Mähr.-Ostrau
385 711 800 781 vom15.0K1.191!
413 882 881 981 heater, Kunst
661 950 1277 1074 und Wissenschaft.
541 1073 1096 1167 Der neue Schnitzler.
553 1142 1060 1228 „Komödie der Worte.“
386 1208 1308 1287 Aus Wien wird gemeldet: Das Burgtheater
305 1254 1307 1330 hatte am Dienstag seinen ersten Premiaren=Abend:
316 1293 1307 1370 Die Uraufführung des Einakter=Zyklus „Komödie
320 1342 1312 1428 lder Worte“ von Arthur Schnitzler. Der Dichter
312 1408 1294 1482 betitelt die Einakter: „Stunde des Erkennens“,
321 1441 1303 1515 „Große Szene" und „Das Bacchusfest“. Er gibt ihnen
327 1499 1305 1570 keine nähere, sie charakterisierende Bezeichnung. Sie
333 1540 1307 1615 sind nur lose miteinander verbunden. Das sie um¬
321 1590 1307 1663 schließende Bild bildet die Komödie der Worte, die
321 1643 1306 1714 große Lüge, in der Menschen oft in engster Gemein¬
2766 1665 2853 1734 Sisan
329 1689 1295 1757 schaft leben. „Stunde des Erkennens“ ist ein ern¬
2372 1729 3312 1783 w#u#de, hatte von allen drei Einaktern der mittlere.
1444 1732 2372 1791 spielen belauscht hat, graut ihr vor dieser abgrund¬
315 1738 1307 1807 stes, tiefgründiges Schauspiel. „Große Szene“ schwantt
2369 1771 3299 1812 der wirklich die „große Szene“ bringt, den laute¬
1438 1781 2368 1843 tiefen Charakterlosigkeit. Sie kann nur mit einem
319 1787 1297 1849 zwischen Lustspiel und Burleske, wiewohl auch hier
2376 1804 3307 1855 sten Erfolg. Er enthält eine Bombeurolle — hier
1439 1814 2372 1863 Menschen zusammenleben, nicht aber mit einem
315 1833 1298 1903 eine sehr ernste „große Szene“ das eigentliche Ruck
2374 1842 3297 1899 von Harry Walden gegeben. — und wird sicher
1449 1848 2368 1916 „toll gewordenen Hanswurst, der, wenn sich's ein¬
2377 1878 3305 1941 seinten Weg über die Bretter machen, die glücklicher¬
321 1879 1295 1955 grat bildet. „Das Bacchusfest“ ist mit dem allen
1444 1896 2369 1943 mal fügt, auch bereit ist, einen Menschen zu
2384 1925 3305 1982 weise nicht die Welt bedeuten, wenn draußen
326 1924 875 1990 Cyprine=Motiv ein Lustspiel.
1444 1931 1588 1982 spiel
1629 1931 2361 1982 * Dieser Eutschluß hält aber nur so
2380 1950 2998 2028 „Thronc bersten, Reiche zittern“.
1439 1959 2367 2021 lange vor bis Herbot, schon im Hamlet=Kostüm,
381 1972 1295 2039 Aus Darmstadt wird berichtet: Arthur
1437 1995 2375 2056 aus dem Theater herübergestürzt kommt und mit
2874 1990 3263 2078 Ernst Posselt
321 2006 1283 2094 [Schnitzlers drei Einakter „Komödie der Worte“
1441 2040 2367 2110 einer zweiten großen Szene seine harmlose Gattin
326 2066 1286 2133 hatten, am Darmstädter Hoftheater unter Baumei¬
1447 2087 2067 2135 abermals in seinen Bann zwingt.
1479 2120 2357 2169 Die Psychologie dieser Figur ist leicht zu ver¬
321 2116 1302 2187 sters Regie aufgeführt, einen großen Erfolg, der be¬
1445 2155 2370 2212 stehen. Wir haben den eitlen und genußsüchtigen
314 2158 1299 2234 sonders dem zweiten und britten Stück galt. Der Ver¬
1436 2197 2369 2235 Pirtuosen schon oft genug im Theater und im Ro¬
321 2209 1276 2279 stellung wohnten der Großherzog und die Geeicherze
1446 2229 2372 2284 man begegnet. Dagegen ist das, was uns Schnitzler
316 2262 1299 2338 gin mit vielen Gästen bei. Ferner waren zahlreiche
1441 2275 2367 2320 in den beiden anderen Einaktern vorsetzt, reichlich
279 2292 993 2376 i deutsche Theaterdirektoren anwesend.
1446 2315 2364 2355 verstiegen: In der Siunde des Erkennens
1442 2349 2370 2388 die Frau eines Arztes, die einen andern, zu wissen¬
1438 2385 2372 2441 schaftlicher Berühmtheit aufgestiegenen Medizinter
1438 2422 2368 2485 liebt, sich diesem Ecliebten aber versagt, weil er
1432 2459 2365 2513 „ihr Schicksal“ werden könnte, sich dafür aber umso
1434 2499 2369 2549 bereitwilliger von einem verbummelten Literaten
1435 2536 2375 2588 trösten läßt. Dann den Arzt selber, der um den
299 2567 580 2642 nitt aus:
1432 2577 2357 2629 Betrug seiner Frau weiß, aber die eheliche Gemein¬
548 2590 1345 2681 Wuchener Neueste Muemrkzten
1430 2617 2358 2662 schaft aufrecht erhölt, bis seine Tochter an den
1429 2648 2361 2704 Mann gebracht ist, und der dann erst seiner Frau
335 2651 649 2735 760K1 1975
757 2664 1066 2754 München
1443 2693 2370 2754 den Stuhl vor die Türe setzt. Gegen diesen Arzt
1439 2729 2358 2779 seiner Ehre, der kalthlütig seine Rache zehn Jahre
1431 2769 2361 2819 aufspart und dann brutal wie mit dem Geziermesser
1434 2806 2353 2858 im Herzen seiner Frau herumfährt, ist Calderons
533 2783 1426 2864 * Wiener Theater. Man schreibt uns aus Wiesl¬
1438 2835 2368 2894 gleichnamige Figur der reinste Waisenknabe. Dies
496 2842 1426 2899 Das Burgtheater hat die Reihe seiner dies¬
1438 2882 2352 2925 alles verstehe, wer kann. auch die blutlosen Sche¬
497 2891 1416 2942 jährigen Neuheiten mit drei Einaktern von Artur
1430 2924 2358 2973 men, die das Bacchusfest an uns vorüberziehen
508 2932 1420 2974 Schnitlereinem Hausdichter, begonnen.
1436 2959 2355 3014 läßt: den berühmten Schriftsteller, der seine Frau,
508 2964 1422 3011 Komödie der Worte ist dieser Zyklus über¬
1426 2995 2363 3049 die ihn mit einem Gimpel betrogen hat, anbrüllt:
506 3002 1417 3050 schrieben. Er zeigt Schnitzlers feine, ja überfeinerte
1434 3032 2362 3092 „Ich hasse dich!“ und dann die Frau selber, die er¬
507 3043 1426 3094 Kunst der Dialogführung und psychologischen Spitz¬
1437 3075 2363 3118 widert: Ich dich noch tausendmal mehr — mein
509 3080 1423 3132 findigkeiten im hellsten Lichte. Bezeichnend ist, daß
1438 3110 2357 3165 Geliebter!“ Die einzig lebenswahren Gestalten in
508 3118 1419 3177 von allen Gestalten, die diese drei Einatter bevöl¬
1437 3145 2362 3193 diesen Stückchen sind der Portier und der Zahl¬
496 3158 1422 3204 kern, die Figur eines großen Komödianten am
1438 3186 2352 3234 kellner des Salzburger Bahnhofes, in dem das
501 3193 1422 3240 echtesten und glaubhaftesten wirkt. Und gerade on
1432 3214 2362 3290 Bacchusfest bei Soda mit Himbeer und Melange
503 3232 1415 3274 ihm will der Autor uns zeigen daß der virtuose
1439 3262 1960 3319 mit Gugelhupf sich abspielt.
495 3269 1423 3319 Darsteller, der jeden Abend in einen anderen
1459 3280 2361 3354 Die gesinnungstüchtige Wiener Presse läuft
496 3309 1415 3348 Charakter schlüpft, am Ende sein eigenes Wesen
1424 3327 2359 3386 Sturm gegen die Leitung des Burgtheaters, weil
492 3344 1418 3391 einbüßt, so daß er kein Mann mehr ist, sondern nur
1430 3366 2361 3422 sie in dieser ernsten Zeit derartige wurmstichige
499 3383 1413 3433 noch eine klingende Schelle. Knapp vor Beginn des
1434 3404 2360 3461 Ehebruchsdramatik auf die Bühne bringt. Man
502 3425 1413 3478 Hamlet mimt der berühmte Hofschauspieler Konrad
1420 3448 2351 3496 braucht diesen Entrüstungsrummel nicht mitzu¬
488 3460 1412 3504 Herbot einem jungen, kreuzbraven Menschen, den
1422 3489 2355 3537 machen, wird aber doch zugeben müssen, daß dem
498 3487 1414 3541 er mit seiner Braut hintergangen hat und der
1426 3521 2357 3576 alten Wiener Stoßseufzer: „Glückliche Leut, ham zu
489 3527 1407 3580 Rechenschaft von ihm fordert, eine „Große
1433 3555 2357 3613 so was a Zeit!“ seine Berechtigung. nicht abzuspre¬
501 3574 1419 3621 Szene“ vor, um sich reinzuwaschen. Er weiß so
1436 3603 2355 3652 chen ist, wern man Schnitzlers eminentes Können
492 3615 1418 3660 geschickt Wahrheit und Lüge zu mischen, gibt so ge¬
1432 3636 2356 3682 und den großen Apparat des Burgtheaters in den
496 3648 1419 3699 fühlvolle Extempores von sich, daß er am Ende wie
1414 3677 2264 3741 Dienst solcher Belanglosigkeiten gestellt sieht.
494 3678 1415 3737 dies jeder gute Schauspieler tun soll, beinahe selber
1462 3702 2364 3773 In der Darstellung feiert das Burgtheater einen
494 3730 1413 3768 an seine Rolle, diesmal an seinen geheuchelten
1431 3757 2352 3815 Triumph seiner sorgfältig gepflegten Sprechkunst
489 3763 1422 3822 Edelmut glaubt. Seine Frau hat ihm schon man¬
1430 3782 2366 3846 die bis an die Grenzen der unglücklichen Akustik
489 3802 1412 3843 chen Seitensprung verziehen Jetzt aber, da sie im
486 3829 2394 3904 Nebenzimmer Herbots Meisterstück im Komödie=] des Hauses geht. Wie schon telegraphisch gemeldet !
2378 2250 2434 2309 1
