3392 4352
2165 164 2599 254 box 32/2
294 181 2060 262 26.1. Konoedie der Norte—Zuklus
1859 1080 2104 1155 ole
2432 1128 2479 1208 1
2582 1128 2860 1216 W
1829 1197 2966 1261 ein wenig gefälscht — das verschweigt er aber diskret.
1828 1240 2965 1307 Beglückt zieht der Bräutigam ab, er wird seine Daisy hei¬
1831 1282 2970 1331 raten und stets glauben, daß nichts Ernstliches vorgefallen
1824 1322 2957 1372 sei. Sophie, die Frau Herbots, hat ihm Erlaubnis ge¬
1827 1367 2982 1430 geben, „zum letzten Mal“ zu lügen. Sie hört im Neben¬
1824 1402 2970 1439 zimmer alles mit an, erschrickt über diesen Meisterschwind¬
671 1391 1115 1476 Ausschnitt aus:
1823 1438 2969 1498 ler, will einen Augenblick die Folgen für ihre spätere Ehe¬
899 1437 1683 1544 1 bepg, Badische Landen Pei
1826 1478 2974 1538 führung daraus ziehen und gehen, bleibt aber zuletzt. Ge¬
678 1493 849 1559 vom:
1823 1512 2971 1570 siegt hat die liebenswürdige Lüge, gesiegt hat der Glanz
1268 1520 1550 1605 an Sael
1833 1559 2965 1615 der Worte. Liebe läßt sich nicht abwägen oder moralisch
1825 1594 2960 1649 abmessen, sie fliegt dem Unwürdigen zu und betrügt den
1824 1633 2968 1703 würdigen Bräutigam. Die Szene ist mit einer großen
956 1619 1524 1711 Komödie der Worte.
1826 1673 2965 1717 Sicherheit geführt, ein Theaterdirektor spricht kluge Worte,
1828 1709 2963 1771 die Spannung hört nicht auf und so freut sich das Publikum
861 1692 1592 1762 Einakterfolge von Arthur Schnitzler.
1829 1743 2283 1804 und mit ihm die Kritik.
715 1757 1759 1842 Graufführung im Nellen Thealerezn
1915 1786 2970 1853 Am Anfange des Abends stand der Einakter „Stunde
1084 1812 1407 1874 Frankfurt.)
1824 1819 2261 1881 des Erkennens“
2285 1829 2958 1878 Hier ist die reifste, stärkste und
1110 1854 1771 1932 Frankfurt a. M., 13. Oktober.
1823 1863 2958 1912 tiefste dichterische Leistung. Es ist schwer, mit wenigen
1828 1903 2967 1955 Worten den Inbeit zusammenzufassen und man würde auch
764 1909 1803 1966 Das schwächste dieser Stücke ist das letzte, betitelt
1821 1944 2963 1995 dem Dichter dadurch Unrecht tun. Verwickelte feelische
679 1950 1810 2005 „Das Bacchusfest“. Hier wird versucht zu zeigen,
1824 1983 2970 2043 Probleme werden behandelt und zwar behandelt mit einer
675 1997 1803 2047 wie stark die Worte eines geistvollen, überlegenen Men¬
1827 2024 2969 2089 Schärfe und einer Knappheit, wie sie wohl heute kaum
679 2032 1814 2080 schen auf ein jugendliches Liebespaar wirken. Die Frau
1820 2065 2975 2123 ein anderer Dichter aufzubringen vermag. Die Meister¬
669 2079 1802 2123 des Schriftstellers Staufner hat sich während dessen Ab¬
1826 2097 2957 2164 schaft des Arztes ist vereint mit der Meisterschaft des
677 2114 1808 2162 wesenheit dem jungen Dr. Wernig in Liebe ergeben und
1816 2133 2964 2205 reifen Menschen. Worte der Güte und des höchsten Ver¬
676 2154 1808 2205 die Beiden beschließen, zu heiraten und dem zurückkehrenden
1826 2175 2966 2228 stehens erklingen und bewegen uns in seltenem Maße.
670 2183 1807 2239 Ehegatten alles mitzuteilen. In der Bahnhofshalle treffen
1821 2214 2962 2277 Wenn man gegenüber diesem Ergriffensein unbedingt mit
670 2230 1811 2276 sich die drei. Staufner merkt sofort alles und erzählt, wie
1820 2253 2969 2292 dem kritischen Verstande nachprüfen will, so bleibt viel¬
668 2271 1805 2319 im alten Griechenland das Bacchusfest dadurch gefeiert wurde,
1826 2290 2952 2359 leicht der Einwand, daß das Stück zu gescheit und zu
673 2304 1802 2359 daß eine Nacht lang erotische Freiheit bestand und jeder
1822 2331 2970 2389 überlegen geschrieben ist. So wird es manchmal auf den,
1817 2369 2957 2424 der solchen Problemen nachzugehen nicht gewohnt ist, den
670 2375 1807 2430 die beiden Liebenden, Wernig fährt ab und Agnes wird reu¬
1827 2408 2964 2448 Eindruck einer Konstruktion machen. Für empfindsame Men¬
681 2428 1800 2474 mütig in ihr altes Heim zurückkehren. Ist schon die Kon¬
1818 2441 2964 2487 schen aber, die von der Bühne nicht eine Wiederspiegelung
674 2460 1807 2515 struktion der Begegnung im Bahnhof eine verfehlte, so ist
1819 2487 2965 2527 des Alltagslebens verlangen, sondern ihr die eigenen Ge¬
670 2498 1811 2561 noch mehr sofort einzzusehen, daß niemals eine intelligente
1820 2523 1904 2572 setze
1899 2532 2963 2588 zubilligen, wird es wohl das stärkste Stück sein, das
673 2543 1806 2589 Frau die Absicht haben wird einen solchen Schwachkopf,
1822 2569 2663 2606 während dieses Krieges geschrieben wurde.
678 2583 1805 2635 wie Wernig, zu heiraten. Sie wird sich vielleicht ihm
1911 2601 2968 2657 Nur noch wenige Worte über die Aufführung:
675 2614 1801 2667 im Rausche ergeben, aber es bedarf sicher nicht der klugen
1818 2617 2953 2693 Sie war alles in allem ganz ausgezeichnet. Die drei männ¬
675 2652 1810 2715 Worte des Schriftstellers Staufner und des Dichters Schnitzler,
1824 2681 2961 2729 lichen Hauptrollen gab Willi Schröder, ein Schau¬
680 2703 1802 2746 um zu beweisen, daß es sich nicht um die große dauer¬
1813 2719 2952 2759 spieler von starker Intelligenz und Verwandlungsfähigkeit.
673 2732 1806 2781 hafte Liebe handelt. Außerdem hat das Stück starke Längen,
1816 2759 2960 2818 Daneben blieb noch der Name Maria Leiko haften, die
669 2780 1807 2829 in denen das Wort auch über den Dichter siegt. Trotz
1814 2802 2961 2859 im ersten Stück so unendlich fein zeigte, wie die Eitelkeit
669 2812 1811 2855 dieser Bemängelungen hört man willig zu, denn Schnitzler
1823 2838 2965 2881 über die Rache und die Güte siegt und wie relativ alle
679 2855 1799 2923 spricht ein schönes und klares Deutsch, eine Seltenheit der
1811 2875 2975 2929 unsere Taten sind, wenn sie besprochen merden und sich um¬
674 2890 1080 2948 heutigen Produktion.
1812 2910 2786 2984 setzen in eine — Komödie der Worte“.
677 2956 1814 3017 „Große Szene“ Hier schuf Schnitzler ein lustiges,
674 2990 1811 3060 überlegenes, geistsprühendes Stücklein voll theaterfester Wirk¬
672 3050 1815 3110 samkeit. Der große Schauspieler Konrad Herbot bezaubert
670 3089 1809 3131 alle Frauen, nicht zuletzt seine eigene. Er hat jene rohe
678 3126 1806 3183 Männlichkeit, die den Frauen so viel verspricht und er hat
669 3164 1814 3215 die überlegene Kunst der glaubhaften Lüge. Als der Bräu¬
666 3199 1810 3247 tigam seines letzten Abenteuers zu ihm kommt, zeigt er
667 3236 1835 3295 ihm einen Brief der Dame, der Herbot anfleht, abzureisen.
650 3262 1809 3348 Leider ist er nicht abgereist und hat auch das Datum
