3344 4352
2152 182 2574 274 box 32/4
2070 223 2124 279 500
287 196 2063 263 26.1. Konoedie der orte—zykins
863 852 1178 938 10. JAN 1916
190 968 785 1092 bungel ##eblaf
1390 1112 3309 1150 Dichter auch im „Bacchusfest“ eine Ehe] Montor, gleichzeitig Spielleiier, seine „große
1389 1145 2346 1204 wieder zusammenleimen, mit Worten den Ver¬
2350 1147 3302 1190 Szene"; er gab den Mann von Leidenschaft
730 1143 1052 1226 Theater,
1397 1188 2347 1238 führer in die Flucht schlagen. In der Anlage
2348 1185 3308 1245 und Genie, den Lügner, der sich so in seine
1395 1230 2331 1273 so hübsch gedacht, daß man es bedauern möchte,
2347 1229 3302 1278 Rolle hineinlebt, daß er selbst an sie glaubt,
495 1194 1302 1308 Kunst und Wissenschaft.
1387 1254 2344 1316 daß der Gedanke gerade einem Schnitzler zur Aus¬
2348 1272 3300 1314 mit solcher Virtnosität, daß man es kaum be¬
1384 1309 2343 1355 führung in die Hand gefallen, bringt dieser Einakter
2349 1295 3309 1359 dauerte, daß das naive Kind, das er nach den
1380 1345 2340 1397 das Unwahrscheinliche, um nicht zu sagen, die Ver¬
2348 1349 3305 1393 Worten seiner Frau immer geblieben ist, nicht
512 1355 1268 1442 Deutsches Schauspielhaus.
1393 1381 2333 1423 logenheit, die allen drei Stücken anhaftet, am
2348 1379 3310 1430 recht zum Durchbruch kam. Man freute sich an der
1396 1411 2344 1471 scharfsten in den Vordergrund; oder glaubt der
2345 1423 3302 1483 Darstellung, wie er sie — vielleicht nicht ganz
520 1421 1268 1512 „Komödie der Worte“.
1393 1458 2334 1509 Dichter wirklich, daß es einem noch so klugen
2343 1460 3300 1523 nach dem Sinn des Dichters — schuf. Fräu¬
595 1477 1211 1556 Von Arthux Schnitzler.
1394 1498 2334 1562 und seinen Kopf gelingt, ein ehebrecherisches
2346 1501 3298 1551 lein Westhoven konnte man in einem
1382 1543 2341 1579 Paar, das schon so weit gegangen wie
504 1515 1364 1596 Arthur Sch##er ist der Dichler der
2343 1539 3307 1588 neuen Fach sehen und bewundern; Brahm
1385 1577 2340 1621 die beiden Bacchanten, sich noch wieder ausein¬
616 1575 1370 1632 : dem Kriege, einer Zeit, die in einer
2349 1579 3313 1636 ließ bei seinem Theaterdirektor alle Saiten;
411 1585 1361 1660 Wjen Uebersättigung Gesallen fand an aus¬
1383 1608 2345 1675 andertreiben läßt durch eine stimmungsvolle Er¬
2350 1621 3300 1665 seines köstlichen Humors spielen und brachte
3189 1658 3330 1711 Un¬
415 1648 1374 1721 geklügelten, geistreichen Skizzen im Buch und
1386 1653 2336 1720 zählung von dem nächtlichen Feuer des alten
2346 1652 3124 1704 die fein ziselierten Wahrheiten und
411 1692 1363 1739 auf der Bühne, einer Zeit, die Züge der Ueber¬
1386 1694 2334 1737 Dionysos=Kultus? Der Einschlag von Senti¬
2340 1700 3312 1757 wahrheiten glänzend zur Wirkung. Rein künst¬
1391 1728 2328 1783 mentalität, der den Schluß dieses Einakters
411 1726 1363 1779 müdung aufweist, aus der anscheinend nichts
2344 1735 3315 1793 lerisch genommen war Heinrich Lang als
412 1776 1369 1814 Großes und Gewaltiges mehr geboren werden
1378 1772 2328 1818 kennzeichnet, wirkt widernatürlich und unschön. Die
2349 1770 3303 1820 Schriftsieller Staufner der gelungenste Part
417 1812 1369 1854 konnte. Man hat sie mit dem Schlagwort „Deia¬
1380 1817 2340 1872 schlimmste der drei einaktigen Sünden stand am
2351 1807 3308 1860 des Abends; die unter weltmännischen Formen
2349 1851 3306 1913 verborgene Leidenschaft kam bei der Erzählung
410 1838 1362 1891 denz“ abgetan, und gesunde Geister, die die
1387 1849 2340 1913 Anfang. Auch hier ist es das Wort, das
2353 1888 3306 1934 der Liebesfreinacht des alten Grlechenland treff¬
1387 1893 2332 1941 herrscht, die Handlung liegt in der Vergangen¬
416 1886 1359 1940 Fangarme ihrer Skepsis noch nicht erreicht hatten,
2340 1933 3307 1985 licher zur Darstellung — viel edle Kunst, ver¬
1386 1933 2334 1975 heit. Ein Arzt hat zehn Jahre mit seiner Frau
417 1931 1369 1978 wandten sich bewußt von ihr ab, ja bekämpften
2343 1973 3312 2035 tan an einem Werk, das wohl für den Augen¬
413 1963 1380 2032 sie. Das ganze Leben — wir haben es in¬
1385 1974 2330 2020 zusammengelebt, trotzdem er zu wissen glaubt,
2350 2010 3309 2057 blick Heiterkeit auslösen, aber niemals von nach¬
410 2015 1363 2072 zwischen erfahren — ist nicht aus „Liebelei“ zu¬
1377 2014 2338 2052 daß sie ihn mit seinem Freunde betrogen hat;
1377 2060 2337 2103 er hat auf die Stunde des Erkennens
2350 2046 3300 2099 haltiger Wirkung bleiben kann. Denn unsere
414 2052 1362 2098 sammengesetzt, sondern wird auch noch von
2352 2088 3302 2149 Zeit ist fortgeschritten, indessen der Anatol¬
1387 2089 2339 2139 gewartet wie ein Schauspieler auf sein Stich¬
404 2090 1373 2149 anderen Dingen erfüllt, von denen natürlich der
2341 2119 3305 2181 Dichter stehengeblieben ist. Sie verlangt Ver¬
1380 2132 2334 2177 wort, und nun, da sie, nach der Hochzeit der
404 2120 1373 2176 keine Ahnung haben kann, der sich mit einem
2339 2161 3315 2211 tiefung in rein menschliche Probleme, nicht
1383 2165 2340 2225 Tochter und dem Abschied des vermeintlich treu¬
400 2171 1365 2222 wehmütigen Verzicht auf alles Große davon
1379 2205 2334 2255 losen Freundes für immer, gekommen ist, genießt
2347 2204 3304 2264 geistreich ausgetüftelte, gefühlsarme Vernünf¬
411 2210 1363 2271 abwendet und seiner Mitwelt nur das ironische
1378 2232 2342 2294 er seine Rache kalt. Er stempelt die Frau, mit
2346 2245 3301 2313 teleien über heikle Themen in dramatischer
413 2244 1358 2299 Lächeln über ihre Kleinheit und Niedrigkeit zeigt.
1387 2283 2332 2331 der er in neunzehnjähriger Ehe zusammengelebt
3076 2283 3270 2347 A. O.
2348 2285 2509 2347 Form.
413 2275 1368 2331 Man könnte solchen Dichtern zugute rechnen, daß
1382 2329 2334 2377 hat, die ihm ein Heim geschaffen, die Mutter
411 2327 1373 2385 sie ihrer Zeit nur das Spiegelbild vorhalten und
1734 2357 2333 2419 zur Dirne, und gebietet ihr
1383 2361 1696 2414 seines Kindes
417 2366 1362 2412 hadurch erhebend, bessernd, läuternd wirken
1378 2386 2354 2453 jetzt, sich von ihm zu trennen. Dabei ist alles
414 2399 1367 2450 wollen; aber ich glaube, man tut Schnitzler und
1390 2438 2342 2508 unwahr, denn die Frau hat ihn gar nicht mit
412 2450 1364 2506 seiner ganzen Richtung zu viel Ehre an, wenn
1387 2474 2334 2528 dem vermeintlichen Freund betrogen, sondern
411 2475 1371 2533 man ihnen diese Absicht beimißt. Wollien sie
1385 2519 2331 2569 mit einem andern, nicht einmal wirklich gelieb¬
395 2510 1362 2572 das, so würde doch wenigstens an einer
1388 2560 2326 2607 ten Mann, der nur hinter den Kulissen agiert.
410 2558 1375 2616 Stelle etwas von dem hervordringen, was man
1384 2593 2341 2653 Der Ehemann erfährt nichts davon, und nach
400 2604 1371 2671 als Wetterleuchten der Zukunft, als eine Hoffnung
1381 2631 2340 2693 Noras Art verläßt Frau Clara das Haus.
397 2639 1099 2703 auf Reinigung empfinden könnte.
1388 2670 2340 2728 Diese Abrechnungsszeue mit ihrer ganzen Ver¬
503 2683 1365 2748 Aber nichts von alledem! Nicht im „Ang¬
1377 2711 2336 2771 zerrung ist vielleicht ein geistreicher Gedanke,
401 2734 1370 2779 tol“ nicht im „Reigen“, nicht im „Einsamen
1389 2756 2332 2802 aber niemals ein Bild des wirklichen Lebens,
410 2774 1372 2816 Weg“ weder im Spiel mit der Liebe, noch im
1375 2787 2339 2855 ein Vorwurf, der einen Komödienschreiber, der
401 2792 1373 2870 Spiel mit dem Tode ... auch nicht in der
1388 2823 2333 2883 auf den Erfolg sieht, reizen konnte, von dem
410 2844 1363 2909 „Komödie der Worte“. Was will der
1375 2864 2341 2920 aber ein Dichter seine Hände hätte lassen sollen,
410 2894 1365 2939 Dichter mit dieser zusammenfassenden Ueber¬
1388 2912 2340 2956 da ihm die Unmöglichkeit der beiden mitein¬
408 2936 1367 2974 sch#ft seiner drei Einakter, die am Sonnabend
1379 2944 2341 2999 ander Abrechnenden schwer auf die Seele fallen
397 2966 1361 3027 ihre glänzende Erstaufführung im Deutschen
1380 2986 1547 3038 mußte.
1558 2991 2338 3039 Wie oft läßt Schnitzler seine Frau
392 3008 1357 3063 Schauspielhaus hatten, sagen? Eigentlich doch
1384 3028 2336 3066 Clara sagen: „Ist das denn zehn Jahre hin¬
393 3047 1369 3111 nur wieder seine alte Lehre, daß „alles nur
1384 3060 2346 3134 durch möglich?“ Er hätte sich selbst die Ant¬
402 3087 1359 3133 Eigennutz, nur Gemeinheit, nur Lüge, ein Hin¬
1385 3098 1798 3168 wort geben sollen!
388 3126 1359 3178 hämmern, eine Fahrt ins Dunkle, von der Lüge
406 3172 1358 3215 in die Lüge getrieben“ ist. Und der gemein¬
1454 3166 2340 3230 Und doch ein Theatererfolg! Es gibt
403 3197 1135 3252 same Gedanken bei allen dreien ist,
1126 3204 1365 3259 daß man
1380 3202 2330 3254 Stücke, die mehr von den Schauspielern, als
405 3242 1357 3295 mit Worten nicht nur tapfer streiten, sondern
1367 3252 2333 3300 von den Dichtern getragen werden, Stücke, die
394 3281 1366 3335 auch ein Lügengewebe bereiten, hinter Worten
1448 3286 2331 3344 n schlechter Mitspieler verdirbt, die ohne
395 3325 1357 3378 nicht nur seine Gedanken, sondern auch
1378 3315 2335 3379 Rettung der Lächerlichkeit verfallen, Wenn die
403 3353 1358 3409 seine Taten verbergen, kurz: mit Worten
1372 3359 1897 3418 Stimmung verpaßt wird.
1900 3359 2332 3423 Daß das am Sonn¬
406 3388 1361 3445 trefflich Komödie spielen kann. Am schärfsten
1364 3404 2326 3455 abend keinen Augenblick geschah, machte den
392 3437 1359 3489 tritt dieser Gedanke in dem zweiten Stück,
1379 3438 2334 3490 Erfolg des Abends aus, und, ohne viel dar¬
394 3475 1358 3521 „Die große Szene“ hervor, in der ein
1369 3486 2343 3534 über nachzudenken, was man ihnen denn eigent¬
397 3497 1361 3573 genialer Schauspieler so bis zum Ekel lügt, daß
1368 3523 2328 3578 lich an geistiger Kost dabei bot, dankten die
413 3542 1353 3597 seine Frau ihm auf= und davonläuft; es tri¬
1373 3564 2327 3612 Zuhörern den Künstlern dafür, wie sie sie
417 3593 1357 3632 phiert die Ider, daß der Träger eines
1374 3599 2343 3652 ihnen boten. Nhil und Kreidemanu¬
424 3632 1360 3689 Pienies ein ausgemachter Schurke sein und, weil
1383 3636 2328 3684 und die viel umworbene Frau Clara, die
406 3673 1358 3721 ## nicht mit gewöhnlichem Maßstabe gemessen
1372 3672 2331 3730 Julie Serda gewandt verkörpert, hielten die
395 3701 1347 3757 werden soll, einfach alles iun darf. Mit Worlen,
1376 3710 2326 3763 Stimmung des ersten Einakters in sicheren und
394 3755 2327 3821 mit der Erzählung einer Parabel, will der i geschickten Händen. Im zweiten Stück hatte Max
