3344 4320
2095 179 2553 273 box 32/5
221 194 1948 283 26.1. Kongedieder Worte Zyklus
712 724 1408 820 u, I., Contordiaplatz N.
1358 748 1596 844 nklie
698 916 1203 1026 Deutsche W
2068 959 2337 1079 D cgur.
1758 1080 2898 1154 nicht Herr werden kann und des öfteren seinen
722 1101 1584 1227 Schanbühne und Kunst.
1763 1133 2889 1225 Gattin Nachsicht und Verzeihung bedars. Den Be¬
1767 1175 2895 1257 mühungen Dr. Falk, Direktors des Schau¬
840 1183 1535 1284 Trappaner Stadttheater.
1763 1233 2904 1307 spielhauses, gelingt es, Sophie dazu zu bringen, daß
692 1271 1741 1335 Komödie der Worte. Drei Einakter von Arthur
1749 1282 2888 1365 sie den Bitten des Gatten Gehör scheukt und zu ihm zu¬
586 1320 1744 1414 SchnitzlerDie-Eigenart des Dichters wird
1748 1333 2902 1405 rückkommt. Konrad verspricht Besserung, er will allen
611 1383 1747 1438 auch in diesen Stücken deutlich gekennzeichnet. Witz und
1765 1376 2888 1459 Lügenkram sein lassen und nur sie allein lieben. Doch
606 1420 1748 1482 Wortreichtum, die Richtung seiner Psychologie und der
1757 1431 2903 1502 im nächsten Augenblick läßt er sich wieder fortreißen,
608 1467 1749 1544 Wechsel der Stimmungen, — Schnitzler ist ja Stim¬
1753 1487 2900 1559 einen braven Menschen, Edgar Gley, dem er die Braut
604 1521 1740 1583 mungskünstler — und der glänzende Dialog nehmen
1759 1552 2906 1605 verführt hat, eine Komödie vorzuspielen, welche dessen
605 1567 1738 1637 das Publikum gefangen. Der Titel „Komödie der Wor¬
1762 1581 2905 1651 Eifersucht und Argwohn ganz verscheuchen. Sophie hat
614 1618 1740 1685 te“ ist treffend gewählt, es sind eben nur Wörte, nur
1755 1642 2911 1716 im Nebenzimmer alles gehört. Diese Zusammensetzung
602 1670 1743 1721 dem Augenblick genügend, von keinen tieseren Wert.
1768 1699 2900 1755 von Lüge und Wahrheit vidert sie an und sie will fort,
604 1715 1748 1809 Die Einakter erzielten bei sehr guter Darstellung einen
1772 1734 2894 1802 aber diesmal für immer. Denn sie kennt ja den Fall.
601 1778 993 1864 lebhaften Erfolg.
1766 1786 2890 1857 wegen dieser Untreue ihres Gatten ist sie fort von ihm.
1766 1844 2909 1915 Konrad spielt diesen Abend; er gibt den Hamlet und
710 1842 1744 1911 Stunde des Erkennens. Die Tochter des
1765 1890 2899 1951 und sieht seine Frau nicht an dem gewohnten Platz; so¬
615 1887 1745 1956 Ehrpaares Eckold hat sich verheiratet und das Eltern¬
1762 1946 2899 2015 fort läuft er im Kostüm zu ihr ins Hotelzimmer und
603 1942 1763 2014 haus verlassen; der Freund des Haufes Professor Or¬
1765 1984 2910 2065 bestürmt sie mit Bitten und Flehen ins Theater zu
601 1991 1757 2046 min ist im Begriff als Kriegsarzt nach Japan zu fah¬
1769 2039 2908 2109 kommen; er kann, will und wird nur spielen, wenn
606 2045 1746 2115 ren. Beim Abschied gesteht ihm Klara, Dr. Eckolds
1768 2092 2567 2153 sie ihm zusieht, sie, die er allein liebt.
610 2105 1748 2159 Frau, daß sie ihn heimlich geliebt habe, sich ihn aber
604 2149 1755 2204 versagt und sich einen anderen, einen Stiefkind des
1872 2119 2902 2201 Und sie vergibt in großer Güte und Liebe und
607 2196 1754 2282 Glücks, den jungen Flödnig, mehr aus Mitleid als aus
1762 2212 2898 2273 bleibt. Die Rolle Konrad Herbots beherrscht die ganze
614 2245 1757 2303 Liebe geschenkt habe. Dr. Eckold war wegen verschie¬
1775 2247 2902 2303 Szene und war eine Glanzleistung des Herrn
607 2292 1749 2347 dene Umstände und Verhältnisse zu jener Zeit in sehr
1769 2294 2897 2363 Haber; er spielte mit jugendlichen Feuer und ur
606 2347 1751 2422 verdüsterter Stimmung und Klara stand ihn nicht gei¬
1777 2349 2896 2416 sprünglicher Frische. Frl. Lothar war als Sophie
601 2395 1757 2445 stig nahe genun, um ihn seiner Verdüsterung zu ent¬
1771 2389 2899 2471 sehr brav und spielte mit Herz und Verständnis. Die
609 2440 1752 2508 reißen. Diesen späten Bekenntnisse folgt nach dem
1775 2444 2905 2531 Herren Grünau (Dr. Fall) und Mahr (Edgar
619 2494 1768 2559 Scheiden des Professors eine Auseinandersetzung mit
1798 2506 2734 2585 Gley) waren in ihren Nebenrollen erstklassig.
617 2546 1755 2588 dem Gatten. Schon 10 Jahre hat Dr. Eckold gewußt,
1848 2572 2901 2640 Das Bachusfest. Dr. Guido Werning und
620 2595 1752 2641 daß seine Frau ihm untreu war, aber jetzt erst spricht
1778 2628 2914 2699 Frau Agnes Staufner erwarten am Bahnhof den
616 2645 1748 2713 er darüber. Der Gedanke an seine Tochter hat seine
1774 2678 2906 2743 Schriftsteller Felix Staufner, Agnesens Mann. Sie
618 2699 1756 2753 Lippen verschlossen und so eng und zärtlich die Gatten
1775 2725 2915 2795 wollen ihn mitteilen, daß Agnes sich von ihm trennen
610 2738 1758 2816 die Zeit hindurch gelebt hatten, im Grunde seines Her¬
1763 2788 2906 2846 und dann Guido Werning heiraten will. Felix Stauf¬
620 2804 1758 2864 zens hielt er sich doch von seiner Frau getrennt und er¬
1770 2829 2917 2880 ner kommt und hat sofort Gelegenheit, die Lage zu
608 2843 1761 2895 wartete mit aller Glut die Zeit der Rache, Jetzt ist der
1769 2885 2914 2942 überblicken. Er ist Herr der Situation und mit seiner
610 2898 1761 2958 Tag der Vergeltung gekommen. Er empfindet es als
1763 2928 2912 3002 siegesgewissen Dialektik weiß er seine Frau wieder zu
617 2938 1755 2998 die größte Beleidigung, daß gerade der vom Glück be¬
1769 2986 1991 3048 erorbern.
622 2990 1758 3062 günstigte Ormin sein Nebenbuhler war. Frau Klara
1858 3015 2918 3091 Mit der Erzählung der antiken Anetdote „Das
622 3040 1764 3095 will ihn von diesem Irrtum befreien und will schon
1779 3084 2916 3142 Bachusfest“, welchen Titel auch das neue Werk des
610 3094 1765 3143 sprechen — doch sie schweigt. Die 10 Jahre der Ernied¬
1779 3130 2909 3196 Dichters trägt, kommt Dr. Werning immer mehr die
620 3139 1763 3194 rigung, wo sie ihres Gatten Geliebte war und nicht
1773 3181 2931 3260 Erkenntnis, daß Agnes ihm verloren ist und er fährt
625 3193 1766 3274 seine Gattin, werden durch ihr Schweigen gerächt. Sie
1779 3236 2663 3324 mit den nächsten Zuge allein nach Paris.
623 3244 1559 3307 geht ohne jede Aufklärung aus dem Hause.
717 3277 1759 3359 Herr Haber gab Dr. Eckold. Er wußte das ver¬
1860 3276 2907 3368 Sehr gewandt und schneidig war Herr Haber
636 3333 1757 3407 steckte und hinterhältige dieses Charakters sehr gut her¬
1775 3350 2915 3420 als Schriststeller Staufner. Die wenig sympathische
630 3402 1758 3455 auszuarbeiten und spielte vorzüglich. Auch Fräulein
1768 3410 2913 3468 Rolle der Agnes gab Frl. Lothar. Den Sportsmann
636 3440 1753 3506 Lothar als Klara wußte das Publikum sehr zu in¬
1784 3464 2910 3517 und Liebhaber Dr. Werning spielte Herr Mahr gut
627 3493 1767 3575 teressieren. Herr Waßmuth (Professor Ormin) war
1774 3510 2908 3565 Das Publikum spendete den Darbietungen vielen Bei¬
631 3540 1311 3614 in Wort und Spiel lobenswert.
1775 3551 2925 3626 fall. Die Spielleitung war einwandfrei und das Haus
1778 3608 2062 3678 ausverkauft.
709 3593 1762 3675 Diegroße Szene. Sophie, die Gattin Kon¬
631 3664 1771 3737 rad Herbots, kehrt zu ihrem Mann zurück; er ist ein be¬
620 3711 1784 3784 rühmter Schauspieler, aber ein Mensch, der seiner selbst
2838 4098 3048 4171 .—
