3344 4352
2092 177 2562 273 box 32/9
242 195 2000 292 26.1. Kongedie der NorteZyklus
574 578 1643 674 Ausschnitt aus: BEICHSPOGT WIER
981 643 1482 763 13 CHuis Pi6
573 666 787 747 vom:
1707 772 2888 850 den, dessen Herz an der Musik dieses Dreigestirus am Musik¬
587 771 1638 912 Theater, Kunst, Musik.
1712 831 2168 906 himmel Wiens hängt.
1779 909 2881 980 Bemerkenswert in höchstem Maße ist die Aeußerung
821 879 1399 1003 Theaternotizen.
1696 980 2883 1035 einer freisinnigen Fachgröße über das völlige Debakel des
603 971 1709 1044 Die Verträge, welche zwischen Schauspielern und
1704 1011 2891 1072 modernen Schnitzlertheaters. Der Mann ist der belannte
526 1033 1708 1096 Direktoren geschlossen werden, pflegen eine sogenannte Kriegs¬
1717 1051 2887 1103 Verleger Eugen Diederichs in Jena und schreibt im
532 1090 1705 1147 klausel zu enthalten. Nämlich: Sie werden im Kriegsfalle
1708 1100 2887 1178 Jönnerhefte der Zeitschrift „Die Tat“ über Theaterfragen
531 1127 1704 1191 kinfällig Die meisten Direktoren waren allo bei Beginn
1704 1148 1958 1212 folgendes:
534 1179 1718 1243 des Krieges nicht mehr verpflichtet, ihren Schauspielern die
1798 1182 2877 1241 „Nie darf dem Theater an sich das Recht ab¬
522 1211 1707 1282 vereinbarten Löhne zu bezallen. (Wir bemerken hier, daß
1716 1226 2886 1296 gesprochen werden etwas anderes zu sein als eine Amüsier¬
529 1251 1710 1319 das Bestreben nach möglichster Verdeutschung aller ent¬
1714 1272 2889 1342 anstalt für Backfische und andere geistige Unmündige denn
519 1295 1709 1353 behrlichen Fremdworte kürtlich auch auf das Bühnenwesen
1713 1321 2880 1378 es soll zu allen Menschheitsfragen ohne Rücksicht auf
521 1346 1709 1409 übergeariffen hat. Wir wollen nicht soweit gehen, für das
1707 1358 2885 1420 prüde Zuhörer Stellung nehmen. (?) Aber eine Forderung
521 1388 1708 1454 Wort Theater nach einem diesen Begriff haarscharf deckenden
1707 1401 2815 1456 soll man im Inieresse des Volksganzen aufstellen: e
528 1434 1712 1498 deutschen Ausdrucke zu fahnden, meinen aber, daß sich
1711 1445 2315 1512 darf nicht vergifter
2332 1449 2883 1510 Es darf nicht weiß aus
525 1467 1715 1545 das Fremdwort Gagen ganz gut und ehrlich durch
1704 1481 2871 1551 schwarz und schwarz aus weiß machen, nur weil sich
528 1517 1715 1580 das deutsche Löhne ersetzen läßt) Uniere Theaterleuer
1710 1534 2888 1589 geistreich darüber plandern läßt. Wir haben uns unter
536 1557 1711 1603 zeigten auch nicht übel Lust, von ihrem vertrag¬
1705 1569 2886 1620 dem Einfluß neuer geistiger Strömungen i, den letzten
522 1607 2870 1669 lichen Rechte Gebrauch zu machen und hätten dies Jahrzehnten daran gewöhnt zu lacen, Kunst hat mit
530 1642 1720 1702 bestimmt getan, wenn ihre anfängliche Befürchtung zuge¬
1706 1663 2374 1722 dem Ethos nichts zu tun,
2358 1655 2875 1727 sie muß tendenzfrei
534 1693 1707 1752 troffen wäre, die Befürchtun nämlich, daß neben den
1710 1695 2649 1767 sein. Gewiß kann und muß sie das
2635 1699 2890 1767 an sich
525 1739 1707 1790 großen Vorgängen auf dem Weltentheater das kleine
2294 1744 2455 1807 Schö
1700 1744 1950 1817 sein (*),
536 1781 1712 1849 Tleaterspiel auf den Brettern unmöglich sein werde. Und
1701 1795 2877 1844 Stückes, der als Künstler nur negierender Geist ohne
530 1818 1702 1876 man hätte ihnen dies gar nicht so sehr übel nehmen können.
1701 1825 2882 1884 eigenes Ethos in, stellt die inneren Gesetze des Lebens
534 1861 1700 1926 Aber der Theaterbesuch, dies zeigte sich bald, war gar nicht
1717 1878 2875 1925 falsch dar. Er zeichnet nur kleinliche Menschen, jeder
533 1902 1706 1959 so übel. So bewilligten denn die Direlioren zumeist halbe
1710 1908 2883 1975 tragische Konflikt wird umer seinen Händen eine Farce,
524 1947 1703 2012 Friedenslöhne, mit denen de Schauspieler nun anderthalb
1700 1947 2879 2023 jeder Alltagsmensch fühlt sich durch ihn in seinen soge¬
519 2000 1701 2053 Jahre haben haushalten müssen. Dies mag zur vernunft¬
1702 2007 2881 2060 nannten Instinkten bestätigt, die Frau ist ihm nur Jagd¬
519 2038 1706 2084 gemäßen und gerechten Herabsetzung masches ungesund
1708 2027 2886 2103 geheue des Mannes. Es war ein Uebelstand, daß bisher
529 2080 1708 2141 hohen Star=Einkommens geführt haben, hat aber anderer¬
1709 2096 2870 2148 allein nur rückwärts orientierte Menschen mit oft falscher,
524 2128 1697 2188 seits wieder in hunder: Schauspielerhaushalte Sorge und
1713 2139 2879 2200 enger Einstellung gegen eine Verletzung ihres persönlichen
518 2157 1705 2215 knappeste Einschränkung getragen. Allmäblich drohte aus
1714 2180 2790 2228 Empfindens (9) auf der Bühne Protest erhoben, daß
525 2202 1700 2265 diesem anfänglichen Notzustande ein Dauerzustand zu werden.
1697 2210 2887 2284 aber als liberal und fortschrittlich galt, auch der Vergistung
524 2240 1702 2304 In demselben Maße in dem sich unsere militärische Lage
1717 2251 2877 2323 gegenüber „vorurteilslos“ zu sein. Derjenige aber, der
532 2284 1707 2349 verbesserte, in dem unser endlicher Sieg zu immer sichereren
1710 2307 2874 2368 das Wort „fortschrittlich“ als eine Steigerung des
534 2341 1713 2394 Gewißbeit wurde, in eben diesem Maße verbesserte sich der
1704 2350 2879 2392 Ethos im Leben begreift, hat die Pflicht, gegen
522 2383 1709 2453 Theaterbesuch, so daß heute viele Häuser bessere Einnahmen er¬
1706 2389 2124 2455 jeterlei Negation
2111 2383 2886 2459 des Ethos, speziell im Leben
529 2425 1699 2483 zielen, als in friedlichen Zeiten. Immer noch liefen indessen die
1705 2434 2869 2507 der Geschlechter, auf der Bühne zu protestieren
527 2467 1702 2517 Kriegslöbne der Schanspieler. Nun endlich ist die Ungerechtig¬
1704 2479 2882 2537 und muß wünschen, daß das Publikum sich selbst hilft,
530 2516 1711 2583 keit dieses Zustandes öffentlich zur Spracke gekommen und
1696 2521 2837 2588 wenn die Kiiik versagt. Ein künstlerischer
532 2551 1704 2606 schon haben sich zwei Wiener Theaterdirektoren gesunden,
1699 2563 2140 2624 Typus dieses
2126 2562 2884 2624 vergiftenden Geistes ist
535 2584 1713 2657 die ihren Krätten vollen Friedenslohn gewähren oder
1697 2602 2169 2667 beipielsweise
2322 2603 2876 2663 Wiener Dichter
526 2643 2889 2714 wenigstens einen Lohn, der dem Friedensbezuge fast eben= A.SSchnitzler. Wer als sich entwickelnder Mensch sein
525 2684 2881 2737 bürtig ist. Das ist um so erfreulicher, als sicher mancher letztes Werk „Komödie der Worie“, drei Einakter, sieht,
527 2731 2875 2793 Theaterbesucher trotz schlechter und gar nicht theatermäßiner wird von dem Gerst, der diese Stücke schrieb, in seinem
522 2763 2882 2826 Stimmung seine Karte kaufte, in dem Gefühl, dami eine Wollen nach aufwärts gehemmt (die Frivolität des franzö¬
531 2811 1710 2869 Pflicht zu erfüllen. da man ja den Stand, den man in so
1708 2821 2877 2874 sischen Salons war witzig und hatte dock nichts mit Ge¬
533 2862 2884 2926 pielen Friedensjahren durch lebhafte Inanspruchnahme seiner meinl eit zu tun), er erlebt die Leuanurg der germanischen
521 2890 1696 2954 Tienste gewissermaßen für seinen eigenen Bedarf groß¬
1705 2908 2875 2957 Auffassung von der Heiligkeit des Lebens und der Tragik,
535 2937 1708 2998 gezogen hatte, nun nicht einfach auf das Trockene geraten
1701 2944 2877 3008 die die Verletzung seiner Gesetze nach sich zieht.
534 2979 1713 3025 lassen durste. Diesem Opfersinn des Publikums haben sich
1710 2994 2879 3055 Gut, mag ein negierender Geist auftreten, wo er will,
539 3026 1717 3084 freilich die wenigsten Theater in der Kriegszeit dankbar
1710 3034 2856 3081 warum lehnen ihn aber die Germanen, die im Zu¬
537 3062 934 3122 erwiesen. Die
920 3074 1705 3121 wichtigsten nämlich haben auf die
1704 3067 2888 3137 schauerraum sitzen, nicht ab? Gibt es doch genug der Re¬
528 3109 1703 3176 herrichende Stimmung Bedacht genommen und wie
1713 3108 2882 3196 alerenden, die an derirtiger Literatur doch mitunter keinen
532 3143 1707 3205 wenig gerade unsere größten Theater sich im Kriege
1708 3165 2877 3229 Geschmack haben und sich Kant und Fichte zuwenden. Nun,
534 3198 1707 3253 als Anstalten zur Erhöhung. Aufrichtung und edleren
1704 3204 2888 3271 es ist den Zuschauern ja gar nicht bewußt, daß sie Gifte
534 3241 1709 3300 Sammlung des Volkes in schweren Tagen bewährt haben,
1709 3246 2887 3300 trinken, sie gingen ja pur ins Theater, um sich zu „amü¬
525 3272 1703 3342 das haben wir oft genug angetreidei und werden nicht
1706 3284 2882 3362 sieren“. Immer tieser züchtet das Theater das Niveau des
535 3329 1573 3396 wude werden, es immer und immer wieder zu tun.
1693 3335 2382 3404 Publikums — aus Gelderesse.“
1794 3384 2871 3436 Wir haben durch eingefügte Fragezeichen kenntlick
1716 3430 2877 3485 gemacht, wo wirtsicht eines Sinnes mit Herin Tiedericht
610 3413 1716 3492 Immer häufiger steben auf den Zetteln welche Wohl¬
1720 3468 2878 3534 sind. Selisam Aaber, wie sehr sich unsere alten, oft ver¬
526 3458 1708 3541 tätigkeitsauffuhrungen und allerlei andere Veranstaltungen
1714 3512 2880 3585 höhnten. „kerkkalen“ Forderungen an das Theater plötzlick¬
534 3524 1709 3577 ankündigen, Tänzerinnen angeführt. Meist solche von
1713 3549 2854 3619 mit den (Münschen dieses modernen Freisinnigen tressen!
535 3560 1716 3614 Namen und Rang so daß sich mancher versuchen läßt, sich
537 3607 1724 3671 eine Karie für diese Aufführung zu kaufen, zumal diese
523 3648 1713 3712 Damen gewöhnlich Schubert oder Strauß oder Lanner zu
538 3691 1733 3764 lanzen pflegen. Für den einsachen, unverbildeten Zuschauer
526 3737 1466 3804 mit geraden, gesunden Sinnen ist das
1461 3737 1733 3802 Endgefühl
527 3775 1719 3849 in der Regel: Wut, Empörung, Scham. Wir sind
905 3820 1527 3884 entfernt, dem Versuche,
531 3824 878 3881 weit davon
1556 3812 1724 3885 Musik
533 3863 1718 3930 durch rhrimische Körverbewegungen zu interpretieren,
876 3912 1719 3969 abzusprechen. Aber was minche
526 3908 889 3967 jeden Wert
540 3940 1719 4014 modernste Tänzerinnen sich dabei an affeltierten Ueber¬
527 3986 1723 4059 treidungen, an gewaltsamen Verzerrungen und arotesken
537 4031 1713 4089 Verrenkungen ihrer Glieder, an widerlichen Grimassen und
532 4087 1725 4134 schlingernden Armbewegungen leisten, das übersteigt denn
538 4114 1733 4177 doch schon alle Gienzen Selbstverständlich ist fast regel¬
