3344 4352
1228 204 1304 270 N
2032 204 2554 299 box 3271
254 205 1991 306 26.1. Konoedie der Jorte zyklus
704 936 1120 1028 Ausschnitt aus:
1309 945 1450 1041 Kntie
1217 1006 1272 1061 7
706 1046 1421 1156 vom: 13 Skirett 1915
697 1060 902 1210 1
1573 1217 3346 1302 zu stellen, wankt er geknickt nach Japan. Dort wird er, Hamlet sich so genial herausschn
753 1199 1436 1342 Komödie der Worte.
1577 1254 2601 1350 gute Bekannte finden: seine ebenfalls in Unehren
2593 1282 3359 1357 er dabei den Boden der Wirklich
1586 1298 2597 1380 meliert gewordene geschiedene Frau als Pflegedamc,
693 1315 1542 1389 Drei Einakter von Artux Schnitzler.
2593 1334 3359 1393 Brettern des Theaters verwechselt,
1588 1356 3360 1447 den bevorzugten Literaten als Kriegsberichterstatter den originellsten Gaben Schnitzler
695 1367 1595 1457 Große Ausstellung von Ehebrüchen, Krrängtert
1586 1404 2113 1466 und den Tod als Erlöser.
2579 1411 3361 1479 immer die Hauptrollen zu spiele
576 1405 1595 1500 von Artur Schnitzler. Hier sind zu sehen der gemeine
1695 1439 3346 1515 Nach vielen, für eine einaktige Komödie viel zu! der Heldendarsteller auch im Leben di
584 1471 1596 1540 Ehebruch, der Gewohnheitsehebruch, einseitige, doppel¬
1582 1478 3346 1561 vielen Worten tritt endlich der Gatte als Nächer auf. Nebenfiguren und ihm untertan. Geleg
586 1505 1594 1583 seitige und in der Reparatur besindliche Ehebrüche
1586 1529 2587 1590 Die Rache besteht darin, daß er die Frau aus dem
2592 1538 3361 1604 er das Datum eines Mädchenbriefes und
575 1546 1590 1623 und als Clon der Ausstellung ein Vorehebruch, be¬
1592 1571 2600 1636 Hause jagt. Sie sei ihm zehn Jahre lang weder Weib,
2587 1582 3359 1658 muß, lügt er sogar die Wahrheit. Sein
572 1589 1587 1669 gangen an einer minniglichen Braut. Alle diese
1588 1616 2592 1690 noch Geliebte, sondern bloß Dirne gewesen. Er
2580 1621 3359 1701 die er nicht leben und nicht spielen kann
582 1644 1590 1696 Sehensnichtswürdigkeiten sind mit Grazie ins Werk ge¬
1586 1655 2590 1722 spricht das letzte Wort nicht aus, aber es
2581 1670 3349 1730 entsetzt von ihm ab, aber der Theaterdi
579 1674 1590 1750 setzt und zur Schau gestellt. Die Eröffnung der Aus¬
1590 1699 2590 1766 ist einem doch, als ob man es hörte.
2584 1714 3360 1767 sie immer wieder, zu ihrem Manne z
573 1716 1587 1790 stellung fand gestern unter der Devise „Komödie
1586 1742 2589 1804 Er geberdet sich umso wilder, als er nicht den
2577 1750 3349 1811 Mit einer neuerlichen, aber wieder verhir
570 1757 1582 1836 der Worte“ in den Räumen des Burgtheaters
1582 1784 2585 1846 Literaten, sondern seinen beneideten Kollegen für
2584 1795 3360 1871 der für eine Heldendarstellersgattin mer
568 1803 1583 1878 vor einem zahlreichen Püblikum statt. Ich lade die ver¬
1586 1818 2583 1891 den Ehestörer hält. Er habe alles vorausgesehen und
2587 1839 3359 1899 pfindlichen Person schließt das witzspr
569 1851 1580 1912 ehrten Damen und Herren zu einem lohnenden Rund¬
1585 1862 2582 1926 sei deshalb seiner Frau im Ehebrechen zuvorgekommen.
2587 1888 3359 1953 Gleichwie man in der ersten Abteilun
574 1886 809 1955 gang ein.
1577 1909 2584 1973 Die Frau, der nichts mehr zu retten bleibt, greift das
2576 1916 3341 1986 brechenden Literaten nicht zu Gesicht
1578 1951 2579 2014 Mißverständnis gierig auf und inszeniert eine Komödie
626 1925 1548 2028 Erste Abteilung: „Stunde des Erkennens.“
2584 1953 3360 2032 bleibt hier die lädierte Braut unsichtbar.
1576 1991 2586 2057 der Worte, wie es soeben der Herr Gemahl getan.
2586 2010 3361 2082 Mann aus dem Absteigquartier und d
690 2000 1594 2074 Hier hat der Dichter gleich zwei doppelseitige
1586 2031 2589 2100 Sie bestärkt ihn in dem Glauben, daß sie ihn mit
2576 2047 3348 2112 das kurz vor der Hochzeit jede Nacht den
570 2033 1584 2130 Ehebrüche auf dem Lager, einen belanglosen und
1583 2077 2587 2144 seinem ärztlichen Rivalen betrogen habe, denn das
2576 2092 3352 2173 sich ins Zimmer steigen läßt, das gäbe
568 2100 1582 2161 einen bedeutungsvollen. Dieser zweite ist mühselige
1578 2125 2592 2184 trifft ihn härter, als alles, und das ist ihre Rache.
2586 2128 3202 2199 Paar für einen neuen Einakter.
564 2130 1585 2208 Schnitzler=Arbeit. Die Frau eines praktischen Arztes
1585 2159 2593 2231 Und dann geht sie aus dem Hause, man weiß nicht,
2688 2159 3332 2240 Harry Walden spielt den
575 2170 2578 2230 hat vor zehn Jahren die Ehe gebrochen, weil sie ob nach Japan, oder zu ihrer Tochter nach Berlin,
2576 2209 3358 2268 brillant, mit einem gut angebrachten
570 2219 1585 2296 damals an eine Entfremdung ihres Gatten geglaubt.
1569 2242 2580 2322 oder ins Jenseits zu Ibsen. Schnitzler aber lebt noch,
2579 2255 3358 2318 Hjalmarhafte. Wenn er auch noch ein sog
580 2262 1588 2329 Der Ehemann weiß von der Untreue, aber er stellt
1577 2288 2146 2352 also kann man ihn ja fragen.
2587 2307 3359 2369 wäre, wie von ihm im Stücke behauptet wir
570 2302 1581 2376 dje Rache zehn Jahre kalt. Er will sie erst genießen,
1681 2322 2577 2398 Diese kunstvoll ausgeklügelte Geschichte wird von
2570 2339 3350 2411 dem Burgtheater geholfen. Ein paar W
571 2349 1575 2418 wenn seine Tochter sich verheiratet hat. Nun dies
1573 2349 2577 2441 Harry Walden, Frau Bleibtreu und Herrn
2582 2383 3337 2454 Burgtheater selbst ließ Direktor Thimig p
559 2381 1570 2462 Geschehen, beginnt das Stück, das zur Zeit des
1570 2425 2574 2485 Devrient, Mann, Frau und Hausfreund, in einem
2573 2429 3359 2494 Name Reinhardt blieb in der bei
566 2438 1580 2508 russisch=japanischen Krieges spielt. Passen Sie auf,
1577 2460 2585 2532 so schläfrigen Tempo dargestellt, daß man glaubt, die
2570 2463 3360 2529 Berlin erschienenen Buchausgabe stecken.
561 2475 1575 2551 jetzt kommen pikante Enthüllungen. Wir erfahren,
1571 2509 2582 2571 zehn Jahre Vorgeschichte mitzuerleben. Mit den Herren
2580 2514 3359 2575 flüssig gibt Frau Medelsky die Frau d
566 2523 1577 2591 daß die Frau ein Dezennium vorher just jenen
1570 2543 2581 2623 kann man sonst zufrieden sein, nicht so mit Frau
2578 2563 3350 2612 Mannes, sehr resolut Fräulein Kutf
557 2565 1579 2643 Mann liebte, der als Kollege ihres Gatten
1571 2589 2529 2649 Bleibtreu, die just die Vergeltungsarie fallen läßt.
2566 2592 3359 2648 angehende Schauspielerin. Für den Berli
557 2595 742 2666 diesen
720 2605 874 2659 in
853 2595 1442 2679 allen Stücken überflügelt
1456 2626 1578 2679 hat.
2568 2645 3347 2704 direktor ist Herr Tiedtke zu gutm
561 2649 1586 2728 Aber nicht mit ihm beging sie den naheliegenden
1687 2643 2459 2731 Zweite Abteilung: „Große Szene.“
2572 2689 3361 2738 Was ihm an Schärfe fehlt, das ersetzt
558 2686 1580 2761 Ehebruch, sondern mit einem Literaten, den der
1670 2696 2578 2770 Hier sehen Sie den Gewohnheitsehebruch und
2572 2729 3357 2804 Natürlichkeit. Ein treffsicherer Pointenbe
565 2733 1576 2799 Dichter gar nicht ausgestellt hat. Die Dame ist so
1571 2737 2583 2813 dazu als schönstes Objekt der Ausstellung den schon
2566 2766 3338 2824 nicht. Daß dieser seelengute Herr mit
562 2776 1569 2841 offenherzig, ihren Fehltritt gerade dem Herrn ein¬
1568 2799 2579 2874 erwähnten Vorehebruch. Urheber: ein ehemaliger
2569 2806 3349 2865 lichsten Miene von der Welt die spitze
554 2831 1575 2881 zubekennen, den sie damals so heiß geliebt? Warum
1568 2844 2568 2910 Heldenliebhaber des Burgtheaters, gegenwärtig in
2572 2850 3358 2921 reden muß, das ist erst recht eine Komödie
565 2871 1576 2933 gerade ihm? Weil er schon alle Vorbereitungen traf,
1575 2886 2585 2938 Berlin engagiert. Die Figur hat einige Aeußerlich¬
562 2908 1573 2974 mit einer Todeskrankheit im Leibe und dem Abzeichen
2677 2904 3359 2991 Dritte Abteilung: „Das Bacchu
1565 2921 2579 2995 keiten von Kainz erborgt, ist aber das gerade Gegenteil
556 2946 1585 3018 des Roten Kreuzes am Arme auf den japanischen
1570 2966 2585 3030 dieses großen Künstlers, der im Leben nie Komödiantwar.
2671 2971 3357 3046 Folgen Sie mir in die Restauratio
552 2986 1580 3059 Kriegsschauplatz zu ziehen, von wo er nicht mehr
1564 3012 2564 3077 Der aber, der durch das ergötzliche Schnitzlersche
2572 3013 3361 3095 burger Bahnhofshalle. Hier werden Sie
561 3043 1576 3099 zurückkehren wird. Es wäre grausam, wenn er sterben
1566 3053 2570 3113 Lustspiel rumort, ist unbewußt schon mehr Tartuffe
2574 3067 3353 3128 seitigen Ehebruch kennen lernen, der sich
555 3073 1583 3144 müßte, ohne erfahren zu haben, warum die Frau
1571 3097 2579 3166 als Komödiant, wenn man Tartuffe sein kann, ohne
2574 3109 3360 3155 Reparatur befindet. Ein dramatischer Sch##
563 3116 1578 3179 nicht ihn mit der hehren Mission der Hörneraufsetzung
1568 3136 2575 3203 es zu wissen. Er hat eine nette kleine Frau, die er
2561 3147 3350 3227 seine Frau sechs Wochen allein am Atter
556 3153 1574 3229 betraute. Er, den sie wahrhaft liebte, wäre ihr
1578 3185 2575 3250 immer wieder von neuem betrügt. Zuletzt mit der
2570 3200 3360 3259 weg von ihr ungestört dichten zu können.
547 3207 1569 3279 Schicksal geworden und darum ging sie lieber
1575 3224 2572 3299 Braut eines Statthaltereibeamten. Eines Tages
2574 3238 3352 3295 sechs Wochen bricht sie die Ehe mit eine
550 3235 1575 3307 mit einem andern, den sie weniger liebte, in ein Ab¬
1563 3264 2577 3330 kommt der Bräuter und fordert energisch Aufklärung,
2577 3279 3360 3344 Chemie und er mit einem Fräulein Bia
553 3292 3346 3333 steigquartier. Ja mußte denn ehegebrochen werden, ein Ja, oder ein Nein. Die Szone, in der nun der warten die Dichtersgattin und ihr Chemi
556 3332 3358 3433 unter allen Umständen? Ohne diese undelikate Frage Schauspieler knapp vor „Kinem Auftreten; als kehrdes Schriftstellers. Sie wollen ihm g
