3344 4256
1419 142 1528 201 — —
464 907 1538 1013 Ausschnitt aus: Der Humorist, Wien
930 1002 1227 1107 ZO NOUIGIE
468 1056 634 1111 vom:
809 1162 1288 1268 Aus Berlin?)
1351 1242 1692 1317 (Nachdruck verboten.)
601 1306 1723 1369 Das Publikum rief nach dem Dichter und der Dichter
370 1348 1722 1412 kam. Er trat vor die Rampe, um zu zeigen, daß er äußerlich älter
382 1395 1710 1478 geworden ist. Bei Menschen und Dichtern, die einem gleichgültig
375 1447 1720 1511 sind, lassen die Merkmale des Alterns kalt, bei denen aber, die
376 1500 1719 1560 man liebt, erzeugen sie wehmütige Gefühle. Als ich Artur
363 1539 1707 1619 Schnitzler=auf seinem gewohnten Platz auf der Bühne des
377 1604 1709 1648 Lessing=Theaters sah, hatte ich gegen die Wehmut anzu¬
381 1637 1718 1717 kämpfen. War nur ein Trost: daß die drei Einakter, die den
381 1691 1711 1758 Berlinern zum ersten Male vorgesetzt wurden, nichts von der
379 1736 1711 1811 herabgeminderten Haltung ihres Dichters und nichts von dem
376 1795 1704 1852 grauen Nachwuchs auf seinem Kopf zeigten. In der „Komödie
374 1841 1716 1911 der Worte“ steckt der reife Mann Schnitzler, wie wir ihn vor
368 1885 1707 1964 zehn, vor fünfzehn Jahren gekannt haben. Er selbst ist vielleicht
372 1941 1705 1999 schon über die Grenze Jeuer Zeit gegangen, in der man mit per¬
370 1988 1703 2055 sönlichem Anteil Ansichten über die Ehe verficht, in der man
372 2040 1699 2115 Dogmen aufstellt, die man eben weit eher zu seiner eigenen Be¬
362 2102 1709 2148 ruhigung, als zu der der Allgemeinheit kundtut. Könnte Schnitzler
370 2145 1698 2214 also sagen: Was geht mich der ganze Kram an? Gott sei Dank,
368 2183 1709 2246 ich bin darüber hinaus. Mögen die Kinder ihr Spiel getrost ohne
370 2239 1705 2300 mich weiterspielen! Ich lache darüber! — Schnitzler ist noch nicht
367 2288 1700 2345 bis zu jenem radikalen Stadium völliger Abklärung vorgedrungen.
368 2330 1709 2402 Die Bank am warmen Ofen, die für den ist, der da philosophieren
358 2377 1693 2460 will, erscheint ihm noch nicht als verlockender Platz. Er fühlt sich
367 2446 1699 2508 noch für den Kampf bestimmt, in dem die Geschlechter austoben
365 2486 1692 2558 und in dem sie alle jene Torheiten begehen, von denen sie wissen,
367 2539 1704 2601 daß sie sich an ihnen selbst rächen, und die sie doch nicht lassen
352 2580 1704 2632 können, weil der Selbsterhaltungstrieb mit dem Selbstvernichtungs¬
361 2634 1698 2708 trieb einen Pakt fürs Leben geschlossen hat. Der Einakter „Stunde
356 2676 1691 2754 des Erkennens“, wie seine Geschwister „Große Szene“ und „Das
354 2728 1703 2787 Bacchusfest“ behandeln Eheprobleme. Das erste Stück ist das
361 2768 1703 2853 schwächste. Denn in ihm hat der Dichter dem Wort einen zu
352 2828 1692 2901 großen Spielraum gewährt. Hier erschlägt eine gewisse Schwatz¬
353 2888 1701 2947 haftigkeit die reine, ungetrübte Wirkung. Umso klarere und reichere
361 2923 1699 2983 Zeugnisse für Schnitzlers Kunst bieten aber die beiden folgenden
366 2972 1708 3042 Akte. In ihnen wirken wieder die Menschen, wie wir sie bei
361 3033 1697 3076 Schnitzler gewohnt sind, die großen Humoristen, deren verhaltene
353 3071 1695 3139 Tränen ein Lachen zeugen, die sich Zermürbenden, die bedeutende
357 3125 1690 3173 Ziele verfolgen, um sich in tausenderlei Kleinigkeiten und Klein¬
360 3166 1698 3255 lichteiten zu verlieren, um zum Schluß zur Erkenntnis aller Er¬
353 3222 1235 3290 kenntnisse: Es war nichts! zu gelangen.
471 3276 1685 3340 Die Darstellung war dem Wert des Gebotenen angemessen.
348 3307 1700 3392 Man empfand beste Brahm=Zeit. Denn Albert Bassermann,
343 3357 1686 3432 Else Bassermann, Lina Lossen, Karl Forest, Theodor
354 3409 1681 3491 Loos, Traute Dumcke=Carlsen, Max Landa, Kurt Götz,
348 3457 1692 3536 Sybille Binder bildeten eine Gemeinschaft, die ein verständiger
354 3522 1687 3609 Spielleiter auf die Eigenart des Schnitzlerschen Tones abge¬
352 3557 653 3634 stimmt hatte.
463 3615 1685 3690 Nach einigen Segelpartien in klassischen und modern=literari¬
349 3640 1693 3752 schen Gewässern hat Herr Barnowsky, Leiter und Lenker des
350 3708 1685 3784 Deutschen Künstlertheaters, das Fahrztng seiner Laune
344 3757 1681 3846 in den sanften, behaglichen Hafen des Lustspiels gesteuert. Der
344 3804 1680 3884 heitere Rheinländer Rudolf Presber hat in Gemeinschaft mit dein
343 3847 1678 3928 Spezialvertreter für lachenerregende Musenerzeugnisse, Leo Walther,
339 3912 1668 3992 Stein, ein dreiaktiges Lustspiel „Die selige Erzellenz“ geschrieben,
479 3974 891 4059 *) Zugestellt an. 15. d. M.
1799 100 2006 152 e
2273 87 3067 178 n
1754 146 3074 226 werden. Damit würden natürlich alle Hoffnungsträume, die
1753 196 3081 261 Konrad und Fräulein Burbaum gesponnen haben, in die Brüche
1752 246 3084 295 gehen. Da greift plötzlich die Findigkeit der schönen Frau von
1750 292 3076 366 Windegg rettend ein. Sie läßt Konrad den Band 14 des Brock¬
1748 336 3085 424 haus in Papier einschlagen und versiegeln und den Inhalt des
1747 383 3074 474 Pakets als die hinterlassenen Memoiren des Ministers ausgeben.
1746 435 3082 517 Dr. Weber ist seitens des nunmehr Verstorbenen der Auftrag er¬
1743 496 3071 569 teilt worden, die Memoiren zu redigieren und herauszugeben.
1748 528 3085 616 Sobald das in den Hofkreisen ruchbar wird, drängen sich alle an
1734 591 3087 652 Dr. Weber heran, um ihn dazu zu bewegen, Dinge, die ihre
1746 637 3076 712 Person betreffen, zu streichen. Der Privatsekretär, der auf den Aus¬
1748 675 3070 766 sterbeetat gesetzt war, wird mit einem Male zur meistumworbenen
1736 738 3082 796 Person des Hofes. Er wird zur Hoftafel gezogen, er avanciert
1741 767 3071 864 und er heiratet Else Burbaum. Diese Niedlichkeit, die mit vielen
1741 827 3080 898 treffenden Scherzworten und komischen Situationen ausgestattet
1737 888 3082 942 ist, erheiterte die Zuhörerschaft derart, daß die Autoren vom
1743 927 3079 1006 zweiten Akt an wieder und immer wieder auf der Szene erscheinen
1742 980 3081 1063 durfken. Dabei drückten die Dankbaren die Hände der Herren
1741 1024 3085 1112 Hans Junkermann, Franz Schönfeld, Artur Schröder,
1737 1078 3081 1158 Mar Adalbert und die Händchen der Damen Grüning,
1748 1120 3078 1204 Serda und Servaes, die ihnen allesamt tapfer beigestanden
1745 1173 2617 1250 hatten, den Sieg des Abends zu erringen.
1845 1238 3077 1300 Man weiß, daß die freundliche Existenz des Berliner
1746 1263 3079 1338 Theaters in der Straße der Charlotten seit Jahren auf den
1739 1322 3064 1402 witzigen Ein= und Abfällen Rudolf Schanzers, auf den Kuplet¬
1736 1375 3064 1448 strophen Rudolf Bernauers und auf dem musikalischen Variations¬
1735 1430 3073 1489 und Permutationsvermögen der Herren Kollo und Bredschneider
1727 1472 3061 1551 basiert. Die vereinigten Talente, die diesem Theater zur ausschließ¬
1734 1523 3069 1596 lich privilegierten Verfügung stehen, haben das Glück, sich in jedem
1733 1563 3073 1649 Jahr nur ein Mal äußern zu müssen. Was ihnen ihre Muse
1735 1621 3073 1683 einhaucht, wird in gewöhnlichen Jahren 365mal, in Schaltjahren
1730 1676 3072 1726 aber 366mal verzapft. Ergo genießen sie die Annehmlichkeit einer
1733 1717 3073 1769 ruhigen, behaglichen Arbeitsweise. Auch ihrem neuen Werk — sie
1721 1772 3064 1822 nennen's Scherzspiel — ist der Erfolg treu geblieben. Der Grund¬
1734 1817 3069 1879 gedanke des Scherzspiels „Wenn zwei Hochzeit machen“ entbehrt
1738 1872 3065 1936 natürlich nicht des Zeittones. Die Hochzeit ist eine Kriegstrauung,
1729 1910 3065 1983 bei der durch die Fahrigkeit des amtierenden Standesbeamten eine
1727 1960 3071 2045 kleine Verwechslung erfolgt: dem jungen Ehekandidaten wird statt
1719 2019 3065 2089 des Töchterchens die Schwiegermama angetraut. Auf dieser etwas
1718 2082 3063 2139 gewagten Voraussetzung ist alles Folgende aufgebaut, das sich
1730 2119 3065 2191 weniger durch Handlung, als durch allerlei Scherze und nette
1724 2168 3058 2234 Gesangsnümmerchen auszeichnet. — Daß Liebling Sabo und
1721 2212 3064 2297 Liebling Weise die Zügel der Darstellung fest in den Händen
1720 2265 2742 2320 hielten, versteht sich von selbst. Wenn sie sangen:
2084 2318 2689 2390 „Puppe, sei nicht so neutral,
2068 2392 2679 2454 Sonst verlaß ich das Lokal,“
1718 2450 3065 2528 dann ging eine gewaltige Bewegung durch die dichten Reihen der
1727 2497 3052 2557 Zuhörer. Von den übrigen Mitwirkenden seien hier mit dem Ge¬
1731 2548 3064 2623 fühl ewiger Dankbarkeit die Damen Dora, Kenter, die Hexpen“
1722 2598 3056 2692 Picha, Schünzel, Zilzer und Plaut genannt. „Leo„Heller.
