3392 4256
439 62 1265 114 er ene iehe Perine Arlechen und eschma
1288 66 2126 157 nheimnischen Hramatiktern der Gegenwart
429 108 1270 162 vollen Regietaten, die wohl in dem neu in
1283 127 2124 196 kamen Karl Schönherr, Thaddäus Rittner,
430 157 1273 205 Szene gesetzten Schiller=Zyklus gipfelten.
1293 166 2134 237 Artur Schnitzler und Hans Müller mit ihren
435 186 1272 258 Schwerer fällt es, sich ein gerechtes Urteil
1285 211 2126 284 neuesten Werken zu Worte. Die Auf¬
433 237 1268 293 über den Direktor Thimig zu bilden. Zu
1281 260 2126 324 führung der „Komödie der Worte“ wäre,
432 268 1265 344 kurz war die Frist seiner Leitungstätigkeit,
1284 290 2125 368 zum mindesten in der Kriegszeit, vielleicht
421 331 1270 377 zu ungeklärt und zu ungünstig die Lage, in
1274 339 2134 414 besser unterblieben; dagegen rechtfertigte sich
427 370 1260 423 der sich das Burgtheater befand, als Hugo
1282 378 2121 459 die der „Könige“ durch den großen Erfolg,
424 414 1276 475 Thimig die Führung übernahm. Die ersten
1285 424 2133 501 der dem Schauspiele aus der Zeitstimmung er¬
424 461 1263 511 zwei Jahre fielen in eine Übergangsperiode,
1282 466 2124 547 blühte. Man sieht: die künstlerische Ausbeute
425 502 1270 561 wo es zunächst galt, das kaum begonnene
1278 507 2134 586 der Direktion Thimig war so übel nicht und
418 548 1267 607 Werk Alfred v. Bergers fortzusetzen, damit
1279 565 2122 635 gab es gelegentlich auch kleine Entgleisun¬
420 594 1266 650 das Burgtheater endlich wieder aus dem
1274 610 2127 675 gen und Fehlgriffe in der Wahl der Stücke
422 634 1257 692 Zustand der äußeren und inneren Zerrüttung
1270 645 2128 720 und ihrer Besetzung, so darf man nie ver¬
418 676 1256 739 herausgebracht werde, worin es Paul
1268 700 2116 751 gessen, daß beim Theater das Probieren
419 720 1262 785 Schlenther hinterlassen hatte. Dann kam der
1268 733 2115 804 über das Studieren geht und daß die großen
413 767 1255 825 Krieg, der vieles hemmte, was sich in
1273 784 2114 849 Bühnenerfolge zumeist nur unverhoffte Glücks¬
419 814 1254 866 Friedenszeiten hätte leichter durchführen lassen.
1269 825 2121 903 fälle in der Lotterie der öffentlichen Gunst
503 855 1253 916 Nur wer die bei seinem Amtsantritt noch
1272 871 2108 937 sind. An redlichem Willen, für das Burg¬
418 903 1253 958 unausgefüllten Lücken im Personal und im
1269 914 2114 985 theater sein Bestes zu tun, hat es Thimig
424 940 1250 1006 Besitzstand an klassischen und modernen
1264 962 2108 1026 keinesfalls fehlen lassen, und dank seinen
419 987 1250 1036 Stücken sowie die durch den Krieg hervor¬
1262 998 2110 1063 praktischen Erfahrungen, seinem bedächtigen
417 1025 1253 1092 gerufenen Störungen und Hindernisse im
1273 1041 2110 1100 Wesen und seiner sicheren Witterung für
419 1075 1254 1132 Bunde mit den beim Bühnenbetrieb unvor¬
1263 1076 2098 1160 alles, was dem durch zwei Jahrzehnte miß¬
411 1117 1252 1164 hersehbaren Tücken des Objekts kennt, wird
1262 1130 2113 1201 leiteten Burgtheater nottat, hat er in den
406 1162 1256 1225 gerecht beurteilen können, was dem Direktor
1254 1169 2133 1243 fünf Jahren seiner Führung mehr erreicht¬
1176 1267 2015 1344 als in der doppelten Zeit eines Vor¬
2023 1286 2868 1342 Neben= und Zwischenhandlungen, an Um¬
1175 1323 2005 1394 gängers, der von der hohen Literatur kam,
2021 1339 2868 1382 kehrungen und pikantem Episodenwerk ein¬
1167 1377 2002 1436 um dann in „Hargudel am Bach“ un¬
2024 1385 2873 1445 geflochten ist, zeigt uns Molnar im Banne
1166 1420 2008 1479 rühmlich zu enden. Was immer ihn bewog,
2018 1425 2874 1486 einer den Franzosen glücklich abgeguckten
1172 1460 2015 1508 von der Leitung des Burgtheaters zurück¬
2030 1472 2869 1528 Routine, die aber im „Gardeoffizier" und
1172 1511 2013 1555 zutreten, wir müssen seinen heroischen Ent¬
2020 1516 2875 1578 im „Märchen vom Wolf“ zu ungleich stär¬
1163 1546 2007 1613 schluß achten und wir haben mehr als einen
2018 1566 2872 1625 keren Bühnenwirkungen führte als im
1160 1594 2003 1653 guten Grund, seinen Rücktritt aufrichtig zu
2024 1609 2876 1659 „Fasching". Dies rührt offenbar von der
1169 1641 2018 1685 bedauern. Nur ungern sehen wir ihn als
2024 1647 2874 1706 Unklarheit der Doppelrolle her, die dem
1168 1679 2005 1737 theatermüden Mann, der der Ruhe bedarf,
2021 1698 2871 1747 Diamanten als Prüfstein der Liebe und als
1165 1725 2015 1782 sich ins Privatleben zurückziehen. Dank¬
2016 1745 2864 1795 Sinnbild der unbefriedigten Sehnsucht zu¬
1172 1768 2005 1839 bare Erinnerung an seine erfolggekrönte
2016 1778 2873 1837 gewiesen ist. In Dingen der Mathematik,
1171 1815 2004 1874 Wirksamkeit im Burgtheater ist alles, was
2019 1818 2866 1866 sei es nun Zahlen= oder Brettermathematik,
1170 1854 1723 1912 wir ihm bewahren können.
2030 1870 2866 1926 ist Unklarheit stets vom Übel und wer zu
1250 1906 2016 1962 Daß just Molnars „Fasching“ das letzte
2023 1908 2868 1961 einem Unterhaltungsstück geht, das einen
1158 1935 2012 2002 Stück war, das unter der Direktion Thimig
2027 1954 2863 2002 Fasching verspricht, liebt es nicht, sich über
1160 1989 2012 2051 im Burgtheater seine deutsche Uraufführung
2028 2001 2881 2052 die Lösung einer Gleichung mit zwei Un¬
1158 2037 2006 2088 erlebte, vermag das gute Andenken kaum
2022 2040 2867 2092 bekannten den Kopf zu zerbrechen. Auf
1166 2079 2007 2129 zu trüben, das den scheidenden Mann in
2024 2090 2865 2140 Wunsch des Verfassers hatte im Burgtheater
1163 2118 2000 2168 die stille Einsamkeit begleitet. Auch Hof¬
2022 2134 2863 2188 Frau Medelsky die Rolle der überspannten
1166 2162 2007 2222 theater müssen sich von Zeit zu Zeit in den
2016 2180 2859 2233 Baronin übernommen und alles getan, um
1158 2209 1996 2262 Dienst der Politik stellen, und die Beför¬
2015 2221 2864 2289 durch ihre Kunst seelischer Vertiefung die
1154 2250 2010 2320 derung des Ausgleiches mit Ungarn ist schon
2013 2255 2862 2317 schwache psychologische Motivierung des
1157 2303 1998 2358 die Uraufführung eines Stückes wert, das
2020 2309 2868 2369 Stückes auszugleichen und die buntschillernde
1168 2338 2001 2401 im Burgtheater ein bißchen befremden mag.
2008 2351 2861 2409 Frauengestalt glaubhaft zu machen. Sie
1164 2384 1996 2432 Was Molnar in den drei Aufzügen seines
2019 2398 2866 2456 fand in Herrn Gerasch, dem schwermütigen
1171 2432 2008 2488 „Spieles“ will, verrät immerhin ein höheres
2024 2440 2861 2489 Liebhaber, und in Herrn Heine, dem kurz
1167 2464 2000 2522 Streben. Die Heldin, eine ungarische Land¬
2016 2489 2878 2538 angebundenen Ehebändiger mit der himmel¬
1163 2513 2010 2573 edelfrau, die jährlich zur Faschingszeit nach
2024 2524 2807 2583 blauen Seidenweste, spielfreudige Helfer.
1158 2560 2009 2618 Pestkommt, um sich ein bißchen auszutoben, ist
2098 2569 2860 2615 Molière, Shakespeare, Strindberg und
1161 2608 2008 2657 mit allen Merkmalen der Pußtaromantik
2010 2614 2855 2671 Oskar Wilde waren die weiteren Prinzen
1161 2647 1997 2701 behaftet und von einer überschäumenden
2014 2671 2857 2715 aus Genieland, die in der zweiten März¬
1160 2686 1999 2739 Kraft, die, geknebelt von einem ungelieb¬
2019 2699 2856 2758 hälfte auf den Wiener Bühnen gastfreund¬
1159 2732 2007 2798 ten Mann, in Hysterie umschlagen muß.
2014 2739 2857 2785 liche Huldigungen empfingen, wie zum Be¬
1163 2783 2008 2842 Was von ihren wilden Streichen erzählt
2016 2785 2855 2848 weise, daß wir „Barbaren“ doch bessere
1156 2817 2005 2882 wird, weist deutlich erkennbar auf die An¬
2016 2825 2857 2892 Menschen sind, die sich auch im Hunger¬
1163 2869 1994 2928 lage einer Charakterkomödie hin, die zu¬
2013 2873 2858 2933 krieg geistig nicht blockieren lassen. Dring¬
1160 2906 1994 2953 gleich ein Stimmungsbild des Lebens und
2014 2917 2859 2963 lich wie ein Bissen Brot und ein „warmer
1161 2958 1993 3007 Treibens in der ungarischen Hauptstadt der
2009 2956 2850 3028 Löffel“ war gewiß nicht alles, was uns da
1151 3002 1994 3052 Fünfzigerjahre bieten möchte. Die Charakter¬
2010 3014 2858 3057 auf reich gedeckten Tischen vorgesetzt wurde,
1156 3045 1995 3097 komödie verstrickt sich aber bald in eine
2015 3056 2854 3112 und die Ausstattungskosten, die das
1150 3090 1997 3154 Ehebruchskomödie, die ihre Spannungsreize
2013 3092 2852 3154 Deutsche Volkstheater darauf verwen¬
1149 3132 1997 3187 von der Kriminalkomödie bezieht. Also
2016 3140 2855 3197 dete, um den „Geizigen“ und die Posse
1159 3172 2002 3232 Fasching ist's und wir befinden uns im
2020 3185 2842 3240 „Sganarell“ im funkelnagelneuen Pracht¬
1158 3214 1995 3268 Ballsaal. Dort hat die Prinzessin einen
2015 3230 2858 3279 gewande des Sonnenkönigs vorzuführen,
1157 3256 1992 3319 Krondiamanten verloren und die hysterische
2006 3266 2847 3322 hätten sich bei einem anderen Erneuerungs¬
1149 3305 2001 3365 Landbaronin, die ihn heimlich zu sich steckt,
2008 3321 2851 3377 werk sicherlich besser verlohnt. Die Komödien
1150 3352 2006 3407 benützt das kostbare Kleinod, um die Liebe
2018 3358 2859 3420 Molières bedürfen keines äußeren Prunkes
1154 3396 1999 3440 des jungen Mannes zu erproben, mit dem
2007 3409 2859 3447 und man konte sich des Gefühles nicht er¬
1151 3438 1990 3497 sie aus ihrer unglücklichen Ehe entfliehen
2011 3449 2850 3508 wehren, als würde das bißchen Menschliche,
1154 3488 1989 3539 will. Ist er bereit, unbekümmert um Schmach
2005 3499 2860 3543 das für unser Empfinden in ihnen noch
1153 3529 1998 3575 und Schande, die ihm drohen, mit ihr, der
2007 3536 2860 3597 lebendig ist, durch die in Samt und Seide
1155 3565 1998 3616 Diebin, ins Ungewisse durchzubrennen, dann
2011 3580 2856 3643 starrende Pracht der neuen Einkleidung
1155 3621 1988 3673 will sie ihm angehören. Da er zögert, wirft
2003 3621 2854 3669 völlig zum leeren Puppenspiel entseelt.
1158 3652 1989 3716 sie, schmerzlich enttäuscht, den Diamanten
2010 3668 2855 3716 Thallers Charakterisierungskunst und Edt¬
1154 3700 1987 3755 fort und kehrt reuig in die Arme ihres
2006 3718 2860 3774 hofers natürliche Komik vermochten gegen
1152 3737 1993 3803 Gatten zurück. Ihr Faschingstraum ist aus¬
2006 3759 2858 3817 das Schwergewicht der von Alfred Halm
1144 3799 1988 3850 geträumt und mit dem Aschermittwoch däm¬
2009 3806 2848 3850 mit kulturhistorischer Aufdringlichkeit in
1158 3837 1995 3896 mert wieder die aschgraue Nüchternheit ihres
1999 3850 2850 3904 Szene gesetzten Literaturspielerei kaum auf¬
1157 3879 2845 3930 Ehezwanges herauf. Was sonst noch an zukommen. Um so freudiger war man über¬
