3392 4320
2149 161 2630 254 box 32/4
296 172 2015 280 26.1. Konoedie der Norte zykius
1483 340 2011 422 (Quellenangabe ohne Gewähr.)
1654 386 2296 496 Mankischel Gouliel, Kun
1207 450 1662 536 Ausschnitt aus:
1483 536 1729 624 -GDtZ 190
1226 562 1381 633 vom:
1455 689 1952 775 Intimes Theater.
1219 737 2232 824 7G. Nürnberg, 6. Dez. Daß Arthur Schnitzlers
1180 786 2238 871 sichie Seite nicht im Architektonischen liegt,konnte¬n
1208 839 2219 911 K soweit man es nicht schon von seiner „Liebelei“ u. a.
1178 885 2219 965 Pußte — am Samstag in der Aufführung der unter
1170 928 2221 1002 dem prächtigen Titel „Komödie der Worte“ zu¬
1172 961 2226 1043 ammengefaßten drei Einakter. „Stunde des Erken¬
1154 1017 2212 1083 znens“, „Große Szene“ und „Das Bachusfest"schmerzlich
1160 1067 2214 1132 zu fühlen bekommen. Denn nicht die Direktion, son¬
1169 1110 2225 1182 dern der Dichter hat es so gewollt, daß das am wenigsten
1162 1139 2243 1242 bedeutende Stück den Schluß bildet, und zwar einen um #
1164 1195 2206 1264 so stärker abfallenden Schluß, als das Ganze ohnedies
1164 1237 2219 1320 schon etwas reichlich lang, jedenfalls mehr als „abend¬
1167 1286 2204 1351 füllend“ ausfiel. Der Theaterzettel, auf dem „Ende
1158 1320 2208 1413 gegen 101 Uhr“ zu lesen stand, hatte sich um eine ge¬
1158 1342 1715 1428 schlagene Stunde verrechnet.
1233 1405 2207 1489 Schnitzlers Stärke also, sagten wir, liegt nicht im
1162 1437 2209 1537 Architektonischen. Wir können hinzufügen: überhaupt
1158 1487 2213 1591 nicht in der Handlung. Das Stoffliche ist durchweg
1158 1534 2209 1623 dürftig und ziemlich abgegriffen. Die gewöhnlichen Ehe¬
1155 1598 2190 1674 brüche oder Brüchlein. Groß ist unser Dichter — und
1172 1683 2187 1759 darum darf man den Gesamttitel als prächtig gewäh
1182 1739 2193 1787 bezeichnen — groß ist er vor allem in den Wor
1179 1782 2181 1844 ten, in der leichten, flüssigen, fein gewürzten, rei
1185 1826 2178 1906 pointierten, überaus lebendigen, schillernden, prickel
1189 1864 2185 1916 den, schalkhaft liebenswürdigen Konversation. Dies
1179 1906 2185 1967 Dialog ist nicht von dürrem, streitsüchtigem Intelles
1178 1960 2199 2026 tualismus konstruiert, er ist wahr und lebt. Eine bi
1175 2003 2203 2063 zur völligen Unwahrnehmbarkeit gesteigerte Abstraktio
1173 2047 2194 2096 der Technik, wie wir Aehnliches zum ersten Male i¬
1168 2082 2199 2144 der Literaturgeschichte bei Bauernfeld, bezeichnenden
1164 2130 1950 2200 weise ebenfalls ein Wiener Kind, finden.
1247 2156 2190 2242 Genügt indessen das bisher Gesagte vielleicht no¬
1171 2202 2199 2270 nicht ganz, um Schnitzler geradezu als Klassiker de¬
1176 2264 2210 2330 Konversationsstückes zu feiern, so darf dies sicherlich mi
1167 2302 2189 2367 Recht da geschehen, wo der Dichter mittels seine
1164 2347 2194 2400 Dialogtechnik feine, psychologische Gemälde vor unse
1177 2397 2200 2453 Auge zu führen, aus Worten volle, ganze, lebendig#
1168 2438 2209 2508 Menschen, Charaktere mit scharfen, interessantenSchlag
1162 2488 2202 2527 lichtern zu gestalten weiß. Freilich, das erste und der
1173 2516 2192 2587 letzte Stück vom Samstag abend vermögen nach diesch
1167 2568 2189 2641 Hinsicht nicht recht Stand zu halten, womit ich sie jedon
1170 2614 2121 2671 nicht als direkt mißglückt bezeichnen möchte.
1167 2657 2212 2731 „Stunde des Erkennens“ verliert sich in psychologisch#
1171 2702 1952 2756 Spitzfindigkeiten und Fragwürdigkeiten.
1947 2707 2223 2764 X vermag
1166 2754 2215 2816 „Sie“ nicht zur ehelichen Untreue zu verleiten, weil
1172 2797 2198 2848 Sie ihn zu sehr liebt, Z gegenüber jedoch leistet „Sie“.
1172 2830 2206 2893 sich einen Ehebruch, weil sie ihn weniger liebt als X?
1166 2878 2221 2944 Auch liegt die eigentliche Pointe des Stückes, das Ver¬
1168 2918 2217 2983 schweigen des wirklichen Geliebten dem Mann gegen¬
1171 2961 2211 3013 über, stark verborgen. Immerhin sind die Charaktere
1171 3005 2216 3073 interessant und keineswegs glatt unmöglich, zumal
1166 3039 2213 3125 wenn sie durch Künstler wie Steinrück, Olly und Schar¬
1171 3098 2203 3168 wenka dargestellt werden. Im „Bachusfest“ hingegen
1165 3129 2204 3203 handelt es sich nicht nur um seelische Fragwürdigkeiten.
1170 3182 2202 3252 Die Figuren setzen hier überhaupt kein Fleisch an. Es
1169 3226 2205 3299 kommen keine runden Charaktere heraus, sondern nur
1170 3266 2202 3330 Fragmente. Kurz: es bleibt bei Worten. Allen An¬
1169 3314 2209 3361 forderungen und den verwöhntesten Ansprüchen genügt
1165 3353 2209 3427 hingegen die „Große Szene“! So etwas von psycho¬
1166 3400 2200 3462 logischer Tiefe und zugleich voller, runder Lebenswahr¬
1165 3442 2208 3512 heit bekommt man selten zu sehen. Nur soviel hier:
1159 3496 2193 3558 Den Mittelpunkt bildet die Figur eines Schauspielers
1158 3531 2194 3595 eine leichtlebig=geniale Künstlernatur, die nicht mehr
1169 3570 2204 3634 zwischen Wahrheit und Lüge, zwischen der Wirklichkeit
1168 3621 2202 3681 des Lebens und dem Spiel der Bühne zu unterscheiden
1165 3657 2204 3729 weiß, bei der jede Moral aufhört, da der Schuldbegriff
1168 3711 2196 3764 nahezu gänzlich verloschen ist, ein Mensch, der in Ver¬
1170 3751 2200 3820 logenheit und Allerwelts=Wurstigkeit aufgeht und doch
1167 3785 2207 3850 im Grunde ein gutmütiges Kind ist, das nicht leben
1169 3838 2207 3916 und wirken kann ohne den Halt, den „Sie“, die Legi¬
1158 3874 1540 3935 time, ihm bietet.
1240 3922 2202 3983 Das Publikum raste Beifalk. Als die Hände ver¬
1160 3970 2190 4029 sagten, mußten die Füße zu Hilfe kommen; eln großes
1164 4008 2204 4072 Getrampel erhob sich. Kein Wunder: Albert Steinrück,
1167 4041 2204 4131 der den Helden gab, ist — um es kurz zu sagen — ein
1146 4092 2189 4150 ganz hervorragender Künstler! Einer vom Schlag
