3344 4352
2113 204 2563 292 box 32/3
244 215 1961 287 26.1. Konoedie der Norte zyklus
1219 1026 2878 1153 Musik- und Theaterberichte. # # 72
839 1077 1364 1164 Theater. — Köln.
1731 1113 3015 1213 geboten wurde, kann man schnell hinwegkommen. Es Ist“ litefa½
569 1139 1714 1234 Die Oper machte gewissermaßen eine „große Pause“ und be¬
1725 1167 2957 1232 risch absolut wertlose Ware, mit der einem naiven Publikum viel¬
486 1188 1720 1273 schrähkte sich zumeist auf Wiederholungen. Die leichte Ware zieht
1725 1202 2971 1273 leicht ein paar Stunden angenehm verkürzt werden können. Dank
1728 1242 2958 1302 vor allem der guten Besetzung der männlichen Hauptrollen mit
483 1238 1710 1295 nach wie vor am meisten, doch fand erfreulicherweise auch
487 1284 1699 1346 Coghelius' entzückender Barbier bei der dritten Aufführung noch ein
1727 1277 2959 1349 Dysing, Blankkarts und Korth fand das harmlose Stück freundliche
481 1311 1715 1389 guf besetztes Haus. Dies war leider bei Verdis Maskenball
1726 1320 2965 1388 Aufnahme bei dem sehr gut besetzten Hause. Sehr viel Anteil
483 1358 1702 1421 nicht der Fall, so melodienreich das Werk auch ist und so gut es
1721 1355 2951 1432 nahm unser Theaterpublikum auch an der Erstaufführung der drei
482 1391 1714 1468 hier mit vom Scheidt und unserem neuen. wahrliaft glänzenden
1713 1393 2833 1477 Einakter „Komödie der Worte“ von Artur Sahnitz
2851 1420 2949 1461 ler.
475 1437 1704 1505 TEnoristen Krauß besetzt werden konnte. Auch Elisabeth Bartram
1721 1434 2935 1501 Es ist zweifellos ein interessantes Problem, dem nachzugehelt, Wie
1721 1467 2946 1552 Worte eben nur Worte bleiben, wie die Taten und das Gefühl der
478 1485 1710 1549 gs Amelia (früher besetzt durch S. Wolf) war sehr tüchtig, wenn
1710 1513 2956 1589 Menschen ganz anders gehen als eben das Wort, das bewußt ge¬
472 1518 1703 1580 guch nicht im Spiel beweglich genug. Aber die ständigen Fort¬
1711 1551 2960 1632 wordenes Gefühl und noch nicht zur Tat gewordenen Willen in
476 1551 1710 1626 Schritte dieser reichbegabten Künstlerin lassen einen weiteren Auf¬
471 1597 1696 1650 stieg erwarten; das gefährliche Experiment des Ubergangs von der
1714 1599 2948 1666 sich vereint. Inwieweit ein solches Problem auf die Bühne ge¬
467 1645 1692 1704 Operette zur Oper wird voraussichtlich gelingen. In der „Undine“
1711 1633 2947 1705 bracht werden kann, ist fraglich. Schnitzler hat in kühnem Experi¬
1709 1670 2943 1743 ment in drei Einaktern drei Möglichkeiten gegeben, und sie jedes¬
471 1668 1700 1731 gastierte auf Anstellung Frl. Stretten-Braunschweig, deren an
483 1716 1700 1775 sich schöne Mittel vielleicht doch in unserem großen Hause nicht
1722 1706 2945 1784 mal am Eheproblem dozierend nachgewiesen mit drei Schluß¬
479 1753 716 1805 ausreichen.
1709 1737 2949 1808 nuancen: Tragik, Komödie, Ironie; jedes der drei Stücke geht
1711 1786 2966 1870 konsequent auf das Ziel, wie es eben der scharf analysierende und
550 1792 1705 1871 Uber „die große Pause“ von Oskar Blumenthal und
1721 1827 2942 1902 kluge Dichter vermag, der als früherer Arzt ausgesprochene psychoy
471 1825 1695 1925 Max Bernstein, die uns im Schauspielhaus als Uraufführung
1708 1860 2942 1943 logische Studien liebt. Aber freilich: die Tragik muß im Theater
1732 2002 2963 2076 in Geschehnisse gekleidet sein, und auch die ironisierende Komödie
1741 2041 2975 2095 hat kein Theaterblut; auf der Bühne kommt es auf das Geschehen
1739 2087 2970 2148 an, und das Geschehen von dialektischen Dingen ist zu blutleer,
1743 2121 2971 2193 um zu packen. So stellte sich die direkte Wirkung und damit der
1741 2159 2964 2224 naive Applaus nur bei dem zweiten Stück ein, das in der Tat dem
1735 2195 2956 2270 Problem besonders entgegenkommt: Komödie der Worte. Denn
1726 2239 2962 2296 in der Welt der Schauspieler werden und sind Worte soviel wie
1734 2277 2963 2335 Taten, fließt Leben und Schein derart zusammen, daß der Schau¬
1730 2321 2957 2388 spieler im Spiel gewissermaßen lebt, und im Leben nicht zu spielen
1725 2354 2957 2423 aufhört, mit Worten jonglierend wahr und falsch, echt und unecht
1728 2401 2963 2447 zugleich sein kann. Die „große Szene“ zeigt, wie ein beliebter
1723 2439 2964 2494 Schauspieler einem jungen Mann, dessen Braut er verführte, so gut
1730 2476 2947 2548 vorzumimen versteht, daß dieser beruhigt von dannen geht, während
1725 2515 2956 2581 die Frau des Schauspielers entsetzt ist über diese Fähigkeit, sich
1718 2552 2955 2614 verstellen zu können. Aber auch sie wird von ihm immer wieder
1717 2587 2955 2664 bezwungen werden; denn sein Wesen ist Komödie und daneben
1726 2631 2947 2701 ist er ein guter Junge und ein großes Kind, das sie im innersten
1713 2674 2946 2732 Herzen doch liebt. Die Auseinandersetzung eines Arztes mit seiner
1719 2714 2959 2786 Frau in der „Stunde des Erkennens“ ist weniger erquick¬
1721 2746 2959 2796 lich. Seit 10 Jahren weiß er um einen Fehltritt von ihr, hat aber
1719 2796 2953 2862 einen falschen Mann im Verdacht; nun — nachdem die Tochter
1723 2828 2944 2886 verheiratet aus dem Haus gegangen ist — glaubt er mit ihr abzu¬
1708 2868 2946 2944 rechnen; während man sich in Wirklichkeit doch nicht versteht,
1712 2917 2947 2978 und diese Stunde des Erkennens doch wieder Wortkomödie bleibt,
1716 2940 2937 3019 der freilich ein tragisches Ende in der Wirklichkeit folgen muß.
1705 2983 2943 3058 Der dritte Einakter „Bacchusfest“ spielt im Wartesaal, wo ein reicher
1717 3022 2940 3087 Troddel mit der Frau eines Schriftstellers den Gatten erwartet, um
1712 3054 2935 3138 ihm zu verkünden, daß sie zusammen davon gehen wollen. Der
1709 3101 2945 3175 kluge Mann erfaßt die Situation, läßt die Beiden nicht zu Worte
1704 3151 2939 3201 kommen, gibt dem Anderen eine ironisierende Belehrung durch die
1718 3180 2936 3253 Blume, so daß der wie ein begossener Pudel abzieht, während er
1716 3222 2939 3303 mit seiner Gattin heimkehren wird, um sein zukünftiges Leben
1713 3263 2514 3321 wohl von keinem der Zuschauer beneidet. —
1783 3302 2935 3374 Gespielt wurde unter Kiesaus Regie glänzend, überhaust
1706 3332 2933 3401 war die ganze Aufmachung sehr gut, und die drei Bühnepbfider
1709 3376 2933 3437 jedes in seiner Art ein kleines Meisterwerk. Von den Darstellern seien
1699 3426 2941 3464 besonders Dysing als der scharfzüngige, in seinem, Kachewahn
1705 3454 2933 3521 verbissene Arzt, Gode als der sieggewofinte Gemödiant und
1699 3486 2718 3575 Fresau als der entthronte Liebhaber hervergeheten.
2806 3516 2897 3567 T.
3060 2592 3153 2661 W
