3344 4320
1468 54 1535 116 1
2077 152 2541 254 box 32/8
218 170 1945 274 26.1. Kondadie der Norte Zukius
1408 640 1531 736 —3 —
756 716 3069 878 der Wahrheit oder besser gosagt der Wahrheitsergründung het Schnitz¬
768 816 3000 940 1er immer beschäftigt. Um die Pilatus-Frage:'Was ist die Wahrheit?“
775 895 2994 1039 kreist sein dichtbrischen Denken und er komt flabei zu dem schwer¬
758 1005 2916 1099 mütügen, resignierten Schluss:“ Fs fliessen ineinander Traum und
778 1078 3064 1197 Wachen, Vahrheit und Lüge, Sicherheit ist nirgends. Wirn wissen nichte
779 1144 3053 1305 von anderen nichts von unstwir spielen immer,wer es weiss ist klug.
785 1250 2975 1384 (Paracelsuso.Das Lehon ist ein ewiges Komödiespielen, dessen Hand¬
792 1324 3081 1456 werkzeug eben die Vorte sind. Fs gibt koine Velterkenntnis und nkrnnx
780 1427 2965 1544 keine Menschenerkenntnis durch die Sprache haben die Philosophen
778 1544 1230 1675 gelehrt
1000 1562 2999 1719 Die drei Finskter, die Schritzler unter dem T1e1:“ Komödie
780 1667 2902 1793 der Worte! zusammengsfasst hat, sind drei Maskenspfele eus dem
793 1772 3038 1892 Alltag. Am klersten kommt die Grundobendenz in dem wirkungsvollsten
792 1794 3086 2014 Stück* Die gronse Szeno! zutage wos der Schaunpteler Komrsd Herbott
795 1931 3056 2090 dem Kein; Mode1l gesessen hat, sich an seinen eigenen Norten so be¬
786 2089 3070 2159 renscht ,duge er am Schluss solbst glaubt,er habe die reine Tehrheit
806 2095 3078 2264 gesprochen und #####r doch ner Lüge und Komödtanterei, ein Feuerwerk
807 2202 3040 2351 den Rede um den Präutigam ünen flüchtigen Geliebsten „der die Wah¬
801 2295 2954 2428 heit von Imm Fordert zu bluffen.. #r ist ober nuch ein so
798 2362 3105 2508 grosser Schaustteler, dese er nuch seine Frau fasziniert,Sie wird ihm
811 2461 2949 2600 ib Zulginft uohl stete manches zu venzeihen haben und doch immer
806 2516 3099 2693 zu ihm zurückkohren, denn die menschlichen Bezichungen sind wichtiger
820 2632 3030 2772 #I dte kleinen erol ischen Bindungen, din von den Manschen viel zu
817 2721 3000 2878 schner gendmmen werden.Des ist der z eite Grundygedanke der drei
806 2871 1455 3005 Einakter
