3344 4384
204 185 506 287 26.1
2079 195 2522 302 box 32/1
489 183 2058 315 Konoedie der Norte—zukius
486 1147 561 1232 —
116 1158 354 1237 — —
96 1221 768 1278 e nun zu spät merkt, daß er gar
762 1229 1954 1312 Gerasch und schließlich der nicht ganz untalentierte¬
101 1275 768 1328 ht mehr leugnen, da sie eigentlich
750 1266 1478 1353 Thimignachahmer Herr Tiedke.
1930 1271 3095 1368 vergessen eines prachtvollen Bahnhofsportiers, den Herr
95 1319 763 1371 äßt sie ihn in der Meinung, daß
1919 1334 2483 1408 Baumgarten karikiert.
833 1325 1340 1406 „Das Bachusfest.“
92 1354 763 1423 besen sei, packt heimlich Hut und
819 1375 1924 1463 Nämlich: Wie da der junge Dr. Wernig mit der Frau
95 1405 756 1477 avon. Wohin? Vermutlich aufs
2004 1415 3096 1482 Wir wollen dieser Komödie der ohnedies allzuvielen
758 1416 1920 1497 des berühmten Dichters Staufner auf den Bahnhof ge¬
98 1431 516 1507 entlichen Geliebten.
1916 1471 3101 1535 Worte nicht viele Worte der Kritik widmen. Der Raum
742 1468 1917 1528 kommen ist, um eben diesen Herrn Staufne# ach sechs¬
94 1479 758 1547 dem geschickten Herrn Walden,
747 1517 1922 1578 wöchiger Abwesenheit in Salzburg zu begrüßen und ihm
1923 1521 3098 1575 ist kostbar in diesen Tagen großer Ereignisse. Kurz und
93 1549 761 1602 werten Frau Bleibtren und
1918 1564 3093 1622 glatt: Dummes, widerliches Geschwätz. Geschwätz von an¬
757 1567 1928 1625 gleich auf dem Bahnhof zu sagen, daß sich diese Ehe jetzt
93 1596 750 1666 gespielt, der auch schon bessere
1914 1596 3102 1670 rüchigen Weiberaffären, von verluderten Frauen, von be¬
759 1619 1928 1678 aufgehört hat, weil ja der junge Dr. Wernig die Frau ver¬
1922 1650 3100 1711 trügerischen Freunden des Ehemannes, Verfall der Sitte,
746 1658 1917 1721 führt hat, sie nur ihn liebt und diese beiden nie mehr von
1915 1699 3103 1749 Verseuchung aller Reinheit, Verneinung aller Tugend, Be¬
747 1704 1925 1758 einander lassen können, da haben wir uns gleich gedacht,
1911 1740 3092 1804 trug an jedem Glauben, Bruch an jeder Treue, ein Faust¬
750 1745 1921 1798 daß daraus nichts wird weil der Wirt gefehlt hat; ohne
92 1753 1929 1847 ielt ein Schauspieler einem jun den diese Rechnung nicht gemacht werden durfte. Also
1918 1786 3100 1836 schlag in das Antlitz aller Wahrheiten. Und alle dies
184 1818 1916 1889 um den Schauspieler zur richtig. Der berühmte Herr Staufner, der im Stubaital
1913 1830 3101 1884 unter dem Deckmantel einer melancholisch=weltmännischen
87 1863 1917 1932 Eil ihm der Schnipfer die Braut ein Theaterstück „Das Bachusfest“ geschrieben hat, kommt
1921 1871 3102 1938 Geste der Noblesse, unter dem schwärmerischen Augenauf¬
1916 1913 3097 1983 schlag besonderer Kultiviertheit. Zugegeben: Diese Sprache
101 1909 1923 1965 also der Schauspieler die große an, fieht die beiden, erfaßt sogleich die Situation (da ihm
95 1963 1918 2020 lügt das Blaue vom Himmel augenscheinlich seine saubere Frau solche Spassetteln schon
1920 1956 3102 2011 klingt wohlgefeilt, schön, glänzt und sprüht von scheinbarem
89 2003 1921 2060 inem schon für diesen Fall vorbe- öfter aufgeführt hat), zeigt sich außerordentlich liebens¬
1914 2002 3099 2069 Geist. Aber so wenig gepflegte Fingernägel einen seelisch
91 2043 1924 2110 eugt schließlich den bedauerns= würdig, läßt den jungen Doktor nicht zu seiner wichtigen
1915 2049 3093 2111 verlicderten Menschen rein machen können, ebensowenig
79 2070 1912 2150 lich davon, daß die ganze Sache Erklärung kommen, man jausnet gemeinsam (wobei wir
1915 2076 3117 2156 macht diese rein äußerliche Kultur einen Dichter. Wir sind.
92 2130 1914 2193 hetändel war, daß das Mädchen erfahren, daß dem Herrn Staufner die Jause die liebste
1917 2116 3105 2187 nun einmol so altmodisch gründlich, allen Dingen auf den
1913 2174 3098 2238 Kern zu gehen und uns durch keinen komödiantischen
81 2153 1924 2246 d daß er diese Jungfrau getrost Mahlzeit ist), man ißt Gugelhupf, dann trägt der Herr
98 2202 766 2284 Frau des Schauspielers hat diese
1913 2220 3101 2283 Schein betören zu lassen. Der Kern fast aller Schnitzler¬
748 2222 1916 2272 Staufner dem jungen Doktor Zigaretten an (statt der ge¬
97 2260 1913 2330 8 ihr Mann sie betrügt, schon so bührenden Ohrfeigen) — kurzum, man plaudert gemäch¬
1928 2257 3106 2324 schen Dichtungen aber ist: Tiefernste Wurmstichigkeit.
94 2310 1906 2367 en hat und noch betrügen wird, lich über die Schwierigkeiten hinweg, bis endlich der Dich¬
1919 2304 3107 2371 Wollen wir wirklich an deutschem Wesen genesen, so wer¬
1921 2342 3110 2426 den wir diesen angeblich deutschen Dichter mundtot machen
92 2350 1918 2405 sie sich beinahe schon abgefunden. ter erzählt, das Stück, mit dessen Erzeugung er das Ant¬
90 2387 748 2454 nstler sind halt einmal so. Aber
1914 2399 3089 2459 müssen. Unseren herrlichen deutschen Frauen, deren Herz¬
740 2401 1921 2464 litz der reinen Stubaier Alpen verunglimpft habe heiße
92 2429 760 2503 ren, vertrauensseligen Menschen
1913 2425 3101 2495 blut in diesem Kriege schmerzlicher, qualvoller verrinnt,
747 2447 1919 2500 „Das Bachusfest“. Ja, nämlich im alten Rom haben die
98 2476 762 2533 uzig belügen und betrügen kann,
1920 2466 3108 2550 als das Blut sterbender Helden, unseren großen deutschen
742 2485 1917 2549 junnen Leute einmal im Jahre, eine Nacht lang im heiligen
94 2527 1924 2588 wenig über die Hutschnur und sie Bachushain volle geschlechtliche Frei##t genossen. Aber
1920 2535 3099 2588 Müttern, Frauen, Schwestern, Töchtern, die leidend ihren
91 2573 749 2628 in auf immer zu verlassen — da
1911 2564 3099 2631 Tribut opfern auf den Altären des Vaterlandes, ihnen
739 2562 1920 2638 wehe, wenn nach dieser Nacht nicht alles vorbei wark
88 2605 756 2665 oße Szene. Er kommt im Kostüm
1917 2612 3108 2682 weihen wir diesen feierlichen Schwur: Daß wir nicht
740 2622 1929 2682 Darauf stand der Tod oder, was noch schlimmer war,
1925 2659 3103 2716 ruhen wollen, ehe diese Schmach, die ihnen hier ein Dich¬
95 2650 1921 2722 herüber, um sie zur Vorstellung ewiges Verbundensein miteinander. Dabei wirft der Dich¬
1919 2703 3107 2767 ter antut, ausgelöscht ist, getilgt ist aus dem Spiegel der
118 2703 1921 2750 er schon auf der Bühne stehen. ter den schuldbewußten Liebesleuten, die auch solch eine
1924 2741 3112 2815 Welt, der da heißt: Deutsches Theater. Als eine hohe
81 2744 1917 2809 she sie im Theater ist. Und da ist Bachusnacht hinter sich haben, bedeutsame Blicke zu.
92 2787 1915 2854 so verführerisch, daß sie ihm doch Worauf es denn der junge Doktor vorzieht, einen eben
1920 2792 2194 2860 Lebensaufe
2211 2782 3112 2859 wollen wir es betrachten, der deutschen
1918 2835 2162 2903 Bühne di'
127 2831 1916 2889 ihre Fluchtpläne aufgibt und ausgerusenen Zug nach Paris als den seinigen zu erkennen
2185 2826 3106 2890 ege zu weisen, die sie zurückführen aus
90 2881 1909 2938 mt. Anmerkung: Ein paar schel= und zu verschwinden. Die beiden zurückbleibenden Ehe¬
2189 2869 3097 2947 Schmach zu den reinen Quellen ihrer Be¬
1919 2881 2169 2952 Schmutztn
85 2914 1931 2995 urgtheater, welches doch nicht so leute aber erklären sich in einem Atem, daß sie sich hassen!
1918 2918 3106 2985 stimmung. Anermüdlich, immer und immer wieder wollen
99 2962 744 3029 iber die wienerische Aussprache.
1913 2961 3101 3047 wir dem deutschen Volke die Worte Friedrich Lienharts zu¬
746 2969 1921 3018 und lieben, was „gewöhnlichen“ Lesern zwar etwoas ab¬
1925 3012 2108 3083 rufen:
116 3009 1919 3074 welches so dumm ist, jedem sonderlich vorkommen wird, jedoch für den Literaten er¬
2003 3036 3024 3114 „Entscheidet euch, wo wollt ihr künftig wohnen?
127 3051 1919 3105 zu steigen. Oder über die freulich klingt, weil dadurch, daß es solche Leute wirklich
88 3092 1924 3142 che doch lauter Dreck ist... Und gibt, dem Andenken eines gewissen August Strindberg, der
1994 3091 2902 3169 Entscheidet euch, ob Gottheit, ob Dämonen!
2015 3145 2846 3215 Entscheidet euch, ob Tempel oder Stall!“
94 3137 1927 3232 n einmal ein großer Dichter in j.das auch immer gesagt hat, eine gewisse Dauer gesichert!
91 3182 305 3240 flegt
745 3188 976 3262 erscheint.
100 3213 748 3290 r überaus geschickte Herr Wal¬
819 3222 1920 3279 Diese Szene wird von dem wirklich geschickten Herrn
1987 3252 3096 3339 Das „Volk“ von Wien bewies seinem Dichter volles
85 3278 1924 3326 elski, welche auch schon bessere Walden, dem anmutigen Frl. Wohlgemut und dem
97 3318 2800 3395 diesmal seltsam maßvolle Herri stets diskreten Herrn Romberg bray gespielt. Nicht zu  Verständnis. Es gab einen starken Erfolg.
2645 3337 3133 3438 Hans Brecka. /I
