3344 4256
263 170 1970 269 26. 1. Kongedie der WorieZyklus
929 1004 1602 1136 „Oun SCRAUeNRRNAdu
1119 1114 1744 1244 E
965 1127 1099 1259 ∆
826 1228 1680 1319 Mafires suraentt Teruner AusseRsiTT·a Oae
806 1290 1672 1377 BERLIN SO 16, RUNGESTRASSE 22-24
703 1368 1750 1420 Bearbeitet die deutsche und ausländische Presse auch auf Inserate.
690 1422 1746 1483 Liefert Listen über geplante Bauten aller Art. Geschäftseröffnungen.
1044 1456 1377 1501 Festlichkeiten usw.
831 1534 1635 1666 Deutsche Tages=Zeitung
892 1645 1564 1702 Morgenausgabe — Beelin SW. 11
979 1687 1422 1759 Ausschnitt aus der Nmmer vam
1358 1707 1635 1803 MAl 12.
679 1827 1870 1979 Schnitzler: „Komödie der Worte“.
892 1956 1743 2059 (Kammerspiele. — Bassermann.)
763 2040 1946 2125 Es sind wirklich nur Worte, leere, nichtssagende Worte, die
692 2069 1923 2159 die Geduld auf eine harte Probe stellen. Worte, wenn der reich¬
692 2121 1927 2231 lich spießig gewordene Arzt sich mit seiner Frau über den Wert
683 2167 1925 2276 der von ihnen beiden nicht ganz einwandfrei gehandhabten ehe¬
687 2214 1916 2308 lichen Treze kunterhält. Worte, wenn der naiv=gerissene Komö¬
680 2264 1925 2346 diant die Grohe Szene seiner eigenen Feigheit spielt. Worte end¬
674 2320 1938 2402 lich, weus der „große“ Schriftsteller seine übrigens recht dürftige
672 2348 1934 2444 und anlgreiftare Idee des Bacchusfestes deklamiert und damit
680 2400 1911 2481 noch dürftiger die plötzlich wieder flür ihr aufflackernde Liebe
684 2438 1911 2528 seiner Frau motiviert. Ein Ragout aus Sinnenkult und reichlich
680 2483 1917 2556 laxer Moral, dazu übergossen mit einer faden Brühe von Senti¬
672 2526 1914 2598 mentalität. Am besten noch die Szene des Schauspielers. Sie
671 2574 1912 2660 steht dem innersten Wesen des Dichters am nächsten, und in ihr
670 2622 1912 2719 zeigt er sogar einen gewissen überlegenen Spott. Aber sehr viel
668 2658 1903 2756 amüsanter finde ich die sehr ähnliche Idee im Bahrschen „Kon¬
671 2702 1907 2808 zert“. Dort fehlt wenigstens das weinerliche Getue der „tragisch
673 2754 1776 2847 empörten“ und doch wieder verzeihenden Künstlersgattin.
746 2818 1914 2878 Aber Arzt, Schauspieler und Schriftsteller spielt Basser¬
676 2849 1910 2936 mann. Und ihm gehört der Abend. Am stärksten in seiner
661 2921 1909 2994 frivolen, aber timiden Burschikosität als Komödiant. Wie er sich
666 2953 1898 3032 da selbst die „große Szene“ vorspielt, sie gleichsam auskostet, bis
663 2988 1904 3078 die tatsächlichen Geschehnisse hinter Nebeln verschwanden.
657 3044 1907 3122 das ist schlechthin grandios. Sehr fein auch die mit Explosiv=
658 3088 1892 3157 stoff gefüllte ängstliche Nervosität des Schriftstellers. Dagegen
654 3132 1888 3204 machte er nach meinem Geschmack als Arzt am Schlusse zu visl
662 3180 1889 3268 dramatische Mätzchen. Schließlich soll doch in Dr. Eckold der
654 3215 1896 3307 spießige Hang zur Gleichgültigkeit gegenüber seelischen Exalta¬
651 3268 1894 3356 tionen siegen. Gerade darum ist ja seine Hinterhältigkeit so ge¬
658 3306 1888 3400 mein. Die Regie Paul Bildts sorgie für wohltuende Ab¬
648 3363 1888 3441 dämpfung. Unter den Nebenspielern fielen Else Basser¬
644 3392 1886 3483 mann, Paul Bildt und Sigmund Nunberg angenehm
722 3518 1885 3585 Aber war es wirklich nötig, um der Bassermannschen Bomben¬
646 3571 1881 3639 rolle willen den Geist Schnitzlers zu beschwören? Und heute im
649 3615 1509 3687 „Deutschen Theater“ schon wieder Schnitzler!
1677 3620 1867 3695 E. M.
2109 149 2569 246 box 32/6
2499 571 3199 705 apoes schsbangspaden
2343 652 2664 819 T
2645 688 3301 813 E G
2737 769 2848 847 ∆
2402 799 3266 874 esdaires esuracnen #rvünes Aunsenuerracae
2405 879 3275 951 BERLIN SO 16, RUNGESTRASSE 22-24
2304 936 3318 1005 Bearbeitet die deutsche und ausländische Presse auch auf Inserate.
2310 998 3317 1051 Liefert Listen über geplante Bauten aller Art. Geschäftseröffnungen.
2651 1029 2994 1076 Festlichkeiten usw.
2429 1115 3254 1241 Berliner Börsen=Zeitung
2550 1213 3129 1271 Abendausgabe — Berlin W. 6
2595 1263 3061 1330 Ausschnitt aus der Nummer vom:
2908 1331 3305 1425 2 - MA 124
2290 1483 3350 1574 Bassermann in den Kammerspielen.
2455 1549 3237 1621 Schnitzlers „Komödie der Worte“.
2362 1598 3353 1667 Mehr denn je scheint Bassermann bei seinem jetzige
2285 1648 3353 1698 Auftreten den Beweis führen zu wollen, daß die Bühn
2296 1695 3349 1735 dem Schauspieler gehöre. Drum die Wahl von Strindberg
2286 1729 3352 1776 „Wetterleuchten“, das fast eine Solgsolle ist; drum vorden
2291 1769 3351 1808 und nunmehr Einakterabende. Pordem Saltens „Von
2292 1801 3345 1851 andern Ufer“; nunmehr Schnitzlexs „Komödie der Worte
2379 1837 3339 1890 An solchem Einakterabend kann der Schauspieler viel
2286 1884 3352 1935 fach schillern, geschmeidig in ein paar Häute schlüpfen, di
2283 1915 3351 1962 verschiedensten Register ziehen, bald Tragik markieren, bal
2283 1958 3353 2001 chsgelassen tolle#— kurz; sich komödiantisch austoben
2282 1998 3343 2063 Msein Temperämen von Ueberschüssigem befreien. Von de
2295 2026 3343 2077 in die stilisierende Richtung geratenen jüngeren Schau
2293 2066 3351 2121 spielern wird man sich kaum einen als Trager eines solche
2291 2108 3344 2158 bunten Abends denken können. Von anderem abgesehen
2289 2146 3345 2193 fehlt ihnen dazu, glaube ich, der innerste komödiantisch
2295 2180 3353 2241 Trieb, die naive Spielfreudigkeit, die jauchzende Lust, sic
2298 2218 3352 2268 mit ein paar jähen Sprüngen in die Vielfältigkeit vo
2297 2262 3325 2305 Charakteren hineinzusturzen, im Handumdrehen sich
2293 2286 3351 2340 irgend ein paar besondere Gestalten zu verwandeln, dichte
2293 2335 3351 2380 rische Skizzenhaftigkeit aus eigener schöpferischer Macht
2293 2373 3343 2436 vollkommenheit zu runder, plastischer Menschlichkeit auszu
2299 2417 2460 2466 bauen.
2371 2427 3342 2496 Einst nannte man Matkowsky den letzten, in diesen
2302 2490 3351 2534 Sinne spielfrohen Komödianten; mir scheint, der heutige
2294 2512 3346 2573 Generation dürfte als solcher Bassermann erscheinen, der
2300 2555 3351 2617 je älter er wird und je mehr er der Seßhaftigkeit entsag
2295 2596 3353 2642 immer spielfreudiger wird und eine schier dionysische Lu
2297 2630 3342 2691 zu empfinden scheint, in raschem Wechsel an mannigfaltige
2305 2672 3345 2726 Charakteren das Faszinierende, Anschmiegsame, Geistreich
2297 2707 3342 2769 seiner Darstellungskunst zu erweisen und durch alle Maske
2304 2752 3351 2816 doch die Zuge seiner eigenen starken Persönlichkeit hindurch
2302 2799 2702 2855 schimmern zu lassen.
2382 2809 3351 2887 Er müßte kein Komödiant von echtem Schrot und Kor
2313 2863 3346 2921 sein, wenn ihn nicht die „Große Szene“, die im Grund
2309 2905 3352 2964 jeder Einakter ist, besonders lockte. Der also betitelt
2306 2944 3336 2996 mittlere Einakter in der „Komödie der Worte“ stellt i
2306 2982 3351 3035 virtuoser Vollendung den Inbegriff dieses schauspielerische
2298 3022 3352 3087 Ideals dar. Ein Schauspieler, dem auch jedes persönlichst
2297 3065 3352 3110 Erlebnis gleichsam nur das Stichwort für eine „groß
2308 3095 3351 3148 Szene“ gibt. Und wenn ihm der Bräutigam des Mädchen
2304 3137 3330 3201 gegenübertritt, mit dem er etwas gehabt, dann kommt
2305 3176 3336 3228 nicht zu irgendeiner tätlichen Entscheidung, vielmehr z
2309 3213 3342 3264 einer — „Komödie der Worte“, zu einer Komödie vo
2305 3250 3348 3305 Worten, die ein unvergleichliches Gemisch darstellen vo
2308 3293 3342 3341 Echtem und Falschem, Lüge und Wahrheit, Naivetät un
2305 3332 3348 3382 Raffinement, Ethik und Frivolität, Komödiantischem un
2308 3371 3351 3423 Menschlichem. Wobei der, der glaubte, Rechenschaft forder
2311 3409 3354 3465 zu können, durchaus in den Hintergrund gedrängt, zu
2312 3448 3342 3500 Passivität verurteilt, zum allerbescheidensten Gegenspiele
2309 3484 3352 3541 degradiert wird. Nie hat ein Schauspieler dieses Typisch
2300 3533 3343 3576 der Schauspieler=Psyche geistvoller erfaßt, mit genialer
2306 3562 3349 3616 Ironie, mit lustigerer Persiflage dargestellt als Bassermani
2300 3603 3352 3651 Wie diese unendliche Fülle von Zwischen= und Untertöne
2309 3641 3352 3699 in der angedeuteten Mischung sich zusammenwob, das erga
2302 3681 3341 3728 oder ersetzte ein ganzes Kompendium über die besonder
2304 3723 3351 3773 seelische Fundierung des schauspielerischen Schaffens un
2308 3759 3342 3810 überhaupt des schauspielerischen Wesens. Die im beste
2313 3792 3352 3845 Sinne virkuosische und wahrhaft grandiose Leistung versetz
2309 3837 3344 3885 denn auch das Publikum in einen wahren Begeistung
2311 3874 3352 3922 taumel, der Bassermann zahllose Male an die Rampe rie
2381 3913 3342 3979 Auftakt und Abgesang sind gedämpfter. Der Arzt, de
2300 3947 3343 3997 in der „Stunde des Erkennens“ die Frau in der
2300 3992 3351 4039 Wahn beläßt, sie habe einmal dem angehört, auf den
2303 4020 3346 4075 immer voll Neid geblickt, während sie einem Stiefkind de
2303 4069 3344 4118 Glücks ein paar helle Stunden geschenkt, ist zu sehr zu
2307 4085 3320 4154 Passivität verurteilt, als daß er festere Konturen
