3344 4352
2034 240 2533 354 box 32/1
194 237 2053 332 26.1. Konoedie der Norte Zyklus
85 1364 3052 1459 unstwerk, das uneingeschränkte, volle Freude ihnen abspielen, mit demselben Apparat von beleidigter] Gerade in dieser Paraderolle liegt die Gefahr, aus
86 1459 3056 1507 Wie oft ist nun schon der Bühnenheros in Frauenwürde, naiver Unwiderstehlichkeit bis zum dringlich und verletzend zu wirken, unendlich nahl:
83 1498 3042 1572 dischen Schwächen und Sünden abkonterfeit neuerlichen Siege. Anfangs etwas zögernd einsetzend, der Künstler hat sie durch sein wahrhaft nobles Wesen,
959 1544 3056 1610 steigern sich die Vorgänge zu dramatischer das auch alles Komödiantische der Figur so bestrickend
152 1561 959 1622 mit der Gestalt, die Schnitzler hier in
948 1590 3053 1659 Schlagkraft, jedes Wort, auch das scheinbar erscheinen läßt, so daß man die Wirkung auf die
83 1602 964 1666 rad Herbst geschaffen, kann sich keiner seiner
957 1645 3047 1726 absichtslose, dient zu feinster Charakteristik — vor Frau vollkommen versteht, völlig und restlos über¬
113 1649 957 1725 messen, nicht einmal der vielbewunderte
1985 1697 3052 1770 wunden. Neben ihm boten Frau Bleibtren
942 1693 1995 1754 allem: hier haben wir das Theaterstück, das wir in
84 1686 949 1781 sänger“ Wedekinds. In verblüffender in¬
955 1750 1996 1809 beiden anderen Dramen eigentlich vermißten. So
1994 1749 3047 1803 und Herr Devrient im ersten Stücke
84 1749 953 1826 harakteristik steht er schon da, ehe er die
1996 1779 3049 1862 Meisterleistungen diskreter Konversationskunst. Die
961 1785 1988 1855 empfand auch das Publikum. Verdientes, zögerndes
85 1790 966 1868 etritt, in den Gesprächen seines um
1993 1832 3052 1917 „Große Szene“ litt in ihrem ersten Teile durch das
956 1848 1997 1914 Wohlwollen begleitete den Eingang und den Schluß
78 1837 947 1939 ern seines Theaters ängstlich besorgten
953 1896 1994 1955 des Abends, enthusiastischer Beifall grüßte das Mittel¬
1995 1884 3051 1957 schleppende Tempo, das Frau Medelsky, deren
117 1895 953 1976 Falk und seiner Gattin Sophie, die
946 1951 1995 1998 stück. Nach des Dichters ausdrücklichem Wunsche werden
1995 1941 3051 2022 unleugbare Innigkeit wieder einmal in Verflüstern und
92 1932 958 2032 assen hat, nachdem er sie mit einem
954 2001 1992 2060 die drei männlichen Hauptrollen Eckhold, Herbot,
1997 1996 3042 2059 Farblosigkeit überging, und Herr Tiedtke, dem
84 1990 954 2064 Nädchen, das Braut war, auf das gewissen¬
950 2039 1996 2103 Staufner von demselben Darsteller gegeben Eine
1985 2039 3045 2109 es für den Direktor an Schärfe des Humors fehlt,
90 2063 956 2118 rogen. Nun tritt er ein — strahlend und
1999 2090 3048 2173 einschlugen. Der Anklage des Bräutigams gab Herr
949 2094 1994 2153 innere Notwendigkeit liegt nicht vor, und der Abend
112 2106 959 2166 ahnungslos, was in dem gekränkten Weibe
1992 2139 3048 2212 Gerasch viel Wärme und edle Haltung. In der
958 2147 2000 2213 wird damit auf die Basis einer Virtuosenleistung
87 2149 960 2230 en, eitel und rücksichtslos, aber liebenswürdig,
1997 2192 3057 2258 Episode der Theaterelevin zeigte Frl. Kutschera
957 2190 2002 2267 gestellt. Diese wurde auch durch Herrn Walden
91 2205 953 2269 genes recht böses Kind. Und dem Bräutigam,
1991 2240 3050 2302 eine ganz famos charakterisierende Drolerie. Was aus der
954 2251 1996 2318 geboten. Er hielt den Ehemann des ersten Stückes
90 2236 959 2313 enschaft fordernd, zu ihm stürmt, spielt er
1997 2293 3053 2359 Frau Agnes und ihrem Anbeter herauszuholen ist, haben
955 2299 1989 2357 schön in düsterer, zurückhaltender Stimmung, mit
92 2285 958 2368 chtszene vor — man mag da an den „grünen
958 2326 1999 2408 leisen, aber deutlichen Tönen der tiefen Verbitterung,
1997 2340 3049 2410 Frl. Wohlgemuth, die ausgezeichnet nervös gereizt
88 2352 961 2431 zurückdenken — in der er auch mit Hilfe
962 2379 2000 2464 von denen sich der endliche Ausbruch des lange zurück¬
2001 2398 3053 2460 pointierte, und Herr Romberg in seiner ergötzlichen
94 2388 960 2468 Datum gefälschten Briefes eine Abweisung
1995 2444 3051 2513 Verlegenheit geleistet. Es war jedenfalls ein schau¬
953 2445 1990 2513 gehaltenen Grolles scharf abhob, er beherrschte die
92 2454 961 2519 rbung durch das nur von harmloser Schauspieler¬
956 2496 2001 2560 volle Kunst der Rede, wie sie für den Rhetoriker
1997 2483 3049 2571 spielerisch wohlgelungener Abend; das Wort, das
85 2505 961 2566 rei angekränkelte Mädchen zusammendichtet,
958 2549 1996 2600 Staufner notwendig ist, überall zeigte sich sorgsamste
1999 2542 3044 2611 Frau Sophie an den Theaterdichter richtet, dürfen
73 2556 956 2617 er Verve der Erfindung, daß er an seinen eigenen
950 2600 1988 2656 Durcharbeitung, vornehmste Form. Ihm gebricht es
1988 2575 3047 2651 wir uns wohl zu eigen machen — wir dürfen es.
72 2603 956 2677 dahinschmilzt und sich selbst als entsagender
962 2641 1989 2706 nur etwas an Überlegenheit, an starker Persönlich¬
1995 2645 3040 2708 während nach meiner Empfindung die Hofbühne besser
91 2651 968 2725 r bewundert. Doch seine Gattin, die diese
1993 2695 3034 2754 daran getan hätte, dieses Selbstlob auszumerzen:
103 2695 1995 2761 Leistung mit angehört, empfindet tiefen keit, die ihn sowohl über die schuldige Frau
2000 2728 3049 2825 „Schimpfen Sie nicht aufs Burgtheater, es ist noch
105 2732 2009 2819 dem „toll gewordenen Hanswurst“ sie will wie über das törichte Pärchen triumphieren läßt.
1987 2797 2394 2874 immer besser als.
2428 2778 2876 2867 die meisten anderen.“
86 2789 2008 2863 er von ihm scheiden, da reißt er sie wieder] Seine künstlerische Höhe erreicht er mit dem Herbot,
953 2838 2009 2905 den wohl kaum ein nur irgendwie begabter Darsteller
84 2844 971 2914 fort in sieghaftem Ungestüm, sie folgt ihm
2448 2831 3005 2938 Alexander von Weilen.
953 2896 2001 2959 völlig verfehlen kann, aber auch nicht leicht so hin¬
103 2882 965 2968 ins Theater, sie gehört ihm — bis auf
106 2928 2031 3009 Denn diese Szene wird sich wieder zwischen reißend liebenswürdig ausgestalten wird wie Walden.!
2831 4135 3170 4229 —A
