3392 4352
401 153 1320 207 eenenenchecheneneneneenen
405 187 1565 263 Ideen= und Gestaltenwelt zu befassen. Während niemals“
409 238 1561 309 die Tugenden der Deutschen in hellerem Lichte gestrahlt
412 278 1557 350 haben, während alle, Männer wie Frauen, täglich bewun¬
406 345 1566 394 derungswürdige Proben von Heldenmut, Selbstverleugnung,
409 372 1575 449 Treue, Aufopferung geben, findet S.s Muse nichts Besseres,
415 423 1566 496 als Menschen vorzuführen, die faul bis ins Mark sind,
407 465 1578 543 erbärmliche, von ihrem kleinlichen Selbst aufgeblähte Wichte,
412 527 1572 589 bei denen nichts als die Brunst groß ist und die in unauf¬
411 566 1577 632 hörlichem leeren Wortschwall vor den Zuhörern ihre nur
423 614 1575 679 für sie interessanten Erlebnisse und unsauberen Gelüste ent¬
422 661 1590 724 hüllen. Die Einakterreihe „Komödie der Worte“, nebenbei
416 706 1570 762 bemerkt, einer jener bei dem Verf. beliebten, weil die Neu¬
426 761 1571 823 gierde erregenden Titel, die alle möglichen Deutungen zu¬
409 804 1569 877 lassen und eigentlich gar nichts bedeuten, ist eine Aneinander¬
2606 825 2744 906 318
1536 821 2279 915 Literatur. — 6. November. —
1580 936 2754 1007 behandelt, gar nicht zum Worte kommen, und erzählt im
430 943 1586 1000 reihung von Ehebrüchen in verschiedenen Spielarten. Bei
1587 987 2743 1044 Laufe des Gesprächs, das die drei Personen bei der Jause
418 1000 1586 1054 S. wechseln nämlich Männer und Frauen einander aus,
422 1045 1585 1091 wie die Handschuhe, unbekümmert um Treueschwüre, und
1585 1041 2753 1094 führen, den Inhalt des von ihm eben vollendeten Dramas,
423 1084 1585 1139 man verzeiht sich in der Regel auch wieder leicht, weil man
1586 1077 2746 1142 betitelt: „Das Bacchusfest". Es spielt auf den Brauch der
418 1137 1572 1195 sich ja eigentlich nur dasselbe vorzuwerfen hat. Das also
1586 1133 2745 1200 alten Griechen an, wonach einmal im Jahre alle Bande
424 1186 1577 1246 wäre der Gewinn, den wir aus der mit Recht erfolgten
1580 1182 2751 1245 zwischen Männern und Frauen, alle Bande der Familie,
428 1238 1573 1293 Aechtung der französischen Sitten= oder vielmehr Unsitten¬
1585 1232 2745 1296 alle Gebote der Sitte eine Nacht hindurch aufgehoben waren.
1586 1279 2740 1321 Am nächsten Morgen kehrten Alle aus dem Hain in ihre
423 1267 1585 1342 komödien gezogen haben! Man vertreibt sie, um sie auf
416 1316 1587 1388 der anderen Seite in vergröberter Gestalt unter deutscher
1584 1313 2743 1385 Behausungen zurück und das Familienleben nahm wieder
1600 1373 2745 1433 seinen gewöhnlichen Lauf und niemandem durfte ein Vor¬
420 1377 1588 1443 Maske wieder hereinzulassen. Die Franzosen haben uns
1596 1425 2744 1477 wurf aus dem Geschehenen erwachsen. Wehe aber dem,
423 1416 1577 1471 wenigstens zumeist mit Geist und Witz entschädigt; aber
1592 1466 2746 1526 der eine Wiederholung der Nacht anstrebte! Darauf stand
424 1466 1583 1514 was ist davon in der „Komödie der Worte“ zu verspüren?
1584 1513 2749 1576 der Tod oder aber die betreffenden Schuldigen durften nie
424 1510 1578 1582 Witzeln ist noch nicht witzig sein und geistreich tun noch
421 1558 839 1629 nicht geistreich sein.
1586 1571 2751 1623 wieder zurückkehren und blieben für ihr weiteres Dasein
1584 1617 2749 1672 aufeinander angewiesen. Die allegorische Erzählung hat
485 1590 1579 1675 In der „Stunde des Erkennens“ (erster Einakter) jagt
1592 1655 2757 1724 ihre Wirkung getan: Dr. Wernig reist mit dem nächsten
429 1661 1591 1730 ein Arzt nach zweiundzwanzigjähriger Ehe und nach zehn¬
1587 1712 2666 1772 Zug ab und Frau Staufner bleibt bei ihrem Gatten:
416 1713 1584 1785 jährigem Schweigen seine Frau an dem Tage aus dem
429 1753 1588 1816 Hause, an welchem die Tochter als verheiratete Frau das
2092 1760 2257 1818 Felix.
1820 1777 2509 1879 (mit einem plötzlichen dumpfen Ausbruch):
430 1803 1583 1866 Elternhaus verlassen hat. Diese zu schonen hat er zehn
1652 1840 1948 1923 Ich hasse Dich.
424 1850 1580 1916 Jahre lang zu dem von ihm sogleich entdeckten Ehebruch
2080 1860 2262 1944 Agnes.
424 1901 1583 1961 seiner Frau geschwiegen. Wie wahrscheinlich das klingt
1664 1901 2738 1995 Und ich Dich noch tausendmal mehr —— (mit einem neuen Aus¬
427 1946 1589 2009 und wie edel das Vorgehen des Gatten ist, der, seinem
1604 1972 2241 2038 druck der Zärtlichkeit), mein Geliebter!
423 1997 1591 2057 eignen Geständnis zufolge, die Untreue der Frau gründ¬
2068 2008 2253 2086 Vorhang.
426 2037 1591 2109 lich vergolten und sich stets schadlos gehalten hat!
1601 2038 2023 2121 Gott, wie geistreich!
429 2085 1582 2154 Sein Verdacht fällt aber auf den Unrichtigen, nämlich auf
1659 2079 2747 2176 In allen drei Einaktern geht, wie man sieht, auf der
423 2138 1582 2193 den seiner Vorzüge wegen stets beneideten Jugendfreund,
1590 2146 2744 2214 Bühne blutwenig vor. Es wird nur immer geredet, geredet,
430 2193 1587 2244 den die Frau wirklich nur geliebt hat, während sie mit
1593 2197 2745 2265 Und zwar das platteste, alltäglichste Zeug. Aber nein;
431 2232 1588 2289 einem anderen sich verging. Sie läßt ihn bei seinem Irr¬
1601 2240 2746 2303 hie und da kommen Bemerkungen, die uns S.s Lobredner
433 2280 1587 2343 tum und geht aus dem Hause, wobei ihr Ziel ungewiß
1588 2295 2742 2358 als Ausflüsse seiner feinen Seelenkenntnis preisen werden.
423 2331 1580 2394 bleibt. — In der „Großen Szene“ soll ein allgemein be¬
1594 2343 2754 2398 Sieht man aber genauer zu, so erkennt man, daß dieser
430 2372 1590 2438 wunderter und umschwärmter Bühnenkünstler geschildert
1589 2393 2746 2455 angebliche psychologische Tiefsinn gewöhnlich aus Gemein¬
434 2427 1590 2474 werden, der, ein erwachsenes Kind, moralisch ganz haltlos
1602 2434 2764 2508 plätzen, Binsenwahrheiten besteht, wenn er nicht einfach
432 2471 1580 2524 durchs Leben geht und nur von seiner ihn liebenden Frau
1599 2486 2663 2560 Unsinn bedeutet; z. B. (in „Stunde des Erkennens"):
436 2523 1589 2577 stets wieder gestützt und auf den richtigen Weg geführt
2078 2538 2253 2601 Klara.
429 2563 1600 2640 wird. Jetzt hat er aber etwas gar zu Arges begangen.
1667 2553 2399 2654 Halten Sie Karl für einen guten Menschen?
435 2619 1592 2687 Er hat die Braut seines Freundes, die dieser nächster Tage
2081 2633 2264 2695 Ormin.
424 2666 1597 2733 heiraten soll, verführt, und als ihn der Bräutigam deshalb
1682 2653 2761 2736 Hm, Sie stellen mich da vor eine schwierige Frage. Gut — gut
430 2710 1589 2776 zur Rede stellt, spielt er eine schon früher abgekartete „große
1606 2713 2751 2770 wird er wohl sein. Das sind wir ja alle mehr oder weniger. Aber
1853 2756 2752 2805 .. Güte ist nämlich etwas sehr Hobes und Seltenes.
1600 2754 1721 2812 gütig
432 2757 1589 2823 Szene“ und beweist durch einen gefälschten Brief, daß
1601 2799 2749 2842 Aus Güte kann man sogar Verbrechen begehen, fündigen... Gute
428 2808 1591 2866 zwischen ihm und dem Mädchen nichts Ernstes vorgefallen
1603 2831 2582 2905 Menschen bringen es höchstens bis zu kleinen Gemeinheiten.
426 2858 1580 2915 sei. Diese schamlose Lüge und Verstellung ist seiner Frau,
1605 2877 2259 2956 Oder (in der „Großen Szene"):
424 2889 1604 2967 die die Szene belauscht hat, doch zuviel und sie, die wegen
2097 2931 2259 2993 Falk.
435 2952 1597 3001 dieses Verhältnisses den lockeren Vogel schon früher für
1675 2950 2745 3032 „... Es ging ein so angenehmer Waldduft von seinem ganzen
435 2993 1595 3043 einige Wochen im Stiche gelassen hatte, will jetzt ganz von
1607 3007 2749 3062 Wesen aus. So ganz unliterarische Menschen sind eine wahre Wohltat.
433 3043 1598 3095 ihm scheiden. Aber in diesem Augenblick kommt der Künstler
1607 3056 2761 3119 Ich trau ihm zu, daß er in seinem ganzen Leben kein Stück ge¬
1598 3083 1860 3155 schrieben hat.“
437 3085 1594 3154 im Hamletkostüm aus dem benachbarten Theater. Er soll
438 3143 1580 3192 heute Abend diese Rolle spielen und will nicht auftreten,
1600 3141 2751 3201 Derselbe spricht auch von einer „angehenden Schauspielerin,
435 3186 1586 3254 wenn seine Frau nicht in der Loge sitzt. Gleich darauf
1599 3194 2750 3255 die übrigens weder Sie noch mich, ja nicht einmal ihn
438 3232 1595 3300 folgt der bestürzte Direktor: das Haus ist ausverkauft und
1610 3243 2759 3301 im allergeringsten anzugehen scheint". Dahin gehören auch
431 3284 1588 3330 der Wagen einer prinzlichen Hoheit ist schon vorgefahren.
1601 3291 2761 3351 die Bemerkungen über die Theaterkunst, die bei einem Autor,
431 3331 1596 3394 Künstler und Direktor bringen die widerstrebende Gattin
1609 3337 2751 3397 der dem Theater so viel verdankt, besonders wundernehmen.
432 3373 1594 3442 fast mit Gewalt ins Theater; die Vorstellung ist gerettet
1667 3383 2761 3430 Wenn man sich die Zusammensetzung der Theaterbesucher
434 3428 1593 3489 und auch die Künstlerehe dürfte es, wenigstens auf eine
1600 3424 2760 3496 namentlich die offenbar nicht kriegstauglichen jugendlichen
438 3473 1603 3539 Zeit lang, wieder sein. — „Das Bacchusfest“ spielt in der
1607 3464 2765 3535 Scharen in den Stehplätzen der oberen Ränge genauer
438 3523 1592 3584 Bahnhofshalle einer „österreichischen Gebirgstadt“; im Stück
1612 3526 2754 3574 betrachtete, so konnte ein lärmender äußerer Erfolg der
439 3573 1587 3628 wird Salzburg als diese bezeichnet. Ein junger Chemiker,
1596 3574 2753 3615 Neuheit von vornherein nicht bezweifelt werden. In der
439 3619 1592 3671 Wernig, und die Frau des Schriftstellers Felix Staufner
1604 3615 2755 3681 Tat waren die Beifallskundgebungen, zumal nach dem possen¬
432 3669 1600 3718 erwarten letzteren, der, um ein Werk zu vollenden, mehrere
1611 3669 2753 3740 artigen Schlusse des zweiten Einakters, und als sich S. seinen
437 3704 1588 3781 Wochen in der Einsamkeit des Stubaitales zugebracht hatte.
1606 3715 2760 3765 treuen Anhängern persönlich zeigte, sehr laut. Nach dem
439 3752 1590 3819 Während seiner Abwesenheit war (natürlich) in der Sommer¬
1596 3761 2758 3807 ersten und dritten Einakter, die mit ihrem endlosen, leeren
440 3809 1600 3855 frische zwischen Dr. Wernig und der verlassenen Frau ein
1606 3805 2763 3868 Wortgeplätscher auf die Zuhörer eine geradezu lähmende
432 3848 1600 3922 Liebesverhältnis entstanden und sie wollen nun dem gehörnten
1600 3844 2757 3915 Wirkung übten und auch den geschickten Bühnentechniker
444 3904 1589 3961 Gatten erklären, daß er allein in das eheliche Heim zurück¬
1604 3906 2758 3964 nicht erkennen ließen, war selbst dieser Beifall recht schwach
445 3954 1596 4009 kehren müsse. Herr Staufner erkennt beim zuerst unbemerkten
1607 3952 2758 4013 geworden und die dem Verf. doch so nahestehende und
443 3995 1594 4041 Anblick der beiden sogleich, wie es um sie steht, läßt den
1599 3995 2759 4061 wohlwollende Wiener Presse rät schüchtern Kürzungen an.
434 4041 2759 4119 unbeholfenen Jüngling, den er mit ausgesuchter Höflichkeit] Und für dieses öde Machwerk waren die ersten Kräfte des
