3436 4320
2026 269 2542 364 box 32/6
219 298 1932 376 26.1. Kongedie der Norte zyklus
604 570 1363 715 Apoas Bensvenssonden
774 713 815 776 *
935 715 1438 816 LII
886 800 955 837 S
507 793 1379 893 ssc##r#s esurstnts Scronon-aussenmirrradae
514 850 1361 952 BERLIN SO 16, RUNGESTRASSE 22-24
398 937 1420 987 Bearbeitet die deutsche und ausländische Presse auch auf Inserat
402 966 1411 1045 Liefert Listen über geplante Bauten aller Arl. Geschäftseröffnunge
758 1020 1087 1069 Pestlichkeiten usw.
501 1102 1323 1239 Dresdner Anzeiger
808 1206 1020 1271 Dresden
667 1245 1162 1317 Ausschnitt aus der Rummer vom:
926 1354 1322 1500 MALER
1527 1503 2503 1580 Szene. Man würde sagen: das große Virtuosen¬
571 1458 1509 1620 Kunst und Wissenschaft
1536 1542 2490 1620 stück, — wäre es nicht gerade der Triumph des
1518 1562 2488 1657 Darstellers, wie er dieser Spiegelung eines Vir¬
1516 1624 2500 1698 tnosen in jedem Zuge abnorme Gültigkeit gibt
880 1625 1220 1710 Berliner
1519 1666 2497 1736 und die unerhörte Verlogenheit des Komödianten
1521 1703 2493 1776 als dessen innere Wahrheit aufdeckt. Hier, wo
595 1683 1494 1803 Ur und Erstaufführungen
1510 1736 2492 1813 Bassermann alle Mitspieler an die Wand wirft,
802 1755 1275 1842 Voy Hermann Kienzl
1521 1779 2493 1857 hatte er leidliche, in seiner (zu Berlin früher oft
558 1803 1506 1887 Bassermant und Wdissi, Schnitzler und Tolstoi — Hebbels
1522 1821 2479 1894 unterschätzten!) Gattin Else Bassermann
562 1825 1516 1919 Nibelungen und Bedelinds König Nicolo — d'Annunzio:
1525 1853 2486 1941 sogar eine feinabgestimmte schauspielerische
560 1876 1514 1948 Die tote Stadt — Wasantasena — Benedix und Beiserlein
1530 1896 2484 1971 Unterstützung, während im Bacchusfest, und be¬
601 1911 1514 1994 Nicdtemi: Der Reiherbusch — Möllgy: Die Fährt ins
1527 1932 2488 2007 sonders in dem auf den allgemeinen inneren
918 1950 1150 2003 Wunderland)
1506 1975 2484 2057 Rhythmus angewiesenen Drama Stunde des
602 1982 1508 2061 Noch stehen die Schauspielhälifex-unter Voll¬
1510 2013 2480 2092 Erkennens das Hans in der Schumannstraße
553 2001 1507 2097 dampf, als ginge es nicht dem Sommer zu.
1520 2052 2460 2125 matt bedient war. Julie Serda ist eine —
548 2051 1505 2136 Man hat den Winter lang das Entdellen
1511 2086 2475 2149 allzu! — wohlausgeglichene Schauspielerin, ihre
550 2098 1504 2174 neuer Sterne gern den Astronomen der
1514 2126 2475 2190 Affekte sterben, bevor sie lebten. So blieb der
536 2151 1507 2211 Frühgeburten gewidmet. Kein Löwenwurf er¬
1516 2161 2466 2242 Gewinn, den Bassermann mit der seit vielen
543 2183 1502 2259 schreckte freudig. In die Fehlrechnung war die
1506 2203 2471 2284 Jahren im Keller eingelagerien Schnitzlerschen
539 2211 1504 2287 Lärmtrommel junger Bünde eingestellt. Die
1512 2240 2464 2329 Kabinettauslese brachte, in der Hauptsache auf
540 2257 1495 2331 wird nicht für Wildgans (Kain) und Lauckner
1502 2271 1983 2348 Bassermann beschränkt.
539 2305 1509 2368 (Die Reise wider Gott) geschlagen; also — was
543 2338 1499 2408 sollen ihre Stücke! Man danke dem Theater¬
531 2384 1505 2442 fassierer, daß er bei der Abschätzung des Be¬
539 2413 1513 2467 währten die Ausgrabung des Lebenswerten nicht
531 2447 1511 2513 ganz untersagte. Auch den Prominenten (Gasten
528 2474 1519 2563 und Eingebürgerten) hierfür ein ergebenes
2059 2496 2801 2647 gpoas sessvennshndee
530 2521 1514 2612 Kompliment. Sie sind es nicht zuletzt, die jett
2790 2472 2944 2609 #
532 2553 1512 2637 regieren. Die Schauspieler sind nicht mehr für
521 2603 1327 2684 die Stücke da. Das hat sich umgekehrt!
1883 2611 2888 2727 A
2270 2697 2344 2757 Z
588 2679 1339 2765 „Wo sind sie, die vom Breitenstein..
1955 2715 2827 2809 onSaares esurachre #Toner-AusScnmtrrradae
529 2733 1509 2822 Gewankt! Gewichen! Zwei, die einst unser
517 2781 1511 2857 waren, kehrten zu Gastspielen auf den ehe¬
1970 2786 2825 2865 BERLIN SO 16, RUNGESTRASSE 22-24
525 2817 1517 2886 maligen Reinhardtbühnen heim. Man muß es
1861 2843 2887 2919 Bearbeitet die deutsche und ausländische Presse auch auf Inserate.
521 2849 1497 2944 fast begreifen, daß sie in diesen Räumen nicht
1867 2906 2889 2968 Liefert Listen über geplante Bauten aller Art. Geschäftseröffnungen.
520 2893 1513 2987 mehr dauernd wohnen wollen. Denn sie finden
2200 2942 2536 2991 Festlichkeiten usw.
511 2941 1489 2995 nicht mehr den alten Geist. Sind sie selbst un¬
517 2973 977 3032 verändert? Moissi
1016 2980 1488 3052 t durchaus Solist ge¬
521 3011 828 3066 worden, er
823 3018 1350 3081 herrscht bewußt mit
1342 3025 1508 3087 jedem
515 3053 1494 3137 Wort, mit jeder Pose über die Mitspieler.
1979 3035 2790 3145 Breslauer Zeitung
500 3088 1487 3167 Bassermann hat schon in würdigeren Zeiten
2283 3124 2472 3195 Breslau
502 3132 1491 3202 auf vielen Kunstfahrten die persönlichen
505 3161 1495 3245 Hemmungen des Ensembles abgeworfen, nicht
2127 3165 2614 3232 Ausschnitt aus der Nummer vom:
508 3206 1492 3295 mehr gedenkend der Zügel des Otto Brahe, des
2586 3213 2833 3303 MATSS
509 3249 1476 3321 Schöpfers der vielköpfigen und hochwertigen Ein¬
500 3284 1495 3357 heit. Aber Bassermann spielt aus dem Urtried,
499 3338 1492 3399 nicht als ein in sich selbst verliebter Narziß,
505 3361 899 3416 und trotz der
910 3368 1475 3433 Rücksichtslosigkeit seiner
502 3404 1490 3455 Temperamentsherrschaft und manchen Gewohn¬
2118 3372 2685 3479 Berliner Cheater
501 3435 1481 3507 heiten des reisenden. fürstlichen Mimen ist er im
1824 3449 3073 3550 Die Spielzett klingt ab. Albert Bassermann leuchtet in drei
494 3482 1484 3535 Wesen echt geblieben, der stärkste Gestalter unter
1753 3490 3073 3589 Einaktern vonSchnitzler „Komödie der Worte“ und entfesselt im
492 3517 1471 3586 den heute lebenden männlichen Schauspielern.
1766 3540 3064 3618 Mittelstück, derx Großen=Szene“ einen für die gedämpften Kammer¬
490 3558 1485 3629 Man genoß die Fülle seiner Persönlichkeit in den
1768 3576 3065 3671 spiele üngemöhnlich stürmischen Beifall. Das Herumreisen im Lande
489 3594 1471 3665 Kammerspielen, wo er in der Komödie der
1747 3625 3063 3719 hat ihm Gott sei Dank nichts geschadet, sein Temparament ist nicht
498 3642 1472 3712 Worte, den drei Einaktern Arthur Schnitzlers,
1753 3672 3062 3749 Routine geworden, er strebt, wie bisher, nach unmittelbarer Kunst. Er
495 3674 1484 3754 drei Glanzrollen gab, drei kaum einder ver¬
1759 3704 3064 3785 formt Gestalten in Menschen um, die er mit hundert Einzelzügen aus¬
497 3715 1470 3789 wandte Menschenkinder mit dem vielfältigen
1754 3741 3060 3828 stattet, ohne daß die große Charakterlinie verwischt wird. So wenig
491 3754 1475 3812 Reichtum seines Innern ausstattete. Das Kern¬
1751 3782 3053 3852 wandelbar seine Stimme ist, die man aus Tausenden herauserkennt, so
488 3781 1474 3873 stück ist der Schauspieler Herbot in der Großen
1754 3824 3115 3929 proteusartig ist er in seinen heterogensten Menschenschöpfungen. Schade
1742 3854 3057 3965 nur, daß er sich als Gast in abgespielten Werken zeigt. #022
