<?xml version="1.0" encoding="UTF-8" standalone="yes"?>
<PcGts xmlns="http://schema.primaresearch.org/PAGE/gts/pagecontent/2013-07-15" xmlns:xsi="http://www.w3.org/2001/XMLSchema-instance" xsi:schemaLocation="http://schema.primaresearch.org/PAGE/gts/pagecontent/2013-07-15 http://schema.primaresearch.org/PAGE/gts/pagecontent/2013-07-15/pagecontent.xsd">
    <Metadata>
        <Creator>prov=University of Rostock/Institute of Mathematics/CITlab/Gundram Leifert/gundram.leifert@uni-rostock.de:name=ONB_Newseye_GT_M1+(htr_id=10810)::::v=2.4.2
prov=University of Rostock/Institute of Mathematics/CITlab/Tobias Gruening/tobias.gruening@uni-rostock.de:name=de.uros.citlab.module.baseline2polygon.B2PSeamMultiOriented:v=2.4.2
prov=University of Rostock/Institute of Mathematics/CITlab/Tobias Gruening/tobias.gruening@uni-rostock.de:name=/mnt/transkribus/LA/DEA/URO/LA_news_onb_att.pb:de.uros.citlab.segmentation.CITlab_LA_ML:v=2.4.2
Transkribus</Creator>
        <Created>2019-10-07T11:10:21.051+02:00</Created>
        <LastChange>2019-10-07T23:13:37.036+02:00</LastChange>
        <TranskribusMetadata docId="223960" pageId="9494793" pageNr="340" tsid="16487051" status="IN_PROGRESS" userId="40391" imgUrl="https://files.transkribus.eu/Get?id=ACFBFLTAXVADJAFTJDODYOHZ&amp;fileType=view" xmlUrl="https://files.transkribus.eu/Get?id=PYUEUKZSHQZQAMAKZJGBLBTY" imageId="6185020"/>
    </Metadata>
    <Page imageFilename="223960_0340.jpeg" imageWidth="3392" imageHeight="4352">
        <ReadingOrder>
            <OrderedGroup id="ro_1711443341148" caption="Regions reading order">
                <RegionRefIndexed index="0" regionRef="r1"/>
            </OrderedGroup>
        </ReadingOrder>
        <TextRegion orientation="0.0" id="r1" custom="readingOrder {index:0;}">
            <Coords points="287,249 287,3828 2956,3828 2956,249"/>
            <TextLine id="r1l1" custom="readingOrder {index:0;}">
                <Coords points="2137,283 2593,291 2593,240 2523,212 2482,236 2402,210 2330,251 2292,228 2241,236 2198,207 2137,207"/>
                <Baseline points="2147,275 2172,274 2198,274 2223,274 2249,274 2275,274 2300,274 2326,274 2352,274 2377,275 2403,275 2429,275 2454,275 2480,275 2506,274 2531,273 2557,272 2583,271"/>
                <TextEquiv>
                    <Unicode>box 32/5</Unicode>
                </TextEquiv>
            </TextLine>
            <TextLine id="r1l2" custom="readingOrder {index:1;}">
                <Coords points="276,305 1995,304 1994,249 1837,219 1579,284 1430,229 276,256"/>
                <Baseline points="287,292 371,296 456,299 541,302 626,304 711,306 795,306 880,307 965,307 1050,306 1135,306 1219,305 1304,304 1389,303 1474,301 1559,300 1643,299 1728,298 1813,298 1898,297 1983,297"/>
                <TextEquiv>
                    <Unicode>26.1. Konbedie der vorteZykius</Unicode>
                </TextEquiv>
            </TextLine>
            <TextLine id="r1l3" custom="readingOrder {index:2;}">
                <Coords points="1837,772 1868,788 1925,773 1976,795 2035,777 2068,795 2140,790 2168,810 2221,793 2227,724 2196,714 2159,724 2104,702 2043,714 1998,688 1941,705 1882,680 1845,685"/>
                <Baseline points="1850,746 1875,750 1901,753 1927,756 1953,759 1978,762 2004,765 2030,767 2056,769 2082,771 2107,773 2133,775 2159,776 2185,777 2211,778"/>
                <TextEquiv>
                    <Unicode>70 5. 1918</Unicode>
                </TextEquiv>
            </TextLine>
            <TextLine id="r1l4" custom="readingOrder {index:3;}">
                <Coords points="442,823 885,792 1221,824 1263,792 1263,741 442,746"/>
                <Baseline points="453,794 495,793 537,793 579,792 621,791 663,791 705,790 747,789 789,789 831,789 873,789 915,789 957,789 999,789 1041,789 1083,790 1125,791 1167,792 1209,793 1252,795"/>
                <TextEquiv>
                    <Unicode>Oestert bische Veisszeitung</Unicode>
                </TextEquiv>
            </TextLine>
            <TextLine id="r1l5" custom="readingOrder {index:4;}">
                <Coords points="768,891 791,897 804,889 855,887 878,879 895,889 914,885 952,892 952,843 937,845 929,838 920,843 891,817 874,821 863,811 857,817 836,804 823,812 768,806"/>
                <Baseline points="779,864 806,865 833,864 860,864 887,863 914,864 941,868"/>
                <TextEquiv>
                    <Unicode>Wien.</Unicode>
                </TextEquiv>
            </TextLine>
            <TextLine id="r1l6" custom="readingOrder {index:5;}">
                <Coords points="2036,896 2337,892 2419,869 2570,891 2757,863 2756,829 2646,803 2559,827 2463,803 2374,838 2243,810 2150,835 2035,815"/>
                <Baseline points="2046,865 2082,867 2119,869 2156,870 2193,870 2229,870 2266,870 2303,869 2340,868 2377,867 2413,866 2450,865 2487,864 2524,863 2561,862 2597,862 2634,861 2671,862 2708,862 2745,864"/>
                <TextEquiv>
                    <Unicode>Wiener All, emeine Leitung</Unicode>
                </TextEquiv>
            </TextLine>
            <TextLine id="r1l7" custom="readingOrder {index:6;}">
                <Coords points="431,901 456,905 462,912 485,909 487,912 509,911 538,918 540,891 530,890 516,874 507,877 501,870 493,874 484,871 473,879 463,871 447,881 432,879"/>
                <Baseline points="442,903 470,902 499,906 528,909"/>
                <TextEquiv>
                    <Unicode>—</Unicode>
                </TextEquiv>
            </TextLine>
            <TextLine id="r1l8" custom="readingOrder {index:7;}">
                <Coords points="2288,925 2299,925 2331,951 2367,944 2388,952 2403,948 2420,959 2448,952 2464,939 2481,939 2481,903 2458,914 2418,899 2411,906 2407,901 2390,906 2354,887 2288,889"/>
                <Baseline points="2298,935 2326,937 2355,938 2384,938 2412,937 2441,936 2470,935"/>
                <TextEquiv>
                    <Unicode>Wien.</Unicode>
                </TextEquiv>
            </TextLine>
            <TextLine id="r1l9" custom="readingOrder {index:8;}">
                <Coords points="417,996 482,991 493,1003 533,987 570,1007 618,988 636,1001 781,1024 789,942 747,928 702,936 657,915 632,930 612,918 596,925 568,911 530,934 500,912 426,899"/>
                <Baseline points="430,969 456,971 482,973 509,976 535,979 562,982 588,984 615,988 641,990 668,993 694,994 721,996 747,996 774,996"/>
                <TextEquiv>
                    <Unicode>10. 5. 1978</Unicode>
                </TextEquiv>
            </TextLine>
            <TextLine id="r1l10" custom="readingOrder {index:9;}">
                <Coords points="1847,983 2878,1006 2950,987 2950,919 2814,965 2662,934 2329,951 2295,921 1847,934"/>
                <Baseline points="1857,982 1911,982 1965,982 2019,983 2073,983 2127,984 2181,984 2235,985 2289,985 2343,986 2398,986 2452,987 2506,987 2560,988 2614,988 2668,988 2722,989 2776,989 2830,989 2884,988 2939,988"/>
                <TextEquiv>
                    <Unicode>(Volksbühne.) Vor allem Wiederhören der „Ko¬</Unicode>
                </TextEquiv>
            </TextLine>
            <TextLine id="r1l11" custom="readingOrder {index:10;}">
                <Coords points="1143,1014 1166,1013 1170,1008 1179,1008 1192,1018 1206,1013 1223,1013 1221,937 1210,937 1200,944 1185,942 1170,951 1162,945 1140,944"/>
                <Baseline points="1153,1006 1183,1004 1213,1004"/>
                <TextEquiv>
                    <Unicode>—</Unicode>
                </TextEquiv>
            </TextLine>
            <TextLine id="r1l12" custom="readingOrder {index:11;}">
                <Coords points="1715,1049 2716,1071 2954,1039 2954,982 1716,985"/>
                <Baseline points="1725,1034 1785,1033 1846,1032 1907,1032 1968,1032 2029,1032 2090,1032 2151,1033 2212,1034 2273,1034 2334,1035 2394,1036 2455,1037 2516,1038 2577,1039 2638,1040 2699,1040 2760,1041 2821,1041 2882,1041 2943,1040"/>
                <TextEquiv>
                    <Unicode>mödie der Worte“ von Artur Schnitzler, jener</Unicode>
                </TextEquiv>
            </TextLine>
            <TextLine id="r1l13" custom="readingOrder {index:12;}">
                <Coords points="461,1064 1401,1040 1400,980 1328,975 1084,1013 976,976 877,1018 810,996 779,1026 461,1001"/>
                <Baseline points="471,1051 517,1052 563,1052 609,1052 655,1052 701,1052 747,1051 793,1051 839,1050 885,1049 931,1048 977,1047 1023,1046 1069,1045 1115,1044 1161,1043 1207,1043 1253,1042 1299,1041 1345,1041 1391,1041"/>
                <TextEquiv>
                    <Unicode>Volksbühne. Albert Bassermann scheint</Unicode>
                </TextEquiv>
            </TextLine>
            <TextLine id="r1l14" custom="readingOrder {index:13;}">
                <Coords points="1715,1077 2960,1108 2961,1058 1715,1050"/>
                <Baseline points="1725,1080 1786,1081 1847,1082 1908,1083 1970,1083 2031,1084 2092,1084 2153,1085 2215,1085 2276,1085 2337,1086 2398,1086 2460,1086 2521,1086 2582,1086 2643,1086 2705,1086 2766,1086 2827,1087 2888,1087 2950,1087"/>
                <TextEquiv>
                    <Unicode>drei Einakter, die den gemeinsamen Schirmkitel wayrhäftig</Unicode>
                </TextEquiv>
            </TextLine>
            <TextLine id="r1l15" custom="readingOrder {index:14;}">
                <Coords points="373,1125 793,1090 1385,1101 1401,1052 544,1067 444,1041 372,1080"/>
                <Baseline points="383,1097 433,1097 483,1098 534,1098 584,1098 635,1098 685,1098 735,1097 786,1096 836,1096 887,1095 937,1094 987,1093 1038,1093 1088,1092 1139,1091 1189,1090 1239,1090 1290,1089 1340,1089 1391,1089"/>
                <TextEquiv>
                    <Unicode>„bei seinem jüngsten Gastspiel den höchsten Ehrgeiz</Unicode>
                </TextEquiv>
            </TextLine>
            <TextLine id="r1l16" custom="readingOrder {index:15;}">
                <Coords points="1717,1124 2954,1155 2954,1108 2888,1091 1718,1095"/>
                <Baseline points="1729,1128 1789,1129 1850,1131 1911,1132 1971,1133 2032,1133 2093,1134 2153,1134 2214,1135 2275,1135 2336,1135 2396,1135 2457,1135 2518,1135 2578,1135 2639,1134 2700,1134 2760,1134 2821,1133 2882,1133 2943,1132"/>
                <TextEquiv>
                    <Unicode>verdienen. In ihnen, durch sie eröffnet sich ein kultivierter</Unicode>
                </TextEquiv>
            </TextLine>
            <TextLine id="r1l17" custom="readingOrder {index:16;}">
                <Coords points="384,1141 1178,1155 1350,1145 1396,1132 1396,1100 821,1113 793,1090 384,1122"/>
                <Baseline points="395,1142 444,1142 494,1142 543,1142 593,1142 642,1142 692,1142 741,1141 791,1141 840,1140 890,1140 939,1139 989,1138 1038,1138 1088,1137 1137,1136 1187,1135 1236,1134 1286,1133 1335,1132 1385,1131"/>
                <TextEquiv>
                    <Unicode>darein gesetzt zu haben, vor dem Publikum das ganze</Unicode>
                </TextEquiv>
            </TextLine>
            <TextLine id="r1l18" custom="readingOrder {index:17;}">
                <Coords points="404,1185 1401,1179 1400,1152 1267,1132 403,1151"/>
                <Baseline points="414,1184 462,1184 511,1184 560,1184 609,1184 657,1184 706,1184 755,1184 804,1184 852,1184 901,1183 950,1183 999,1183 1047,1182 1096,1182 1145,1181 1194,1180 1242,1179 1291,1178 1340,1177 1389,1175"/>
                <TextEquiv>
                    <Unicode>Wunder seiner Wandlungsfähigkeit zu entfalten.</Unicode>
                </TextEquiv>
            </TextLine>
            <TextLine id="r1l19" custom="readingOrder {index:18;}">
                <Coords points="1716,1186 2306,1179 2355,1211 2764,1173 2942,1205 2962,1144 1716,1140"/>
                <Baseline points="1727,1179 1788,1180 1849,1180 1910,1181 1971,1182 2033,1182 2094,1182 2155,1183 2216,1183 2277,1183 2339,1183 2400,1183 2461,1183 2522,1183 2583,1183 2645,1182 2706,1182 2767,1182 2828,1182 2889,1182 2951,1183"/>
                <TextEquiv>
                    <Unicode>Geist, der, erdfern sitzend, das Leben nur mehr wie ein</Unicode>
                </TextEquiv>
            </TextLine>
            <TextLine id="r1l20" custom="readingOrder {index:19;}">
                <Coords points="396,1239 1228,1242 1370,1227 1401,1182 395,1179"/>
                <Baseline points="406,1229 455,1229 504,1228 553,1228 603,1227 652,1227 701,1227 750,1227 800,1226 849,1226 898,1226 947,1225 997,1225 1046,1224 1095,1224 1144,1223 1194,1222 1243,1220 1292,1219 1341,1217 1391,1215"/>
                <TextEquiv>
                    <Unicode>eden Abend einen ganz Anderen, ja an einem und</Unicode>
                </TextEquiv>
            </TextLine>
            <TextLine id="r1l21" custom="readingOrder {index:20;}">
                <Coords points="1715,1234 2953,1257 2954,1182 1715,1185"/>
                <Baseline points="1725,1225 1785,1226 1846,1226 1907,1227 1968,1227 2029,1228 2090,1228 2151,1229 2212,1229 2273,1230 2334,1230 2394,1230 2455,1230 2516,1231 2577,1231 2638,1231 2699,1231 2760,1231 2821,1231 2882,1230 2943,1230"/>
                <TextEquiv>
                    <Unicode>behutsames Gleichnis schätzt. Und wieder die thematische</Unicode>
                </TextEquiv>
            </TextLine>
            <TextLine id="r1l22" custom="readingOrder {index:21;}">
                <Coords points="392,1278 1185,1283 1408,1255 1388,1215 392,1247"/>
                <Baseline points="402,1273 451,1273 501,1272 551,1272 601,1272 650,1272 700,1271 750,1271 800,1270 849,1270 899,1269 949,1269 999,1268 1048,1267 1098,1266 1148,1266 1198,1265 1247,1263 1297,1262 1347,1261 1397,1259"/>
                <TextEquiv>
                    <Unicode>demselben sogar mehrere Andere aus sich zu schaffen</Unicode>
                </TextEquiv>
            </TextLine>
            <TextLine id="r1l23" custom="readingOrder {index:22;}">
                <Coords points="1723,1297 2629,1272 2944,1307 2960,1254 1723,1238"/>
                <Baseline points="1734,1281 1794,1279 1855,1278 1916,1277 1976,1276 2037,1276 2098,1276 2158,1276 2219,1277 2280,1277 2341,1278 2401,1278 2462,1279 2523,1280 2583,1280 2644,1280 2705,1281 2765,1281 2826,1280 2887,1280 2948,1279"/>
                <TextEquiv>
                    <Unicode>Inzucht, Gestaltung des Stoffes, den der Dichter, schier</Unicode>
                </TextEquiv>
            </TextLine>
            <TextLine id="r1l24" custom="readingOrder {index:23;}">
                <Coords points="391,1319 1405,1311 1392,1256 1184,1285 391,1279"/>
                <Baseline points="403,1323 452,1321 502,1320 551,1319 601,1318 651,1317 700,1316 750,1315 799,1314 849,1314 899,1313 948,1313 998,1312 1047,1311 1097,1311 1147,1310 1196,1309 1246,1308 1295,1306 1345,1305 1395,1303"/>
                <TextEquiv>
                    <Unicode>#ind im Rampenlicht wirken zu lassen. Er selbst aber</Unicode>
                </TextEquiv>
            </TextLine>
            <TextLine id="r1l25" custom="readingOrder {index:24;}">
                <Coords points="1715,1317 2956,1332 2908,1281 1715,1285"/>
                <Baseline points="1725,1325 1786,1325 1847,1325 1908,1325 1969,1325 2030,1325 2091,1325 2152,1325 2213,1325 2274,1325 2335,1325 2396,1325 2457,1325 2518,1326 2579,1326 2640,1326 2701,1326 2762,1327 2823,1327 2884,1328 2945,1328"/>
                <TextEquiv>
                    <Unicode>unterm Druck umpiderstehlichen Zwanges handelnd, dreht,</Unicode>
                </TextEquiv>
            </TextLine>
            <TextLine id="r1l26" custom="readingOrder {index:25;}">
                <Coords points="400,1372 1259,1367 1382,1353 1411,1318 399,1321"/>
                <Baseline points="410,1366 459,1364 509,1363 558,1362 608,1361 657,1360 707,1360 756,1359 806,1358 855,1358 905,1357 954,1357 1004,1356 1053,1355 1103,1354 1152,1353 1202,1352 1251,1350 1301,1349 1350,1347 1400,1345"/>
                <TextEquiv>
                    <Unicode>stheint dabei im Hintergrund zu stehen und zu be¬</Unicode>
                </TextEquiv>
            </TextLine>
            <TextLine id="r1l27" custom="readingOrder {index:26;}">
                <Coords points="1717,1366 2958,1375 2958,1335 2812,1326 1717,1332"/>
                <Baseline points="1728,1373 1789,1372 1850,1371 1911,1371 1972,1371 2033,1371 2094,1371 2155,1371 2216,1371 2277,1372 2338,1372 2399,1373 2460,1373 2521,1374 2582,1374 2643,1374 2704,1374 2765,1374 2826,1373 2887,1372 2948,1372"/>
                <TextEquiv>
                    <Unicode>wendet, abschattiekt; dreimal der Herzpunkt, die Urzelle</Unicode>
                </TextEquiv>
            </TextLine>
            <TextLine id="r1l28" custom="readingOrder {index:27;}">
                <Coords points="395,1415 1348,1410 1407,1383 1406,1343 394,1373"/>
                <Baseline points="406,1409 455,1409 505,1408 554,1408 604,1407 653,1406 703,1405 752,1404 802,1403 851,1402 901,1400 950,1399 1000,1398 1049,1396 1099,1395 1148,1394 1198,1393 1247,1392 1297,1392 1346,1391 1396,1391"/>
                <TextEquiv>
                    <Unicode>obachten, wie es diese seine Geschöpfe treiben und wie</Unicode>
                </TextEquiv>
            </TextLine>
            <TextLine id="r1l29" custom="readingOrder {index:28;}">
                <Coords points="1722,1443 2917,1440 2953,1379 1722,1384"/>
                <Baseline points="1733,1422 1793,1421 1853,1421 1914,1420 1974,1420 2035,1420 2095,1420 2156,1421 2216,1421 2277,1421 2337,1421 2397,1421 2458,1422 2518,1422 2579,1422 2639,1422 2700,1422 2760,1422 2821,1422 2881,1422 2942,1421"/>
                <TextEquiv>
                    <Unicode>jener Komödien, die ansonsten drei Akte oder noch breiter</Unicode>
                </TextEquiv>
            </TextLine>
            <TextLine id="r1l30" custom="readingOrder {index:29;}">
                <Coords points="400,1459 1381,1455 1410,1410 400,1415"/>
                <Baseline points="410,1454 459,1452 508,1451 558,1449 607,1448 657,1447 706,1447 756,1446 805,1445 855,1444 904,1443 953,1443 1003,1442 1052,1441 1102,1440 1151,1440 1201,1439 1250,1438 1300,1437 1349,1436 1399,1435"/>
                <TextEquiv>
                    <Unicode>sie den Menschen gefallen. Als ob es fremde Gestalten</Unicode>
                </TextEquiv>
            </TextLine>
            <TextLine id="r1l31" custom="readingOrder {index:30;}">
                <Coords points="1723,1466 2964,1484 2964,1440 2858,1427 1723,1426"/>
                <Baseline points="1733,1467 1794,1468 1855,1469 1916,1469 1977,1470 2038,1470 2099,1470 2160,1470 2221,1470 2282,1470 2343,1470 2404,1470 2465,1470 2526,1470 2587,1470 2648,1470 2709,1471 2770,1471 2831,1472 2892,1472 2954,1473"/>
                <TextEquiv>
                    <Unicode>ausfließen dürfen, während sie hier einaktig geboten werden.</Unicode>
                </TextEquiv>
            </TextLine>
            <TextLine id="r1l32" custom="readingOrder {index:31;}">
                <Coords points="404,1498 1386,1501 1411,1460 403,1457"/>
                <Baseline points="414,1498 463,1496 512,1495 561,1494 611,1492 660,1491 709,1491 759,1490 808,1489 857,1488 907,1488 956,1487 1005,1486 1054,1486 1104,1485 1153,1484 1202,1484 1252,1483 1301,1482 1350,1481 1400,1480"/>
                <TextEquiv>
                    <Unicode>wären, die nicht Teil haben an seiner Seele! In der</Unicode>
                </TextEquiv>
            </TextLine>
            <TextLine id="r1l33" custom="readingOrder {index:32;}">
                <Coords points="1724,1513 2901,1535 2950,1505 2874,1473 1724,1465"/>
                <Baseline points="1735,1514 1795,1515 1855,1516 1915,1517 1975,1518 2036,1519 2096,1519 2156,1519 2216,1519 2276,1519 2337,1519 2397,1519 2457,1519 2517,1518 2577,1518 2638,1518 2698,1518 2758,1518 2818,1518 2878,1519 2939,1519"/>
                <TextEquiv>
                    <Unicode>Ein Irrtum wäre es jedoch, an Extrakte, an Verdich¬</Unicode>
                </TextEquiv>
            </TextLine>
            <TextLine id="r1l34" custom="readingOrder {index:33;}">
                <Coords points="400,1540 1364,1542 1416,1530 1416,1502 400,1508"/>
                <Baseline points="410,1541 459,1539 509,1539 559,1538 609,1537 659,1537 708,1536 758,1536 808,1535 858,1535 908,1534 957,1534 1007,1533 1057,1532 1107,1531 1157,1530 1206,1529 1256,1527 1306,1525 1356,1524 1406,1522"/>
                <TextEquiv>
                    <Unicode>Tat: Sie sind nur von seinem Geiste, von seinem</Unicode>
                </TextEquiv>
            </TextLine>
            <TextLine id="r1l35" custom="readingOrder {index:34;}">
                <Coords points="1715,1561 2960,1568 2939,1523 1715,1525"/>
                <Baseline points="1725,1563 1786,1564 1847,1565 1908,1566 1969,1566 2031,1566 2092,1566 2153,1566 2214,1566 2275,1566 2337,1566 2398,1566 2459,1566 2520,1566 2581,1566 2643,1567 2704,1567 2765,1568 2826,1569 2887,1570 2949,1571"/>
                <TextEquiv>
                    <Unicode>tungen zu glauben. Das Gegenteil findet sich vor; ein im</Unicode>
                </TextEquiv>
            </TextLine>
            <TextLine id="r1l36" custom="readingOrder {index:35;}">
                <Coords points="403,1585 1405,1581 1404,1528 403,1549"/>
                <Baseline points="414,1586 463,1585 512,1584 561,1583 610,1582 659,1581 708,1580 757,1579 806,1579 855,1578 904,1578 953,1577 1002,1576 1051,1576 1100,1575 1149,1574 1198,1573 1247,1572 1296,1571 1345,1570 1394,1568"/>
                <TextEquiv>
                    <Unicode>Witze, von seiner unerschöpflichen, bildnerischen Er¬</Unicode>
                </TextEquiv>
            </TextLine>
            <TextLine id="r1l37" custom="readingOrder {index:36;}">
                <Coords points="1726,1607 2958,1635 2958,1569 1726,1571"/>
                <Baseline points="1736,1614 1796,1614 1857,1614 1917,1615 1978,1615 2039,1615 2099,1615 2160,1615 2220,1615 2281,1615 2342,1615 2402,1615 2463,1615 2523,1615 2584,1615 2645,1616 2705,1616 2766,1616 2826,1616 2887,1617 2948,1617"/>
                <TextEquiv>
                    <Unicode>Umriß kleineres, aber auch ein blässeres Bild. Allesamt</Unicode>
                </TextEquiv>
            </TextLine>
            <TextLine id="r1l38" custom="readingOrder {index:37;}">
                <Coords points="402,1630 1406,1631 1405,1580 1303,1567 402,1587"/>
                <Baseline points="412,1630 461,1629 510,1629 559,1628 608,1627 657,1626 706,1625 755,1624 804,1623 853,1622 903,1621 952,1620 1001,1620 1050,1619 1099,1618 1148,1618 1197,1617 1246,1617 1295,1617 1344,1617 1394,1617"/>
                <TextEquiv>
                    <Unicode>findungsgabe, aber nicht von seiner Seele, von seinem</Unicode>
                </TextEquiv>
            </TextLine>
            <TextLine id="r1l39" custom="readingOrder {index:38;}">
                <Coords points="1718,1664 2411,1689 2749,1652 2814,1686 2965,1650 2938,1614 1718,1619"/>
                <Baseline points="1729,1662 1790,1661 1851,1661 1912,1661 1974,1661 2035,1661 2096,1662 2158,1662 2219,1662 2280,1663 2342,1663 2403,1663 2464,1664 2525,1664 2587,1664 2648,1664 2709,1664 2771,1664 2832,1664 2893,1663 2955,1663"/>
                <TextEquiv>
                    <Unicode>Musterbeispiele erlesenster, süblimster Unnatur, Schemen</Unicode>
                </TextEquiv>
            </TextLine>
            <TextLine id="r1l40" custom="readingOrder {index:39;}">
                <Coords points="407,1674 1372,1671 1414,1640 406,1631"/>
                <Baseline points="418,1672 467,1672 516,1672 565,1672 615,1671 664,1670 713,1669 763,1668 812,1667 861,1665 911,1664 960,1663 1009,1662 1058,1661 1108,1660 1157,1659 1206,1659 1256,1659 1305,1660 1354,1661 1404,1662"/>
                <TextEquiv>
                    <Unicode>Blute. Sie sind Kinder eines blendenden Verstandes,</Unicode>
                </TextEquiv>
            </TextLine>
            <TextLine id="r1l41" custom="readingOrder {index:40;}">
                <Coords points="402,1718 1389,1715 1403,1661 401,1675"/>
                <Baseline points="412,1717 461,1716 510,1715 559,1714 608,1714 657,1713 706,1712 755,1711 804,1710 853,1709 902,1708 951,1708 1000,1707 1049,1706 1098,1705 1147,1704 1196,1703 1245,1702 1294,1701 1343,1700 1393,1699"/>
                <TextEquiv>
                    <Unicode>der mit der Genialität jenes echten Komödianten¬</Unicode>
                </TextEquiv>
            </TextLine>
            <TextLine id="r1l42" custom="readingOrder {index:41;}">
                <Coords points="1728,1728 2820,1726 2926,1720 2950,1660 1728,1679"/>
                <Baseline points="1739,1710 1799,1710 1859,1710 1919,1711 1979,1711 2039,1711 2099,1711 2159,1711 2219,1711 2279,1711 2339,1711 2399,1711 2459,1711 2519,1711 2579,1711 2639,1711 2699,1711 2759,1711 2819,1711 2879,1711 2940,1711"/>
                <TextEquiv>
                    <Unicode>einer Gedankenwelt im wahrsten Sinne des Wortes, das</Unicode>
                </TextEquiv>
            </TextLine>
            <TextLine id="r1l43" custom="readingOrder {index:42;}">
                <Coords points="399,1774 1366,1758 1410,1708 398,1730"/>
                <Baseline points="410,1762 459,1761 508,1760 558,1760 607,1759 657,1758 706,1757 756,1756 805,1755 855,1754 904,1753 953,1752 1003,1752 1052,1751 1102,1750 1151,1749 1201,1747 1250,1746 1300,1745 1349,1744 1399,1742"/>
                <TextEquiv>
                    <Unicode>geistes sich vermählt hat, welche lieber durch Kälte</Unicode>
                </TextEquiv>
            </TextLine>
            <TextLine id="r1l44" custom="readingOrder {index:43;}">
                <Coords points="1721,1760 2803,1781 2949,1756 2949,1709 1721,1728"/>
                <Baseline points="1731,1757 1791,1758 1851,1758 1912,1758 1972,1758 2033,1759 2093,1759 2153,1759 2214,1760 2274,1760 2335,1760 2395,1760 2455,1760 2516,1761 2576,1761 2637,1761 2697,1761 2757,1761 2818,1761 2878,1761 2939,1761"/>
                <TextEquiv>
                    <Unicode>allein diese Komödie belebt, die dreimal auf einem ihr ent¬</Unicode>
                </TextEquiv>
            </TextLine>
            <TextLine id="r1l45" custom="readingOrder {index:44;}">
                <Coords points="408,1810 1333,1792 1412,1821 1390,1740 408,1778"/>
                <Baseline points="418,1807 467,1806 516,1804 565,1803 614,1802 663,1800 712,1799 762,1799 811,1798 860,1797 909,1796 958,1796 1007,1795 1056,1795 1106,1794 1155,1794 1204,1793 1253,1793 1302,1793 1351,1792 1401,1792"/>
                <TextEquiv>
                    <Unicode>siegt als durch hinreißende Wärme: Weil der Sieg</Unicode>
                </TextEquiv>
            </TextLine>
            <TextLine id="r1l46" custom="readingOrder {index:45;}">
                <Coords points="1723,1817 2746,1836 2962,1811 2962,1753 1723,1774"/>
                <Baseline points="1734,1810 1794,1808 1855,1807 1916,1807 1977,1806 2038,1806 2099,1806 2159,1806 2220,1806 2281,1806 2342,1806 2403,1807 2464,1807 2525,1807 2585,1808 2646,1808 2707,1809 2768,1809 2829,1809 2890,1809 2951,1809"/>
                <TextEquiv>
                    <Unicode>gegenarbeitenden trottoir roulant zu laufen scheint. Daher</Unicode>
                </TextEquiv>
            </TextLine>
            <TextLine id="r1l47" custom="readingOrder {index:46;}">
                <Coords points="412,1850 1414,1846 1413,1816 1343,1794 412,1818"/>
                <Baseline points="424,1850 475,1849 527,1849 578,1848 630,1847 681,1846 733,1845 784,1844 836,1843 887,1842 939,1842 990,1841 1042,1840 1093,1839 1145,1838 1196,1837 1248,1837 1299,1836 1351,1835 1403,1834"/>
                <TextEquiv>
                    <Unicode>solcherart schwieriger ist, weil die wahre Komödie</Unicode>
                </TextEquiv>
            </TextLine>
            <TextLine id="r1l48" custom="readingOrder {index:47;}">
                <Coords points="1730,1864 2922,1875 2960,1811 1730,1826"/>
                <Baseline points="1740,1862 1800,1860 1861,1859 1921,1858 1982,1857 2042,1856 2103,1856 2163,1856 2224,1856 2284,1856 2345,1856 2405,1856 2466,1856 2526,1857 2587,1857 2647,1857 2708,1857 2768,1857 2829,1857 2889,1857 2950,1857"/>
                <TextEquiv>
                    <Unicode>gelangt sie nach einer Stunde erst ans Ziel, das, auf nor¬</Unicode>
                </TextEquiv>
            </TextLine>
            <TextLine id="r1l49" custom="readingOrder {index:48;}">
                <Coords points="411,1896 1001,1905 1087,1873 1135,1900 1406,1895 1390,1838 410,1851"/>
                <Baseline points="422,1894 470,1894 519,1893 568,1892 616,1891 665,1890 714,1889 762,1888 811,1887 860,1887 909,1886 957,1884 1006,1884 1055,1883 1103,1882 1152,1881 1201,1880 1249,1880 1298,1879 1347,1879 1396,1878"/>
                <TextEquiv>
                    <Unicode>das wahre Gefühl geringschätzend belächelt, weil</Unicode>
                </TextEquiv>
            </TextLine>
            <TextLine id="r1l50" custom="readingOrder {index:49;}">
                <Coords points="1726,1927 2787,1924 2929,1905 2952,1860 1726,1870"/>
                <Baseline points="1736,1904 1796,1905 1856,1905 1916,1906 1977,1906 2037,1907 2097,1907 2158,1907 2218,1907 2278,1907 2339,1906 2399,1906 2459,1906 2519,1906 2580,1905 2640,1905 2700,1905 2761,1905 2821,1905 2881,1905 2942,1905"/>
                <TextEquiv>
                    <Unicode>malem Weg, unter alltäglichen Bedingungen, in zehn Mi¬</Unicode>
                </TextEquiv>
            </TextLine>
            <TextLine id="r1l51" custom="readingOrder {index:50;}">
                <Coords points="402,1924 541,1950 1404,1924 1382,1889 1284,1879 1225,1906 1083,1878 1011,1909 402,1897"/>
                <Baseline points="414,1936 465,1936 517,1935 568,1934 620,1933 671,1933 723,1932 774,1932 826,1931 877,1931 929,1930 980,1930 1032,1929 1083,1928 1135,1927 1186,1926 1238,1925 1289,1923 1341,1921 1393,1919"/>
                <TextEquiv>
                    <Unicode>der Virtuose um so höher steht, je weniger</Unicode>
                </TextEquiv>
            </TextLine>
            <TextLine id="r1l52" custom="readingOrder {index:51;}">
                <Coords points="2755,1960 2796,1959 2802,1952 2834,1970 2863,1963 2884,1970 2914,1966 2963,1982 2965,1893 2922,1901 2901,1919 2844,1907 2810,1910 2784,1927 2756,1919"/>
                <Baseline points="2766,1947 2792,1949 2819,1950 2845,1951 2872,1951 2898,1952 2925,1952 2952,1953"/>
                <TextEquiv>
                    <Unicode> Albert</Unicode>
                </TextEquiv>
            </TextLine>
            <TextLine id="r1l53" custom="readingOrder {index:52;}">
                <Coords points="1727,1955 2104,1977 2730,1951 2673,1907 2569,1936 2499,1908 1727,1917"/>
                <Baseline points="1737,1951 1786,1952 1835,1952 1884,1953 1933,1953 1982,1953 2031,1953 2081,1953 2130,1954 2179,1954 2228,1954 2277,1954 2326,1954 2375,1954 2425,1954 2474,1954 2523,1954 2572,1954 2621,1954 2670,1954 2720,1954"/>
                <TextEquiv>
                    <Unicode>nuten bequem zu erreichen gewesen wäre.</Unicode>
                </TextEquiv>
            </TextLine>
            <TextLine id="r1l54" custom="readingOrder {index:53;}">
                <Coords points="401,1996 1417,1970 1403,1922 400,1937"/>
                <Baseline points="411,1983 460,1982 510,1981 560,1980 610,1979 660,1978 709,1977 759,1976 809,1976 859,1975 909,1974 958,1974 1008,1973 1058,1972 1108,1971 1158,1970 1207,1969 1257,1969 1307,1967 1357,1966 1407,1965"/>
                <TextEquiv>
                    <Unicode>er von sich selbst hergibt. Zu solcher Betrachtung über.</Unicode>
                </TextEquiv>
            </TextLine>
            <TextLine id="r1l55" custom="readingOrder {index:54;}">
                <Coords points="1721,1989 1853,2023 2954,1999 2954,1963 2725,1946 2551,1976 1721,1961"/>
                <Baseline points="1732,2001 1792,2001 1853,2002 1913,2002 1974,2002 2035,2002 2095,2002 2156,2002 2216,2003 2277,2003 2338,2003 2398,2002 2459,2002 2519,2002 2580,2002 2641,2002 2701,2002 2762,2001 2822,2001 2883,2001 2944,2000"/>
                <TextEquiv>
                    <Unicode>Bassermann hält die drei Rollen, die ihm hier ge¬</Unicode>
                </TextEquiv>
            </TextLine>
            <TextLine id="r1l56" custom="readingOrder {index:55;}">
                <Coords points="404,2029 1282,2032 1422,2006 1364,1969 403,1993"/>
                <Baseline points="414,2028 463,2027 513,2025 563,2024 613,2023 663,2022 713,2021 762,2021 812,2020 862,2020 912,2019 962,2019 1012,2018 1062,2018 1111,2017 1161,2016 1211,2016 1261,2015 1311,2014 1361,2013 1411,2011"/>
                <TextEquiv>
                    <Unicode>das Wesen Bassermanns, der gegenwärtig wohl als</Unicode>
                </TextEquiv>
            </TextLine>
            <TextLine id="r1l57" custom="readingOrder {index:56;}">
                <Coords points="1729,2067 2928,2065 2953,1999 1729,2014"/>
                <Baseline points="1739,2049 1799,2050 1859,2052 1919,2053 1979,2054 2039,2054 2099,2054 2160,2054 2220,2054 2280,2053 2340,2052 2400,2052 2460,2051 2520,2051 2581,2050 2641,2049 2701,2049 2761,2049 2821,2049 2881,2050 2942,2051"/>
                <TextEquiv>
                    <Unicode>boten werden, ganz wunderbar kontrastiert auseinander;</Unicode>
                </TextEquiv>
            </TextLine>
            <TextLine id="r1l58" custom="readingOrder {index:57;}">
                <Coords points="407,2064 552,2089 1411,2058 1327,2013 407,2030"/>
                <Baseline points="417,2071 466,2071 515,2070 564,2070 613,2069 662,2068 711,2067 761,2066 810,2065 859,2064 908,2063 957,2062 1006,2061 1055,2060 1105,2059 1154,2058 1203,2058 1252,2058 1301,2058 1350,2058 1400,2058"/>
                <TextEquiv>
                    <Unicode>der erste Künstler der deutschen Bühne verehrt wird,</Unicode>
                </TextEquiv>
            </TextLine>
            <TextLine id="r1l59" custom="readingOrder {index:58;}">
                <Coords points="1726,2094 2961,2100 2961,2059 2893,2055 1726,2051"/>
                <Baseline points="1737,2096 1797,2098 1858,2099 1919,2099 1979,2100 2040,2100 2101,2100 2161,2100 2222,2100 2283,2100 2344,2100 2404,2100 2465,2100 2526,2099 2586,2099 2647,2099 2708,2099 2768,2100 2829,2100 2890,2101 2951,2102"/>
                <TextEquiv>
                    <Unicode>was natürlich nicht das Wichtigste ist. Vorerst kommt in</Unicode>
                </TextEquiv>
            </TextLine>
            <TextLine id="r1l60" custom="readingOrder {index:59;}">
                <Coords points="406,2116 1386,2112 1409,2061 406,2086"/>
                <Baseline points="416,2116 465,2114 514,2113 563,2112 612,2111 661,2110 710,2109 760,2108 809,2107 858,2107 907,2106 956,2106 1005,2105 1054,2104 1104,2104 1153,2103 1202,2103 1251,2102 1300,2102 1349,2101 1399,2100"/>
                <TextEquiv>
                    <Unicode>regen ganz besonders die Figuren des Arztes, des</Unicode>
                </TextEquiv>
            </TextLine>
            <TextLine id="r1l61" custom="readingOrder {index:60;}">
                <Coords points="1723,2157 2725,2143 2960,2175 2945,2097 1723,2093"/>
                <Baseline points="1734,2147 1794,2148 1855,2148 1916,2148 1977,2148 2038,2149 2098,2149 2159,2149 2220,2149 2281,2149 2342,2149 2402,2149 2463,2149 2524,2149 2585,2148 2646,2148 2706,2148 2767,2148 2828,2148 2889,2147 2950,2147"/>
                <TextEquiv>
                    <Unicode>Betracht, daß seine vorbildliche Intelligenz auf den ange¬</Unicode>
                </TextEquiv>
            </TextLine>
            <TextLine id="r1l62" custom="readingOrder {index:61;}">
                <Coords points="411,2162 1419,2169 1418,2126 1320,2100 410,2116"/>
                <Baseline points="421,2158 470,2158 519,2157 568,2157 618,2156 667,2155 716,2154 766,2154 815,2153 864,2152 914,2151 963,2150 1012,2150 1061,2149 1111,2148 1160,2147 1209,2147 1259,2146 1308,2146 1357,2146 1407,2145"/>
                <TextEquiv>
                    <Unicode>Schauspielers und des Schriftstellers in Schwütze</Unicode>
                </TextEquiv>
            </TextLine>
            <TextLine id="r1l63" custom="readingOrder {index:62;}">
                <Coords points="1728,2197 2954,2206 2954,2149 1728,2155"/>
                <Baseline points="1739,2196 1799,2196 1859,2196 1919,2196 1979,2196 2040,2196 2100,2196 2160,2195 2220,2195 2280,2194 2341,2194 2401,2194 2461,2193 2521,2193 2581,2193 2642,2193 2702,2194 2762,2194 2822,2195 2882,2196 2943,2198"/>
                <TextEquiv>
                    <Unicode>schlagenen Grundton eingeht, daß er in diese Atmosphäre</Unicode>
                </TextEquiv>
            </TextLine>
            <TextLine id="r1l64" custom="readingOrder {index:63;}">
                <Coords points="403,2226 750,2190 855,2216 1393,2201 1416,2169 402,2165"/>
                <Baseline points="414,2210 463,2207 513,2205 562,2203 612,2201 662,2200 711,2199 761,2197 810,2197 860,2195 910,2195 959,2194 1009,2194 1058,2193 1108,2192 1158,2192 1207,2191 1257,2190 1306,2190 1356,2189 1406,2188"/>
                <TextEquiv>
                    <Unicode>Lbekannter Burgtheaterserie „Komödie der</Unicode>
                </TextEquiv>
            </TextLine>
            <TextLine id="r1l65" custom="readingOrder {index:64;}">
                <Coords points="407,2262 1361,2248 1422,2228 1422,2198 406,2216"/>
                <Baseline points="417,2249 466,2248 516,2247 566,2247 616,2246 665,2244 715,2243 765,2242 815,2242 864,2241 914,2239 964,2238 1014,2237 1063,2236 1113,2235 1163,2234 1213,2234 1262,2233 1312,2232 1362,2231 1412,2231"/>
                <TextEquiv>
                    <Unicode>Worte“ an, die uns der geschätzte Berliner Gast jüngst</Unicode>
                </TextEquiv>
            </TextLine>
            <TextLine id="r1l66" custom="readingOrder {index:65;}">
                <Coords points="1730,2253 2960,2263 2961,2208 1730,2200"/>
                <Baseline points="1741,2247 1801,2246 1861,2244 1922,2243 1982,2243 2043,2242 2103,2242 2164,2243 2224,2243 2285,2243 2345,2244 2405,2244 2466,2245 2526,2245 2587,2245 2647,2246 2708,2246 2768,2246 2829,2245 2889,2244 2950,2243"/>
                <TextEquiv>
                    <Unicode>hineinwächst und gar nicht den Ehrgeiz besitzt, Menschen</Unicode>
                </TextEquiv>
            </TextLine>
            <TextLine id="r1l67" custom="readingOrder {index:66;}">
                <Coords points="416,2300 1421,2273 1420,2231 415,2255"/>
                <Baseline points="426,2292 475,2290 524,2289 573,2288 623,2287 672,2286 721,2286 770,2285 820,2285 869,2284 918,2284 967,2283 1017,2282 1066,2282 1115,2281 1164,2280 1214,2279 1263,2278 1312,2276 1361,2275 1411,2273"/>
                <TextEquiv>
                    <Unicode>vorführte. Selbstverständlich machte er aus diesem</Unicode>
                </TextEquiv>
            </TextLine>
            <TextLine id="r1l68" custom="readingOrder {index:67;}">
                <Coords points="1727,2297 2951,2297 2951,2255 2721,2241 1727,2253"/>
                <Baseline points="1737,2295 1797,2294 1857,2293 1917,2292 1977,2292 2037,2291 2097,2291 2158,2291 2218,2290 2278,2290 2338,2290 2398,2290 2458,2290 2518,2290 2579,2290 2639,2290 2699,2290 2759,2290 2819,2289 2879,2289 2940,2288"/>
                <TextEquiv>
                    <Unicode>zu spielen, sondern bloß Ornamente von Menschen. Oft¬</Unicode>
                </TextEquiv>
            </TextLine>
            <TextLine id="r1l69" custom="readingOrder {index:68;}">
                <Coords points="425,2344 1384,2332 1434,2284 424,2302"/>
                <Baseline points="436,2337 485,2336 534,2335 584,2334 633,2333 682,2332 732,2331 781,2331 830,2330 880,2330 929,2329 978,2328 1028,2327 1077,2326 1126,2325 1176,2323 1225,2322 1274,2320 1324,2318 1373,2315 1423,2313"/>
                <TextEquiv>
                    <Unicode>geistreichen Plauderabend Schnitzlers eine vollendete¬</Unicode>
                </TextEquiv>
            </TextLine>
            <TextLine id="r1l70" custom="readingOrder {index:69;}">
                <Coords points="1717,2336 2956,2355 2955,2283 1717,2304"/>
                <Baseline points="1728,2342 1788,2341 1849,2341 1910,2341 1971,2340 2032,2340 2093,2340 2153,2340 2214,2339 2275,2339 2336,2339 2397,2338 2458,2338 2519,2338 2579,2338 2640,2337 2701,2337 2762,2337 2823,2336 2884,2336 2945,2335"/>
                <TextEquiv>
                    <Unicode>mals hat man es störend empfunden, wenn dieser Schau¬</Unicode>
                </TextEquiv>
            </TextLine>
            <TextLine id="r1l71" custom="readingOrder {index:70;}">
                <Coords points="416,2392 982,2365 1278,2392 1426,2366 1374,2324 415,2339"/>
                <Baseline points="426,2382 475,2381 524,2380 574,2379 623,2378 673,2376 722,2375 772,2375 821,2374 871,2373 920,2372 969,2371 1019,2370 1068,2370 1118,2369 1167,2368 1217,2367 1266,2366 1316,2366 1365,2365 1415,2364"/>
                <TextEquiv>
                    <Unicode>Theaterkomödie. Nur daß er keine Requisilenspässe</Unicode>
                </TextEquiv>
            </TextLine>
            <TextLine id="r1l72" custom="readingOrder {index:71;}">
                <Coords points="1719,2398 2845,2387 2949,2419 2934,2342 1719,2349"/>
                <Baseline points="1730,2389 1790,2390 1850,2390 1911,2390 1971,2390 2032,2390 2092,2389 2152,2389 2213,2389 2273,2388 2334,2388 2394,2387 2454,2387 2515,2387 2575,2387 2636,2387 2696,2387 2756,2388 2817,2388 2877,2389 2938,2391"/>
                <TextEquiv>
                    <Unicode>spieler seinen Hang zur Schnörkelei hartnäckig betont hat.</Unicode>
                </TextEquiv>
            </TextLine>
            <TextLine id="r1l73" custom="readingOrder {index:72;}">
                <Coords points="420,2432 1060,2437 1111,2408 1306,2430 1420,2381 419,2387"/>
                <Baseline points="430,2425 481,2424 533,2424 584,2423 636,2422 687,2421 739,2420 790,2419 842,2418 893,2417 945,2416 996,2415 1048,2414 1099,2413 1151,2412 1202,2411 1254,2410 1305,2409 1357,2408 1409,2407"/>
                <TextEquiv>
                    <Unicode>einlegte und etwa neue Aktschlüsse dichtete. Aber</Unicode>
                </TextEquiv>
            </TextLine>
            <TextLine id="r1l74" custom="readingOrder {index:73;}">
                <Coords points="1716,2444 2946,2450 2946,2416 2846,2386 1716,2398"/>
                <Baseline points="1726,2442 1786,2440 1847,2439 1907,2438 1968,2437 2028,2437 2089,2436 2149,2436 2210,2436 2270,2436 2331,2436 2391,2436 2452,2437 2512,2437 2573,2437 2633,2437 2694,2438 2754,2438 2815,2438 2875,2438 2936,2438"/>
                <TextEquiv>
                    <Unicode>Hier ist solche Gewohnheit durchaus am Platze. Man</Unicode>
                </TextEquiv>
            </TextLine>
            <TextLine id="r1l75" custom="readingOrder {index:74;}">
                <Coords points="419,2472 1335,2469 1422,2461 1422,2434 1373,2411 418,2432"/>
                <Baseline points="429,2467 478,2467 527,2467 576,2467 625,2466 674,2466 723,2465 773,2464 822,2463 871,2462 920,2461 969,2460 1018,2459 1067,2458 1117,2457 1166,2455 1215,2454 1264,2453 1313,2452 1362,2451 1412,2450"/>
                <TextEquiv>
                    <Unicode>allerlei gesungene und gesprochene Arien, Witze und</Unicode>
                </TextEquiv>
            </TextLine>
            <TextLine id="r1l76" custom="readingOrder {index:75;}">
                <Coords points="1715,2482 2956,2500 2956,2443 2916,2441 1715,2450"/>
                <Baseline points="1725,2485 1786,2484 1847,2484 1908,2484 1969,2484 2030,2484 2091,2484 2152,2484 2213,2484 2274,2484 2335,2485 2396,2485 2457,2485 2518,2485 2579,2485 2640,2485 2701,2486 2762,2485 2823,2485 2884,2485 2946,2485"/>
                <TextEquiv>
                    <Unicode>würde es als passend und nicht als störend, sondern auch</Unicode>
                </TextEquiv>
            </TextLine>
            <TextLine id="r1l77" custom="readingOrder {index:76;}">
                <Coords points="416,2508 1381,2514 1419,2503 1419,2461 415,2480"/>
                <Baseline points="427,2513 476,2513 525,2512 574,2511 623,2510 672,2510 721,2509 770,2508 819,2507 868,2507 918,2506 967,2505 1016,2504 1065,2504 1114,2503 1163,2502 1212,2501 1261,2501 1310,2500 1359,2499 1409,2499"/>
                <TextEquiv>
                    <Unicode>Scherze, von denen das Buch nichts weiß, hatte er</Unicode>
                </TextEquiv>
            </TextLine>
            <TextLine id="r1l78" custom="readingOrder {index:77;}">
                <Coords points="1725,2535 2952,2529 2952,2500 2852,2491 1726,2495"/>
                <Baseline points="1737,2531 1797,2531 1857,2530 1917,2530 1977,2531 2037,2531 2097,2532 2158,2532 2218,2533 2278,2534 2338,2534 2398,2535 2458,2536 2518,2536 2579,2536 2639,2536 2699,2535 2759,2535 2819,2534 2879,2532 2940,2530"/>
                <TextEquiv>
                    <Unicode>mit ebensolchen Gesten gespielt empfinden, wenn</Unicode>
                </TextEquiv>
            </TextLine>
            <TextLine id="r1l79" custom="readingOrder {index:78;}">
                <Coords points="413,2570 1387,2556 1414,2524 1356,2499 501,2526 412,2502"/>
                <Baseline points="423,2558 472,2558 521,2557 570,2557 619,2556 668,2555 717,2554 766,2553 815,2551 864,2551 913,2549 962,2548 1011,2547 1060,2546 1109,2545 1158,2544 1207,2543 1256,2543 1305,2543 1354,2543 1403,2544"/>
                <TextEquiv>
                    <Unicode>sich doch auf die Walze genagelt. Wie jubelte man da,</Unicode>
                </TextEquiv>
            </TextLine>
            <TextLine id="r1l80" custom="readingOrder {index:79;}">
                <Coords points="1717,2571 2956,2599 2937,2527 1717,2548"/>
                <Baseline points="1727,2580 1787,2578 1848,2578 1909,2578 1970,2578 2031,2578 2092,2579 2152,2579 2213,2580 2274,2581 2335,2582 2396,2583 2457,2583 2518,2584 2578,2584 2639,2584 2700,2583 2761,2583 2822,2581 2883,2579 2944,2577"/>
                <TextEquiv>
                    <Unicode>er den Doktor Eckold mit stilisiertem, gelocktem</Unicode>
                </TextEquiv>
            </TextLine>
            <TextLine id="r1l81" custom="readingOrder {index:80;}">
                <Coords points="426,2602 1342,2600 1425,2575 1424,2541 425,2575"/>
                <Baseline points="436,2602 487,2601 539,2600 590,2599 642,2598 693,2597 745,2597 796,2596 848,2595 899,2594 951,2593 1002,2592 1054,2591 1105,2590 1157,2590 1208,2589 1260,2588 1311,2587 1363,2586 1415,2585"/>
                <TextEquiv>
                    <Unicode>als er sie — in seiner Siegessicherheit ein bißchen</Unicode>
                </TextEquiv>
            </TextLine>
            <TextLine id="r1l82" custom="readingOrder {index:81;}">
                <Coords points="1725,2628 2951,2658 2951,2594 2724,2568 2688,2600 1725,2592"/>
                <Baseline points="1735,2629 1795,2628 1855,2628 1915,2628 1976,2628 2036,2628 2096,2628 2157,2628 2217,2628 2277,2628 2338,2628 2398,2628 2458,2628 2518,2628 2579,2628 2639,2628 2699,2628 2760,2628 2820,2628 2880,2628 2941,2628"/>
                <TextEquiv>
                    <Unicode>Bart, wenn er den Schauspieler Herbot noch</Unicode>
                </TextEquiv>
            </TextLine>
            <TextLine id="r1l83" custom="readingOrder {index:82;}">
                <Coords points="426,2652 1418,2649 1418,2598 425,2612"/>
                <Baseline points="436,2646 484,2645 533,2644 581,2643 630,2642 678,2641 727,2641 775,2640 824,2639 872,2639 921,2638 970,2638 1018,2637 1067,2636 1115,2636 1164,2635 1212,2634 1261,2634 1309,2633 1358,2632 1407,2631"/>
                <TextEquiv>
                    <Unicode>nitlachend — auf der Bühne behaglich abrollen ließ!</Unicode>
                </TextEquiv>
            </TextLine>
            <TextLine id="r1l84" custom="readingOrder {index:83;}">
                <Coords points="1725,2675 2945,2687 2945,2632 1725,2641"/>
                <Baseline points="1735,2677 1798,2677 1861,2676 1924,2675 1987,2675 2050,2675 2113,2675 2176,2675 2239,2675 2302,2675 2366,2675 2429,2675 2492,2675 2555,2675 2618,2675 2681,2675 2744,2675 2807,2675 2870,2675 2934,2675"/>
                <TextEquiv>
                    <Unicode>um eine Ebene höher ins Unwirkliche, Phantastische</Unicode>
                </TextEquiv>
            </TextLine>
            <TextLine id="r1l85" custom="readingOrder {index:84;}">
                <Coords points="421,2705 1422,2669 1409,2625 420,2656"/>
                <Baseline points="432,2689 481,2688 530,2688 579,2687 628,2687 677,2686 726,2685 775,2685 824,2684 873,2683 922,2682 971,2681 1020,2681 1069,2680 1118,2679 1167,2678 1216,2677 1265,2676 1314,2675 1363,2674 1412,2674"/>
                <TextEquiv>
                    <Unicode>Besonders sein Schauspieler Herbot im Einakter</Unicode>
                </TextEquiv>
            </TextLine>
            <TextLine id="r1l86" custom="readingOrder {index:85;}">
                <Coords points="2654,2730 2711,2737 2743,2729 2774,2739 2889,2728 2927,2741 2953,2733 2953,2676 2898,2694 2879,2685 2824,2691 2764,2682 2752,2690 2735,2682 2677,2698 2654,2687"/>
                <Baseline points="2664,2722 2689,2722 2714,2722 2739,2721 2765,2721 2790,2721 2815,2721 2840,2722 2866,2722 2891,2724 2916,2724 2942,2726"/>
                <TextEquiv>
                    <Unicode> behaupten,</Unicode>
                </TextEquiv>
            </TextLine>
            <TextLine id="r1l87" custom="readingOrder {index:86;}">
                <Coords points="2467,2729 2494,2732 2522,2724 2539,2739 2586,2734 2595,2742 2615,2731 2660,2727 2660,2680 2636,2679 2626,2688 2613,2682 2605,2689 2596,2683 2552,2685 2508,2698 2465,2695"/>
                <Baseline points="2478,2728 2506,2726 2535,2724 2564,2721 2592,2720 2621,2720 2650,2722"/>
                <TextEquiv>
                    <Unicode>wird</Unicode>
                </TextEquiv>
            </TextLine>
            <TextLine id="r1l88" custom="readingOrder {index:87;}">
                <Coords points="427,2747 1152,2715 1418,2741 1417,2684 1377,2678 427,2713"/>
                <Baseline points="437,2736 485,2735 534,2734 582,2732 631,2731 679,2731 728,2729 776,2729 825,2728 873,2727 922,2726 971,2725 1019,2724 1068,2723 1116,2722 1165,2721 1213,2720 1262,2719 1310,2717 1359,2715 1408,2714"/>
                <TextEquiv>
                    <Unicode>„Große Szene“, den er mit kecker Kraft kenn¬</Unicode>
                </TextEquiv>
            </TextLine>
            <TextLine id="r1l89" custom="readingOrder {index:88;}">
                <Coords points="426,2775 1398,2783 1423,2744 1289,2721 426,2748"/>
                <Baseline points="436,2782 484,2780 533,2778 582,2777 631,2776 680,2775 729,2774 777,2773 826,2771 875,2771 924,2770 973,2769 1022,2768 1071,2767 1119,2767 1168,2766 1217,2765 1266,2764 1315,2764 1364,2763 1413,2762"/>
                <TextEquiv>
                    <Unicode>sichnete, brachte die Leute außer Rand und Band...</Unicode>
                </TextEquiv>
            </TextLine>
            <TextLine id="r1l90" custom="readingOrder {index:89;}">
                <Coords points="1727,2786 2949,2791 2949,2734 2911,2731 1727,2728"/>
                <Baseline points="1737,2774 1797,2773 1857,2772 1917,2772 1977,2772 2037,2772 2097,2772 2157,2772 2217,2772 2277,2772 2337,2772 2397,2772 2457,2772 2517,2773 2577,2773 2637,2772 2697,2772 2757,2772 2817,2771 2877,2771 2938,2770"/>
                <TextEquiv>
                    <Unicode>daß er ein Porträt geben wollte, daß es hier auf Nach¬</Unicode>
                </TextEquiv>
            </TextLine>
            <TextLine id="r1l91" custom="readingOrder {index:90;}">
                <Coords points="415,2822 1265,2826 1305,2802 1393,2827 1426,2820 1426,2773 414,2784"/>
                <Baseline points="426,2825 475,2823 524,2821 574,2820 623,2819 673,2818 722,2818 772,2817 821,2816 871,2816 920,2815 969,2815 1019,2815 1068,2814 1118,2814 1167,2813 1217,2812 1266,2812 1316,2811 1365,2810 1415,2808"/>
                <TextEquiv>
                    <Unicode>Neben Bassermann machten sich seine Gattin Else,</Unicode>
                </TextEquiv>
            </TextLine>
            <TextLine id="r1l92" custom="readingOrder {index:91;}">
                <Coords points="1723,2822 2904,2836 2942,2785 1722,2788"/>
                <Baseline points="1734,2821 1793,2821 1853,2822 1913,2822 1973,2823 2033,2823 2093,2823 2153,2822 2213,2822 2273,2822 2333,2822 2392,2821 2452,2821 2512,2821 2572,2821 2632,2820 2692,2820 2752,2820 2812,2820 2872,2820 2932,2820"/>
                <TextEquiv>
                    <Unicode>zeichnung auch nur einer einzigen Lebenslinie ankam. Was</Unicode>
                </TextEquiv>
            </TextLine>
            <TextLine id="r1l93" custom="readingOrder {index:92;}">
                <Coords points="416,2875 1402,2871 1431,2824 415,2830"/>
                <Baseline points="426,2869 475,2867 525,2866 575,2864 624,2864 674,2863 724,2862 773,2861 823,2861 873,2861 923,2860 972,2860 1022,2859 1072,2859 1121,2858 1171,2858 1221,2857 1270,2855 1320,2854 1370,2852 1420,2849"/>
                <TextEquiv>
                    <Unicode>ganz besonders aber die heimischen Kräfte der Volks¬</Unicode>
                </TextEquiv>
            </TextLine>
            <TextLine id="r1l94" custom="readingOrder {index:93;}">
                <Coords points="1723,2878 2849,2882 2943,2871 2943,2823 1723,2829"/>
                <Baseline points="1733,2869 1796,2869 1859,2870 1922,2870 1985,2871 2048,2871 2111,2871 2174,2871 2237,2871 2300,2871 2364,2871 2427,2871 2490,2870 2553,2870 2616,2870 2679,2869 2742,2869 2805,2868 2868,2868 2932,2867"/>
                <TextEquiv>
                    <Unicode>Basiermann hier schafft, ist der zum Kubus erhobene Ueber¬</Unicode>
                </TextEquiv>
            </TextLine>
            <TextLine id="r1l95" custom="readingOrder {index:94;}">
                <Coords points="418,2916 1422,2901 1421,2848 418,2884"/>
                <Baseline points="428,2913 477,2912 526,2911 575,2910 624,2909 673,2908 722,2907 772,2907 821,2906 870,2905 919,2905 968,2904 1017,2903 1066,2902 1116,2902 1165,2901 1214,2900 1263,2898 1312,2897 1361,2895 1411,2893"/>
                <TextEquiv>
                    <Unicode>bühne, vor allen Hans Ziegler, der warme,</Unicode>
                </TextEquiv>
            </TextLine>
            <TextLine id="r1l96" custom="readingOrder {index:95;}">
                <Coords points="1727,2920 2945,2923 2917,2870 1727,2878"/>
                <Baseline points="1737,2919 1796,2919 1856,2919 1916,2919 1976,2919 2036,2918 2096,2918 2156,2917 2216,2917 2276,2916 2336,2916 2395,2916 2455,2915 2515,2915 2575,2915 2635,2916 2695,2916 2755,2917 2815,2918 2875,2919 2935,2921"/>
                <TextEquiv>
                    <Unicode>komödiant, die Hypertrophie eines wundersamen Fabel¬</Unicode>
                </TextEquiv>
            </TextLine>
            <TextLine id="r1l97" custom="readingOrder {index:96;}">
                <Coords points="421,2963 1153,2962 1369,2952 1424,2917 1254,2892 1046,2924 420,2916"/>
                <Baseline points="432,2958 481,2956 530,2954 579,2952 628,2951 677,2950 726,2950 775,2949 824,2949 873,2948 922,2948 971,2948 1020,2947 1069,2946 1118,2946 1167,2944 1216,2943 1265,2941 1314,2939 1363,2937 1413,2933"/>
                <TextEquiv>
                    <Unicode>liebenswürdige Charakterspieler, Herr Schild¬</Unicode>
                </TextEquiv>
            </TextLine>
            <TextLine id="r1l98" custom="readingOrder {index:97;}">
                <Coords points="1727,2978 2939,2984 2951,2912 1727,2921"/>
                <Baseline points="1739,2965 1799,2965 1859,2965 1919,2965 1979,2965 2039,2965 2099,2965 2159,2965 2219,2965 2279,2965 2339,2965 2399,2965 2459,2965 2519,2965 2579,2964 2639,2964 2699,2965 2759,2965 2819,2965 2879,2965 2940,2965"/>
                <TextEquiv>
                    <Unicode>wesens. Niemals noch war man imstande, Bassermanns</Unicode>
                </TextEquiv>
            </TextLine>
            <TextLine id="r1l99" custom="readingOrder {index:98;}">
                <Coords points="415,3004 1333,3006 1429,2990 1428,2930 414,2961"/>
                <Baseline points="425,2999 474,2998 524,2997 573,2995 623,2994 673,2993 722,2993 772,2992 822,2991 871,2991 921,2990 971,2990 1020,2989 1070,2988 1120,2988 1169,2987 1219,2986 1269,2985 1318,2984 1368,2982 1418,2980"/>
                <TextEquiv>
                    <Unicode>kraut und die Damen Karoly und Jakobsen</Unicode>
                </TextEquiv>
            </TextLine>
            <TextLine id="r1l100" custom="readingOrder {index:99;}">
                <Coords points="1731,3019 2951,3036 2951,2983 2855,2970 1731,2975"/>
                <Baseline points="1742,3013 1801,3014 1861,3014 1921,3015 1981,3015 2041,3015 2101,3015 2161,3015 2221,3015 2281,3015 2341,3015 2400,3015 2460,3014 2520,3014 2580,3014 2640,3013 2700,3013 2760,3013 2820,3012 2880,3012 2940,3012"/>
                <TextEquiv>
                    <Unicode>Spielfreudigkeit im gleichen Maß zu bewundern. Er ist da</Unicode>
                </TextEquiv>
            </TextLine>
            <TextLine id="r1l101" custom="readingOrder {index:100;}">
                <Coords points="420,3043 1198,3053 1421,3023 1420,2993 1369,2986 1331,3010 419,3001"/>
                <Baseline points="431,3040 480,3041 529,3040 578,3040 627,3040 676,3039 725,3039 774,3038 823,3037 872,3036 921,3035 970,3034 1019,3033 1068,3032 1117,3031 1166,3030 1215,3029 1264,3027 1313,3027 1362,3025 1411,3024"/>
                <TextEquiv>
                    <Unicode>angenehm bemerkbar. Frau Fournier war als</Unicode>
                </TextEquiv>
            </TextLine>
            <TextLine id="r1l102" custom="readingOrder {index:101;}">
                <Coords points="1725,3062 2894,3075 2955,3060 2955,3012 1725,3030"/>
                <Baseline points="1735,3062 1795,3062 1855,3062 1916,3062 1976,3062 2037,3062 2097,3062 2158,3062 2218,3062 2279,3062 2339,3061 2399,3061 2460,3062 2520,3062 2581,3062 2641,3062 2702,3062 2762,3062 2823,3063 2883,3063 2944,3063"/>
                <TextEquiv>
                    <Unicode>wahrhaftig ein Jongleur, der die Bühne mit allem was</Unicode>
                </TextEquiv>
            </TextLine>
            <TextLine id="r1l103" custom="readingOrder {index:102;}">
                <Coords points="1296,3096 1320,3095 1336,3101 1350,3091 1356,3096 1369,3086 1386,3085 1409,3091 1413,3029 1396,3030 1383,3040 1376,3040 1371,3033 1361,3041 1331,3026 1315,3033 1300,3032"/>
                <Baseline points="1308,3067 1338,3068 1369,3070 1400,3073"/>
                <TextEquiv>
                    <Unicode>st.</Unicode>
                </TextEquiv>
            </TextLine>
            <TextLine id="r1l104" custom="readingOrder {index:103;}">
                <Coords points="432,3117 1083,3111 1104,3108 1103,3055 1043,3033 965,3050 430,3050"/>
                <Baseline points="442,3094 474,3092 507,3091 539,3090 572,3089 604,3088 637,3087 669,3086 702,3086 734,3085 767,3084 800,3084 832,3083 865,3082 897,3082 930,3081 962,3080 995,3079 1027,3079 1060,3078 1093,3077"/>
                <TextEquiv>
                    <Unicode>Frau Staufner doch etwas zu blaß.</Unicode>
                </TextEquiv>
            </TextLine>
            <TextLine id="r1l105" custom="readingOrder {index:104;}">
                <Coords points="1724,3116 2910,3125 2950,3115 2950,3059 1724,3061"/>
                <Baseline points="1735,3113 1795,3112 1855,3111 1915,3111 1976,3110 2036,3110 2096,3110 2156,3109 2217,3109 2277,3109 2337,3108 2397,3108 2458,3108 2518,3108 2578,3109 2638,3109 2699,3109 2759,3110 2819,3110 2879,3111 2940,3112"/>
                <TextEquiv>
                    <Unicode>darauf ist, auf seinen Kopf stellt, der hierauf die Bühne auf</Unicode>
                </TextEquiv>
            </TextLine>
            <TextLine id="r1l106" custom="readingOrder {index:105;}">
                <Coords points="1727,3156 2919,3178 2953,3114 1727,3120"/>
                <Baseline points="1737,3160 1797,3160 1857,3160 1917,3160 1978,3160 2038,3160 2098,3159 2158,3159 2219,3159 2279,3158 2339,3158 2399,3158 2460,3157 2520,3157 2580,3157 2640,3157 2701,3158 2761,3158 2821,3159 2881,3160 2942,3162"/>
                <TextEquiv>
                    <Unicode>den Kopf stellt, sie schließlich hinstellt und sich selber auf</Unicode>
                </TextEquiv>
            </TextLine>
            <TextLine id="r1l107" custom="readingOrder {index:106;}">
                <Coords points="1720,3215 2942,3223 2942,3174 2825,3161 1720,3173"/>
                <Baseline points="1731,3207 1791,3207 1851,3206 1911,3206 1971,3206 2031,3205 2091,3205 2151,3205 2211,3205 2271,3205 2331,3205 2391,3205 2451,3205 2511,3205 2571,3205 2631,3205 2691,3205 2751,3206 2811,3206 2871,3206 2931,3206"/>
                <TextEquiv>
                    <Unicode>den Kopf stellt. Seine nimmermüde Elastizität ist erstaun¬</Unicode>
                </TextEquiv>
            </TextLine>
            <TextLine id="r1l108" custom="readingOrder {index:107;}">
                <Coords points="1727,3254 2906,3271 2955,3201 1727,3220"/>
                <Baseline points="1738,3258 1798,3256 1858,3254 1918,3253 1979,3253 2039,3252 2099,3252 2160,3252 2220,3252 2280,3252 2341,3252 2401,3253 2461,3253 2521,3254 2582,3254 2642,3254 2702,3254 2763,3254 2823,3254 2883,3254 2944,3253"/>
                <TextEquiv>
                    <Unicode>lich und es dann nicht viele Schauspieler geben, die Fähig¬</Unicode>
                </TextEquiv>
            </TextLine>
            <TextLine id="r1l109" custom="readingOrder {index:108;}">
                <Coords points="1726,3310 2957,3319 2957,3247 1726,3254"/>
                <Baseline points="1737,3303 1797,3302 1857,3301 1918,3301 1978,3301 2039,3301 2099,3301 2160,3301 2220,3301 2281,3302 2341,3302 2401,3303 2462,3303 2522,3304 2583,3304 2643,3304 2704,3304 2764,3304 2825,3304 2885,3303 2946,3302"/>
                <TextEquiv>
                    <Unicode>keit und Fanatismus besitzen, sich derartig an eine Rolle,</Unicode>
                </TextEquiv>
            </TextLine>
            <TextLine id="r1l110" custom="readingOrder {index:109;}">
                <Coords points="1730,3345 2956,3372 2956,3321 2878,3308 1730,3311"/>
                <Baseline points="1741,3351 1801,3351 1861,3350 1921,3350 1981,3350 2042,3350 2102,3349 2162,3349 2222,3349 2282,3349 2343,3349 2403,3349 2463,3349 2523,3349 2583,3349 2644,3350 2704,3350 2764,3350 2824,3350 2884,3350 2945,3350"/>
                <TextEquiv>
                    <Unicode>in einer Rolle zu verschwenden. Hinreißend ist Albert</Unicode>
                </TextEquiv>
            </TextLine>
            <TextLine id="r1l111" custom="readingOrder {index:110;}">
                <Coords points="1722,3403 2946,3419 2944,3353 1722,3362"/>
                <Baseline points="1733,3397 1793,3397 1853,3398 1913,3398 1973,3398 2033,3398 2093,3398 2153,3398 2213,3398 2273,3398 2334,3398 2394,3398 2454,3398 2514,3398 2574,3398 2634,3398 2694,3398 2754,3398 2814,3399 2874,3400 2935,3401"/>
                <TextEquiv>
                    <Unicode>Bassermann in dieser „Großen Szene“ gewesen und es ist</Unicode>
                </TextEquiv>
            </TextLine>
            <TextLine id="r1l112" custom="readingOrder {index:111;}">
                <Coords points="1727,3452 2957,3443 2957,3409 2866,3400 1727,3401"/>
                <Baseline points="1737,3447 1797,3446 1858,3445 1918,3445 1979,3444 2039,3444 2100,3445 2160,3445 2221,3445 2281,3446 2342,3446 2402,3447 2463,3447 2523,3448 2584,3448 2644,3449 2705,3449 2765,3449 2826,3449 2886,3449 2947,3448"/>
                <TextEquiv>
                    <Unicode>nur selbstverständlich, daß hinterher ein Abflauen folgen</Unicode>
                </TextEquiv>
            </TextLine>
            <TextLine id="r1l113" custom="readingOrder {index:112;}">
                <Coords points="1721,3497 2964,3512 2945,3444 1721,3450"/>
                <Baseline points="1731,3493 1792,3493 1853,3493 1914,3493 1975,3493 2036,3493 2097,3493 2159,3493 2220,3494 2281,3494 2342,3494 2403,3494 2464,3494 2525,3495 2587,3495 2648,3495 2709,3496 2770,3496 2831,3497 2892,3498 2954,3499"/>
                <TextEquiv>
                    <Unicode>mußte, und daß es während des dritten Einalters, dessen</Unicode>
                </TextEquiv>
            </TextLine>
            <TextLine id="r1l114" custom="readingOrder {index:113;}">
                <Coords points="1722,3525 1787,3559 2695,3543 2958,3580 2935,3507 1722,3497"/>
                <Baseline points="1733,3538 1793,3540 1854,3541 1915,3541 1976,3542 2036,3543 2097,3543 2158,3544 2219,3544 2279,3544 2340,3544 2401,3544 2462,3544 2522,3544 2583,3544 2644,3544 2705,3544 2765,3544 2826,3544 2887,3544 2948,3544"/>
                <TextEquiv>
                    <Unicode>Struktur es auch gar nicht zuläßt, zu keiner Steigerung</Unicode>
                </TextEquiv>
            </TextLine>
            <TextLine id="r1l115" custom="readingOrder {index:114;}">
                <Coords points="1728,3595 2961,3600 2889,3549 1728,3546"/>
                <Baseline points="1740,3587 1800,3589 1861,3590 1921,3591 1982,3592 2042,3592 2103,3593 2163,3593 2224,3593 2284,3593 2345,3593 2405,3592 2466,3592 2526,3592 2587,3592 2647,3591 2708,3591 2768,3591 2829,3591 2889,3591 2950,3592"/>
                <TextEquiv>
                    <Unicode>mehr kommen konnte. An diesem Abend waren es die</Unicode>
                </TextEquiv>
            </TextLine>
            <TextLine id="r1l116" custom="readingOrder {index:115;}">
                <Coords points="1727,3637 2966,3665 2935,3593 1728,3595"/>
                <Baseline points="1737,3636 1801,3637 1865,3637 1929,3637 1993,3637 2057,3637 2121,3637 2186,3637 2250,3636 2314,3636 2378,3636 2442,3636 2506,3636 2571,3636 2635,3636 2699,3637 2763,3638 2827,3639 2891,3641 2956,3643"/>
                <TextEquiv>
                    <Unicode>Damen Bassermann, Karoly und Jakobsen,</Unicode>
                </TextEquiv>
            </TextLine>
            <TextLine id="r1l117" custom="readingOrder {index:116;}">
                <Coords points="1735,3705 2963,3705 2963,3660 2881,3643 1735,3642"/>
                <Baseline points="1746,3686 1806,3685 1866,3685 1926,3684 1987,3684 2047,3684 2107,3685 2168,3685 2228,3686 2288,3687 2349,3687 2409,3688 2469,3689 2529,3690 2590,3690 2650,3691 2710,3692 2771,3692 2831,3692 2891,3692 2952,3692"/>
                <TextEquiv>
                    <Unicode>sowie die Herren Schildkraut und Ziegler, die</Unicode>
                </TextEquiv>
            </TextLine>
            <TextLine id="r1l118" custom="readingOrder {index:117;}">
                <Coords points="1736,3739 2962,3752 2962,3716 2856,3690 1736,3703"/>
                <Baseline points="1746,3731 1806,3731 1866,3732 1926,3732 1987,3733 2047,3733 2107,3734 2167,3734 2228,3735 2288,3735 2348,3736 2408,3736 2469,3737 2529,3737 2589,3738 2649,3738 2710,3738 2770,3739 2830,3739 2890,3740 2951,3740"/>
                <TextEquiv>
                    <Unicode>neben dem Gast, der enthusiastisch gefeiert wurde, in Ehren</Unicode>
                </TextEquiv>
            </TextLine>
            <TextLine id="r1l119" custom="readingOrder {index:118;}">
                <Coords points="2637,3778 2647,3779 2651,3784 2677,3779 2681,3782 2688,3778 2698,3783 2707,3777 2749,3783 2751,3758 2738,3759 2732,3752 2716,3751 2707,3746 2688,3746 2682,3750 2667,3742 2640,3742"/>
                <Baseline points="2648,3771 2678,3771 2708,3774 2739,3778"/>
                <TextEquiv>
                    <Unicode> RE</Unicode>
                </TextEquiv>
            </TextLine>
            <TextLine id="r1l120" custom="readingOrder {index:119;}">
                <Coords points="2043,3790 2061,3782 2077,3795 2086,3794 2095,3784 2118,3796 2140,3767 2163,3779 2171,3774 2185,3785 2194,3773 2217,3770 2213,3739 2197,3743 2183,3738 2167,3745 2158,3739 2144,3750 2101,3742 2087,3755 2051,3740 2037,3746"/>
                <Baseline points="2051,3777 2076,3781 2102,3780 2128,3776 2153,3770 2179,3766 2205,3763"/>
                <TextEquiv>
                    <Unicode>. 4</Unicode>
                </TextEquiv>
            </TextLine>
            <TextLine id="r1l121" custom="readingOrder {index:120;}">
                <Coords points="2686,3813 2707,3810 2722,3797 2745,3801 2762,3792 2772,3792 2790,3802 2811,3801 2809,3746 2788,3744 2771,3751 2763,3760 2744,3752 2721,3772 2685,3772"/>
                <Baseline points="2696,3794 2721,3793 2747,3794 2773,3794 2799,3789"/>
                <TextEquiv>
                    <Unicode>12</Unicode>
                </TextEquiv>
            </TextLine>
            <TextLine id="r1l122" custom="readingOrder {index:121;}">
                <Coords points="1717,3791 1829,3828 1934,3816 2022,3842 2179,3818 2222,3832 2227,3775 2035,3784 1980,3739 1782,3749 1721,3736"/>
                <Baseline points="1728,3782 1753,3785 1779,3787 1804,3789 1830,3792 1855,3794 1881,3797 1907,3799 1932,3803 1958,3805 1983,3807 2009,3809 2034,3811 2060,3813 2086,3814 2111,3816 2137,3816 2162,3816 2188,3816 2214,3815"/>
                <TextEquiv>
                    <Unicode>bestehen kout.</Unicode>
                </TextEquiv>
            </TextLine>
            <TextLine id="r1l123" custom="readingOrder {index:122;}">
                <Coords points="2659,3829 2703,3833 2719,3847 2963,3835 2959,3767 2912,3767 2867,3742 2805,3790 2657,3797"/>
                <Baseline points="2669,3817 2694,3818 2720,3818 2745,3817 2771,3815 2796,3813 2822,3811 2847,3809 2873,3807 2898,3807 2924,3807 2950,3808"/>
                <TextEquiv>
                    <Unicode></Unicode>
                </TextEquiv>
            </TextLine>
            <TextEquiv>
                <Unicode>box 32/5
26.1. Konbedie der vorteZykius
70 5. 1918
Oestert bische Veisszeitung
Wien.
Wiener All, emeine Leitung
—
Wien.
10. 5. 1978
(Volksbühne.) Vor allem Wiederhören der „Ko¬
—
mödie der Worte“ von Artur Schnitzler, jener
Volksbühne. Albert Bassermann scheint
drei Einakter, die den gemeinsamen Schirmkitel wayrhäftig
„bei seinem jüngsten Gastspiel den höchsten Ehrgeiz
verdienen. In ihnen, durch sie eröffnet sich ein kultivierter
darein gesetzt zu haben, vor dem Publikum das ganze
Wunder seiner Wandlungsfähigkeit zu entfalten.
Geist, der, erdfern sitzend, das Leben nur mehr wie ein
eden Abend einen ganz Anderen, ja an einem und
behutsames Gleichnis schätzt. Und wieder die thematische
demselben sogar mehrere Andere aus sich zu schaffen
Inzucht, Gestaltung des Stoffes, den der Dichter, schier
#ind im Rampenlicht wirken zu lassen. Er selbst aber
unterm Druck umpiderstehlichen Zwanges handelnd, dreht,
stheint dabei im Hintergrund zu stehen und zu be¬
wendet, abschattiekt; dreimal der Herzpunkt, die Urzelle
obachten, wie es diese seine Geschöpfe treiben und wie
jener Komödien, die ansonsten drei Akte oder noch breiter
sie den Menschen gefallen. Als ob es fremde Gestalten
ausfließen dürfen, während sie hier einaktig geboten werden.
wären, die nicht Teil haben an seiner Seele! In der
Ein Irrtum wäre es jedoch, an Extrakte, an Verdich¬
Tat: Sie sind nur von seinem Geiste, von seinem
tungen zu glauben. Das Gegenteil findet sich vor; ein im
Witze, von seiner unerschöpflichen, bildnerischen Er¬
Umriß kleineres, aber auch ein blässeres Bild. Allesamt
findungsgabe, aber nicht von seiner Seele, von seinem
Musterbeispiele erlesenster, süblimster Unnatur, Schemen
Blute. Sie sind Kinder eines blendenden Verstandes,
der mit der Genialität jenes echten Komödianten¬
einer Gedankenwelt im wahrsten Sinne des Wortes, das
geistes sich vermählt hat, welche lieber durch Kälte
allein diese Komödie belebt, die dreimal auf einem ihr ent¬
siegt als durch hinreißende Wärme: Weil der Sieg
gegenarbeitenden trottoir roulant zu laufen scheint. Daher
solcherart schwieriger ist, weil die wahre Komödie
gelangt sie nach einer Stunde erst ans Ziel, das, auf nor¬
das wahre Gefühl geringschätzend belächelt, weil
malem Weg, unter alltäglichen Bedingungen, in zehn Mi¬
der Virtuose um so höher steht, je weniger
 Albert
nuten bequem zu erreichen gewesen wäre.
er von sich selbst hergibt. Zu solcher Betrachtung über.
Bassermann hält die drei Rollen, die ihm hier ge¬
das Wesen Bassermanns, der gegenwärtig wohl als
boten werden, ganz wunderbar kontrastiert auseinander;
der erste Künstler der deutschen Bühne verehrt wird,
was natürlich nicht das Wichtigste ist. Vorerst kommt in
regen ganz besonders die Figuren des Arztes, des
Betracht, daß seine vorbildliche Intelligenz auf den ange¬
Schauspielers und des Schriftstellers in Schwütze
schlagenen Grundton eingeht, daß er in diese Atmosphäre
Lbekannter Burgtheaterserie „Komödie der
Worte“ an, die uns der geschätzte Berliner Gast jüngst
hineinwächst und gar nicht den Ehrgeiz besitzt, Menschen
vorführte. Selbstverständlich machte er aus diesem
zu spielen, sondern bloß Ornamente von Menschen. Oft¬
geistreichen Plauderabend Schnitzlers eine vollendete¬
mals hat man es störend empfunden, wenn dieser Schau¬
Theaterkomödie. Nur daß er keine Requisilenspässe
spieler seinen Hang zur Schnörkelei hartnäckig betont hat.
einlegte und etwa neue Aktschlüsse dichtete. Aber
Hier ist solche Gewohnheit durchaus am Platze. Man
allerlei gesungene und gesprochene Arien, Witze und
würde es als passend und nicht als störend, sondern auch
Scherze, von denen das Buch nichts weiß, hatte er
mit ebensolchen Gesten gespielt empfinden, wenn
sich doch auf die Walze genagelt. Wie jubelte man da,
er den Doktor Eckold mit stilisiertem, gelocktem
als er sie — in seiner Siegessicherheit ein bißchen
Bart, wenn er den Schauspieler Herbot noch
nitlachend — auf der Bühne behaglich abrollen ließ!
um eine Ebene höher ins Unwirkliche, Phantastische
Besonders sein Schauspieler Herbot im Einakter
 behaupten,
wird
„Große Szene“, den er mit kecker Kraft kenn¬
sichnete, brachte die Leute außer Rand und Band...
daß er ein Porträt geben wollte, daß es hier auf Nach¬
Neben Bassermann machten sich seine Gattin Else,
zeichnung auch nur einer einzigen Lebenslinie ankam. Was
ganz besonders aber die heimischen Kräfte der Volks¬
Basiermann hier schafft, ist der zum Kubus erhobene Ueber¬
bühne, vor allen Hans Ziegler, der warme,
komödiant, die Hypertrophie eines wundersamen Fabel¬
liebenswürdige Charakterspieler, Herr Schild¬
wesens. Niemals noch war man imstande, Bassermanns
kraut und die Damen Karoly und Jakobsen
Spielfreudigkeit im gleichen Maß zu bewundern. Er ist da
angenehm bemerkbar. Frau Fournier war als
wahrhaftig ein Jongleur, der die Bühne mit allem was
st.
Frau Staufner doch etwas zu blaß.
darauf ist, auf seinen Kopf stellt, der hierauf die Bühne auf
den Kopf stellt, sie schließlich hinstellt und sich selber auf
den Kopf stellt. Seine nimmermüde Elastizität ist erstaun¬
lich und es dann nicht viele Schauspieler geben, die Fähig¬
keit und Fanatismus besitzen, sich derartig an eine Rolle,
in einer Rolle zu verschwenden. Hinreißend ist Albert
Bassermann in dieser „Großen Szene“ gewesen und es ist
nur selbstverständlich, daß hinterher ein Abflauen folgen
mußte, und daß es während des dritten Einalters, dessen
Struktur es auch gar nicht zuläßt, zu keiner Steigerung
mehr kommen konnte. An diesem Abend waren es die
Damen Bassermann, Karoly und Jakobsen,
sowie die Herren Schildkraut und Ziegler, die
neben dem Gast, der enthusiastisch gefeiert wurde, in Ehren
 RE
. 4
12
bestehen kout.
</Unicode>
            </TextEquiv>
        </TextRegion>
    </Page>
</PcGts>
