3344 4352
214 198 518 292 26. 1
503 193 2552 288 Konondie der Worte— Zyklus bos 32/3
532 1165 1742 1248 5 Zim., 4 U. vorn gel, 3 Et., Bad, demm u. Stadtv., m. all. Komf, Vor¬
470 1202 1114 1273 Balk., sehr ger. u. preisw., sof. zu verm.
1101 1228 1727 1289 derh. 6 Z., Diele, Fayrst., Garth. 2 u.
1787 1213 2379 1312 Rienbenuune Mager uene.
483 1250 1730 1322 Hohenst#ifenstr. 1 u. Golhstr. 31.13 Zim. preisw. per sof. od. 1. 10. zu
482 1274 754 1332 Wunterseldtplaz.
1081 1296 1735 1348 vermieten. Näheres Teief. Stpl. 12978.
2957 1307 3317 1382 Geschältsstelle dies
522 1370 1739 1442 trogenen kleinen Beamten und Herr Forest als Berliner
2122 1404 2541 1476 Die Dornenkrone.“
2881 1420 3318 1487 furler von Geburt un
517 1409 1740 1503 Theaterdirektor, in dessen Geschäftszynismus der Unterton längst
1794 1429 3316 1520 Am Vorabend des Geburtstages der Kaiserin fand im Stadt= er sich dem Gold= un
506 1456 1727 1551 verlorener Ideale ganz von ferne mitschwingt. Die Uebrigen ver¬
503 1503 711 1575 blaßten.
1724 1481 3309 1564 theater zu Posen die Uraufführung der „Dichtung aus einee zum Goid der Wisse
1709 1533 3316 1612 Volkes Schicksalsstunde“ statt. Der Verfasser Felix Neumann,sso wandte er sich den
1515 1560 1700 1651 B—r.
1701 1586 3332 1647 augenblicklich Hauptmann im Großen Generalstab, setzt jene einen Band Gedichte
1706 1627 3316 1686 Dornenkrone einem edlen Herrscher aufs Haupt, der kraftvoll sein merksamkeit erregte.
796 1620 1446 1705 „Wenn zwei Hochze #en.“
1717 1668 3313 1742 Volk zum Gipfel des Ruhmes führt. Aber diese Höhe wird ihm lungen, Literatur=Sti
583 1667 1723 1751 Rudrlf Bernauer und Sch#zer haben im Verein
1722 1715 3319 1783 von neidischen Feinden streitig gemacht, und nichts bleibt ihm Zeit in Wien nieder,
510 1710 1726 1785 mit den Hausmusikern Kollo und Bretschneider alle Re¬
1709 1766 3319 1827 andres übrig als sein Schwert. Mit tiefgehender psychologischer zigerjahre des vorige
501 1768 3306 1867 gister aufgezogen, um mit ihrem neuen Scherzspiel mit Gesang] kenntnis zeichnet Neumann den schweren inneren Kampf des Blüte stand. Es folg
499 1817 3317 1916 „Wenn zwei Hochzeit machen“ das Publikum zu erfreuen. Um Königs; erschütternd wirkt des Monarchen Zuflucht zu dem All= lichen Studien nach
509 1865 1722 1931 eine sehr nette Idee, daß in der Hetz einer Kriegstrauung der
1710 1887 3320 1948 mächtigen im Gebet. Trotzdem die Handlung offenbar im Sinne ten. Der Mangel an
499 1893 1723 1980 junge Ehemann seiner Schwiegermutter angetraut wird, rankt
1721 1921 2920 2001 der Gegenwart spielt, ist dies Stück dennoch in die Zeit der Sage
2904 1941 3315 2008 günstig. Inzwischen
500 1950 2914 2045 sich ein üppiges Wirrwarr von allerhand lustigem und tollemiund des Mystizismus verlegt Ein schöner Gedanke des Verfassers,
2905 1989 3314 2045 und vermittelte uns
493 1984 3316 2044 Blödsinn, eine angenhme, den Berliner Lokalton treffende Musik der uns damit unsere reinste Liebe, die Vaterlandsliebe, gewisser= schaft mit neueren ita
493 2040 3322 2143 und sehr hübsche Tänze. Gezspielt wird natürlich dieser Unsinn maßen angeboren sein lassen will. Aber nicht nur die tiefsten erstaunliche Formgew
499 2090 1715 2150 ganz ausgezeichnet. Oscar Sabo und Lisa Weise werden
1720 2105 2918 2173 Saiten der Seele läßt der Verfasser erklingen, er packt auch da,
2896 2118 3326 2190 geschliffenen Verse au
502 2126 1712 2195 stets stürmisch beinbelt, Frau Dora spielt die liebesbedürftige
1713 2145 2915 2198 wo es nötig ist, derb zu. So weiß er aus den einfachen Volks¬
2970 2166 3316 2229 Als Kenner aller,
499 2169 1712 2236 Schwiegermutter hinreichend komisch. Herr Beckersachs, der
1704 2194 3318 2281 szenen durch plastische Darstellung der Personen ein realistisches lei kritischen Versuchen
492 2202 1712 2275 allzeit sehr Elegante, Herr Picha als Indienforscher, Fräulein
1701 2227 3315 2304 Meisterstückchen zu machen. Das von Direktor Gottscheid gutl ein Dichter zu sein, „
497 2253 1718 2332 Kenter, eine sehr nette Erscheinung, und Herr Schünzel
1703 2274 3317 2362 einstudierte Werk fand bei dem zahlreichen Publikum großen seinem Rufe als D
493 2298 1716 2370 sowie Herr Plaut, der eine gute Bassermannkarrikatur schafft,
1712 2306 1890 2383 Beifall.
2810 2344 2874 2403 L.
2878 2332 3322 2401 Tagen hat sich eine ##
492 2348 1712 2427 tragen das Ihre dazu bei, Harcen Meinhardt und Bernauer für
2886 2381 3323 2445 bereits geneigt, dem ###
485 2387 1143 2453 ein volles Haus zu verschaffen.
2889 2419 3336 2491 die man dem Schaffel
1782 2425 2837 2503 Der 70. Geburtstag von Alfred Friedmann.
895 2443 1346 2523 Herrnfeld=Theater.
2897 2464 3323 2532 Friedmanns an seinen
1754 2461 3312 2568 Seinen siebzigsten Geburtstag begeht am 26. d. M. Dr. Alfred nung gedacht, die wo
565 2491 2906 2562 L. L. Ein volles Haus, Heiterkeit, großer Beifall und Lorbeer=[Friedmann, ein Schriftsteller von seltener Fruchtbarkeit und
2891 2554 3311 2643 aber der ganzen Persc
482 2541 2908 2650 kränze, das war die Wirkung von „Rosenblatts Geheim=erstaunlicher Vielseitigkeit. Vielleicht liegt es an dieser Vielseitig¬
494 2586 1707 2668 tip“ Mit dieser Festellung könnte eigentlich der Bericht über
1699 2614 2909 2692 keit, daß Alfred Friedmann nicht zu größerer Auerkennung gelangt
498 2638 1704 2706 die Aufführung schon zu Ende= sein — wenn nicht etwas Bemer¬
1699 2659 2908 2737 iit, die er doch vor manchem anderen verdient hätte. Es ist so be¬
496 2684 1717 2758 keiswertes noch zu erwähnen wäre: die Herrnfelds fast ganz zum
2959 2679 3311 2759 Im Königlichen
1701 2706 3269 2795 quem. in einem den erfolgreichen Dramatiker, den beliebten Er=phantastische Oper
490 2721 1711 2800 Hochdeutschen bekehri. Dafür gebührt ihnen ein Extralob. Die
1698 2753 3311 2826 zähler, den berühmten Lyriker, den angesehenen Literar=Giulietta: Frau Hafgr
497 2774 1703 2832 Freunde ihres Hauses werden sich dadurch gewiß vermehren. Das
1698 2795 3312 2868 [historiker zu sehen und gelegentlich auch zu feiern. Aber Frau Hansa, Niklaus
485 2812 1708 2887 Stück selbst, dessen Verfasser wie gewöhnlich Anton und Donat
1694 2837 3307 2903 Dramatiker und Erzähler, Reiseschriftsteller und Lyriker, Literar= Fräulein Escher, Hoffm
490 2847 1700 2925 Herrnfeld sind, ist eine verzwickte Geschichte, die vom zweiten
1701 2881 3300 2946 historiker und Uebersetzer — das verwirrt, das ist unseren Bil= Mirakel: Herr Bronkg
485 2902 1701 2964 Akte an ziemlich „kribbelig“ wird, da Ameisen und Regenwürmer
1695 2905 3322 2992 dungsproven zu verwickelt. Wo ihr Einschachtelungssystem ver¬ Herr Funck, Hermann
474 2937 1701 3005 eine große Rolle spielen. Der von diesem Getier gar schwer ge¬
2882 2966 3311 3030 Crespel: Herr Bachman
1698 2970 2901 3043 sagt, da versagen sie die Gefolgschaft. Und Alfred Friedmann hat
484 2987 1712 3060 plagte Schlächter Kratki wurde von Anton Herrnfeld ebenso wirk¬
2957 3010 3316 3075 Im Königlichen
1691 3019 3294 3122 sich diesem Taylorsystem, das immer nur dieselbe Arbeit, dieselbe steinerin“ in Szene.
484 3038 1711 3099 sam dargestellt wie der Goidstücker, der Urheber dieses Uebels, von
1693 3059 3314 3148 Gattung, das selbe Stück verlangt, nicht fügen wollen. Eigenwillig vom Hoftheater in Wei
490 3081 2891 3127 seinem. Bruder Donat. Leopold Gadiel, Ernst Groß, Erwin bestand er darauf, jeweilig die Form zu wählen, die ihm seinem
2889 3116 3311 3190 werden dargestellt von
479 3113 3326 3233 Fichtner und Luise Gloeden konnten den Applaus auch Stoffe gerade am besten zu entsprechen schien, oder an dem Stoff den Herren Kraußneck
471 3165 1199 3247 mehr oder weniger auf sich beziehen.
1662 3186 3220 3275 sich zu versuchen, der gerade seinen Schaffensdrang reizte. Frank= Hen Dr. Bruck.
