3392 4352
2169 244 2615 333 box 32/5
298 260 2007 347 26.1. Konoedie der Norte zuklus
1495 604 2427 674 Es wur aber nicht nur ein Schninler=, sondern
1444 627 2435 706 ebenso sehr ein Stieler=Abend. In allen drei
1444 666 2440 753 Stücken hatte Herr Stieler reichlich Gelegenheit.
1433 710 2423 785 sich zu entfalten, so sehr, daß man annehmen darf.
426 706 930 792 Wien, „. S
1427 736 2428 821 die drei Stücke seien auf seinen Wunsch wieder auf¬
676 771 856 837 9- 10
755 784 950 860 # 7
1434 785 2419 853 genommen worden. Dabei spielte er in allen
1427 815 2427 896 drei Stückn zum guten Teil sich selbst, am meisten
580 802 1377 928 Leipziger Abendzeitung, Leipzie
1434 847 2422 955 im zweiten, wo er einen Schauspieler darsustellen
1449 897 1576 956 hatte.
454 904 1433 993 EEEEPTTeTee
1486 942 2406 1007 Daß seine Leistungen viel feine Züge enthielten
426 950 1427 1041 Arthur Schnihler-Abend im Alten Theater
1437 957 2412 1057 und deß das Publikum seinem Liebling reichliche
506 1005 1424 1080 Das Stadlkheater kat drei Einakter aus den
1443 1016 2410 1095 Protionen darbrachte, braucht kaum erst besagt zu
439 1033 1418 1123 Betriebsjahren 1915 und 1916 wieder in den Spiel¬
1428 1055 2439 1148 weeden. Dem si: nicht verschwiegen, daß Herr
442 1093 1413 1159 plan ausgenommen, die früher einen freundlichen
1438 1091 2415 1172 Mamelok ihm in der Gunst eben die'es Publi¬
449 1128 943 1186 Erfolg gebracht hatten.
1434 1124 2409 1206 kums im ersten und zumal im letzten Stücke start
945 1134 1417 1204 Nach den etwas reich¬
449 1170 1417 1238 lichen Gaben in modernen Jambentragödien brach¬
1425 1170 2410 1235 Konkurrenz machte. Als Graf Argard gab er im
435 1203 1412 1265 ten die fein stilisierten und kunstvoll gebauten drei
1427 1210 2402 1281 ersten, als Schriftsteller Gilbert,“— hier in gro¬
444 1238 1412 1314 Kleinigkeiten einen Ruhepunkt in der Erscheinun¬
1423 1246 2414 1331 tesker Maske eines nicht unbekannten Literaten,
444 1275 1423 1351 gen Flucht, die man sich gefallen lassen konnte und
1478 1293 2406 1361 im letzten gut ausgeführte Arbeit und verstand
443 1317 847 1373 gern gefallen ließ.
1427 1320 2402 1405 es, den Beifall von seinem Partner ab und auf
874 1335 1407 1396 Der geistreiche Plauderer
1424 1353 1718 1417 sich zu lenken.
434 1350 1406 1430 Schnitzler mit seinen etwas müden Geberden und
433 1389 1416 1465 zuaspitzten Pointen, mit all diesen Allüren eines
1475 1408 2407 1498 Frl. Kernic als Komtesse Mizzi, Frl.
435 1432 1408 1505 leicht ergrauenden Lebejünglings aus der Wiener
1428 1440 2397 1518 Arens als die Frau des Frlichtierenden Schau¬
418 1459 1410 1536 Stadt hat auch bei uns seine Freunde, die ihn trotz
1424 1473 2390 1557 spielers, Frau M. Otto=Morgenstern als
438 1507 1398 1593 aller Krittk, die ihn zerzauft hat, immer noch
1423 1521 2394 1606 Literaturweibchen des letzten Stückes verhalfen
435 1539 600 1604 lieben.
1420 1552 2387 1619 dem Abend zum Siege. Die Sicherheit der. Da¬
484 1569 1396 1664 Die drei Stückchen von ihm, die man gab, ge¬
1418 1597 2387 1678 men in ihren Rollen fiel gegenüber den mannig¬
427 1611 1403 1701 hören nicht eigentlich zusammen. Die beiden an
1412 1629 2346 1706 sachen Schwankungen der Herren angenehm auf.
428 1665 1403 1740 die Soitze gestellten. „Komtesse Mizzi“ und „Große
1463 1682 2424 1769 Das Zusammenspiel war im Ganzen gut, wenn
438 1700 1405 1774 Stene“ gehören in die Einaktersammlung „Komödie
1413 1704 2386 1797 auch im Einzelnen noch vieles zu tun übrig blies.
425 1739 1398 1817 der Worte“, das dritte. „Literatur“ zu der Saum¬
1406 1758 2379 1833 Ein ogar brauchbare seine Pointen des Dichters
426 1767 1400 1856 lung „Lebendige Stunden“. Es ist also von vorn¬
1405 1795 2385 1873 im lesten Stücke hatte die Regie gar nicht bepferkt,
424 1803 1394 1902 berein und mit Bewußtsein auf einensnneren Zu¬
1403 1837 2048 1914 vielzweniger sie herausgearbeitet.
2100 1854 2342 1929 J. NW.
426 1847 1392 1925 sammenhang verzichtet worden. Aber die Einheit¬
427 1901 1400 1976 lichkeit des Stiles, dem man ein Schnitzlustük
420 1926 1405 2005 erkennen würde, auch wenn man niemals etwas
425 1962 1386 2040 zuvor von ihm gebört kätte und einem der Nane
418 1997 1399 2085 des Autors verkeimlicht worden wäre. gibt etwas
420 2035 1379 2118 wie eine Zusammenhang. Immer sind es Re¬
410 2071 1395 2157 gungen des Geschlechtlichen, mit denen uns diese
2006 2098 2441 2193 Ausschnitt aus:
415 2125 1397 2194 Komödienversonen umschwirren,“ immer ist es die
3023 2125 3144 2191 A
417 2154 1394 2228 Frage nach Liebe und Treue oder mehr noch Un¬
3086 2185 3149 2232 —
417 2191 1385 2276 teue die diese Stücke erfüllt und ihnen ihren
2003 2198 2171 2265 vom:
2309 2191 3079 2324 Gien Kreslauer Zeitung
409 2238 1397 2315 eigentümlichen meichen, weichlichen Duft leift.
1955 2263 2000 2329 7
417 2269 1391 2338 Des zweite Stück hat überdies den Vorzug. eine
1986 2258 2296 2356 A Rc
2401 2275 2451 2337 1
2340 2273 2395 2332 910
2533 2284 3217 2376 n Stockholm. Im Königk.
412 2305 1398 2391 gläneende große Szene und einen wirksamen Schluß
1880 2305 2891 2399 Drahatischen The
3089 2357 3202 2413 B¬
729 2357 1409 2448 der greßen Szene führt es den
1889 2370 3199 2452 lerb „Komödie der Worte“ mit glänzendem Erfolge zur
393 2376 591 2448 Namen.
1882 2396 3186 2493 Aufzihrung gebracht worden. Der Einakter „Große Szene“
1879 2431 3210 2531 wird von der gesamten Presse als einer der besten Einalter er¬
1894 2488 3195 2575 klärt, die überhaupt in der Literatur zu finden sind. Dieses
1891 2528 3191 2609 Meisterwerk psochologischer Technik wird allgemein als ein
1878 2573 3186 2656 starkes Erlebnis in dem seit Monaten ziemlich toten Theater¬
1883 2612 3226 2691 ieben, Stockholms empfunden. Die „Stockholmer Zzitung
1871 2656 3155 2742 schreibt4 „Ein solcher Jubel wie nach der „Großen Szeze“
1870 2698 3172 2806 kaup ic den Raum des Dramatischen Theaters durchbrause
1962 3000 2346 3059 Ausschnitt aus:
1030 2980 1683 3076 Berliner Börsen Courier
2191 3042 3104 3140 Berliner Bhsen Zeitung, Berlin
1148 3055 1572 3141 Abendausgabe
1959 3086 2867 3204 vom Morgenausgate
757 3113 1036 3200 T2WBT 1 B· 7
1250 3131 1467 3219 Berlin
1976 3239 2822 3326 Arthur Schnitzler in Stockholm. Im
1864 3296 2805 3370 Königl. DramaliscenArtr
1878 3340 2806 3404 Schnitzlers Komödie der Worte“ mit glän¬
1866 3375 2807 3444 jendem Erfolge zur Aufführung gebracht worden.
1855 3415 2812 3472 Der Einakter Große Szeue“ wird von der ge¬
1860 3447 2817 3506 hamten Presse als einer der besten Einakter erklärt,
1859 3497 2805 3558 die überhaupt in der Literatur zu finden sind. Dieses
1852 3519 2810 3601 Meisterwerk psychologischer Technik wird allgemein
584 3454 1278 3615 Theater und Ilusik
1862 3566 2806 3640 als ein starkes Erlebnis in dem seit Monaten ziem¬
491 3590 1473 3650 Die „Komödie der Worte“ in Stockholm. Im
1856 3605 2805 3657 lich toten Theaterleben Stockholms empfunden. Die
433 3623 1478 3694 Kgl. Dramatischen Theater in Stockholm ist Arthur
1868 3663 2807 3716 „Stockholmer Zeitung“ schreibt: „Ein solcher Jubel
432 3652 1478 3726 Schnitzlers „Kamödie der Worte“ mit bedeutendem
1854 3695 2805 3746 wie nach der Großen Szene“ hat kaum je den Raum
434 3702 1482 3783 Erföre zur Aufführung gebracht worden. Der Einakter
1863 3732 2560 3794 des Dramatischen Theaters durchbraust.“
445 3724 1474 3800 „Große Szene“ machte nach den Berichten der Stockholmer
433 3772 1474 3844 Presse besonderen Eindruck und wurde als ein Erlebnt
438 3795 1482 3865 in dem seit Monaten ziemlich toten Theaterleben Sy.
443 3862 771 3927 holms gewertet.
558 3887 1447 3970 „L
