3344 4384
2097 272 2555 368 box 32/1
229 282 1961 354 26. 1. Kongedie der Worte zyklus
378 565 755 639 Sschmtt aus:
1364 587 1465 677 511
503 618 777 699 220K11975
372 675 505 740 m:
527 713 1345 896 Ahren und Mesch
628 876 1094 959 Wiener Theater.
415 944 1074 1009 Aus Wien wird uns geschrieben:
391 961 1389 1064 * Das Burgtheater brachte uns als erste
347 1028 1397 1101 Gabe drei Einakter von Artur Schnitzler, ver¬
340 1072 1388 1139 einigt unter dem Titel: „Komödie der Worte“.
344 1098 1397 1188 Von jedem neuen Werk Schnitzlers geht ein Duft von
1776 1152 2869 1216 Theater und Musik ##  2100
340 1163 1390 1238 Erwartung aus. Alles, was uns an dem Dichter lieb
340 1204 1389 1265 und wert ist und bleibt: die soignierte Form, die Tiefe
1734 1199 2852 1259 * Wiener Theaterbrief., Das Burgtheater brachte
1666 1273 2891 1317 uns als erste Gabe drei Einakter von Arturshminler
342 1253 1388 1310 des Erkennens und die Melancholie der Gedanken, der
1673 1295 2851 1344 vereinigt unter dem Titel: Komödie der Worte.
353 1281 1395 1358 bildhafte Sinn fürs Wirk.iche, ist auch in den drei
1690 1332 2859 1382 Von jedem neuen Werk Schnitzlers geht ein Duft von Er¬
350 1331 1409 1409 Einaktern enthalten. Einmal hat Schnitzler die Kraft
1679 1375 2844 1415 wartung aus. Alles, was uns an dem Dichter lieb und
341 1389 1403 1456 eines einzigen Erlebnisses höher gestellt als Worte und
1678 1412 2855 1464 wert ist und bleibt: die gepflegte Form, die Tiefe des Er¬
344 1428 1387 1483 Kunst; jetzt scheint ihm das Erlebte zurückzutreten vor
1688 1461 2856 1511 kennens und die Melancholie der Gedanken, der bildhafte
337 1478 1387 1541 dem Wort. Worte, die nur Komödie spielen, gefühllos
1687 1492 2848 1545 Sinn fürs Wirkliche, ist auch in den drei Einaktern ent¬
350 1498 1399 1573 bewegte Luft, dies ist es, was er uns in den drei
1681 1533 2847 1577 halten. Einmal hat Schnitzler die Kraft eines einzigen Er¬
996 1555 1402 1616 „Stunde des
1675 1571 2853 1624 lebnisses höher gestellt als Worte und Kunst, jetzt scheint ihm
343 1564 990 1634 kleinen Stucken veranschaulicht.
1677 1609 2850 1653 das Erlebte zurückzutreten vor dem Wort. Worte, die nur
355 1598 1403 1675 Erkennens“ heißt das erste. Eine peinlich grau¬
1682 1643 2845 1699 Komödie spielen, bewegte Luft, dies ist es, was er uns in den
351 1644 1393 1713 same Abrechnung zwischen Mann und Frau. Am
1666 1688 2856 1747 drei kleinen Stücken veranschaulicht. Stunde des Er¬
343 1676 1402 1760 Tage nach der Hochzeit der Tochter weist er sie aus dem
1674 1723 2854 1775 skennens heißt das erste. Eine peinlich grausame Ab¬
362 1727 1406 1804 Hause, zehn Jahre lang hat er von ihrem Betrug ge¬
1684 1771 2849 1823 rechnung zwischen Mann und Frau. Am Tage nach der
348 1781 1409 1852 wußt, zehn Jahre lang hat er auf diesen Tag gewartet,
1678 1802 2856 1854 Hochzeit der Tochter weist er sie aus dem Hause, zehn
349 1821 1408 1883 hat ihn ersehnt! Sie ist längst seine Kameradin ge¬
1688 1837 2851 1892 Jahre lang hai er um ihren Betrug gewußt, zehn Jahre
360 1871 1400 1937 worden, ihre Wünsche sind eingeschlafen. Sie liebte
1676 1878 2852 1939 lang hat er auf diesen Tag gewartet, hat er ihn ersehnt! Sie
356 1915 1402 1976 einen Mann, einem anderen hat sie sich gegeben, aber
1687 1913 2850 1971 ist längst nur seine Kameradin geworden, ihre Wünsche
2350 1955 2856 2007 einen Mann, einem
1679 1957 2355 2019 sind eingeschlafen. Sie liebte
354 1953 1398 2018 das weiß der Gatte nicht und wird es nie erfahren.
1681 2004 2850 2059 anderen hat sie sich gegeben, aber das weiß der Gatte
365 1999 1412 2071 Sie geht — ob in den Tod — ob mit jenem Mann
1678 2043 2847 2091 nicht und wird es nie erfahren. Sie geht — ob in den
356 2050 1413 2116 nach Japan? Zum Abschied will sie schreiben, wirft
1681 2077 2856 2129 Tod — ob mit jenem Mann nach Japan? Zum Abschied will
353 2104 1409 2165 aber die Feder weg: „Wozu? Worte lügen. Der
1676 2111 2851 2192 sie schreiben, wirft aber die Feder weg: „Wozu? Worte
338 2125 1402 2221 Dichter gibt hier neue Zeichen seiner scharfen Be¬
1682 2147 2849 2210 lügen.“ Der Dichter gibt hier neue Zeichen seiner scharfen
354 2177 1408 2234 obachtungsgabe und seiner das Geheimste auf pürenden
1688 2196 2852 2243 Beobachtungsgabe und seiner das Geheimste aufspürenden
357 2208 1414 2288 Lebenskunde. Der zweite Einakter „Große Szene“.
1680 2223 2855 2283 Lebenskunde. Der zweite Einakter: Große Szene ist
362 2260 1405 2324 ist schon viel erfreulicher. Konrad Herbot, der große,
1689 2271 2859 2329 schon viel erfreulicher. Konrad Herbot, der große, der be¬
1682 2307 2858 2361 rühmte Schauspieler, kennt nicht mehr die Wahrheit, kennt
362 2308 1415 2369 der berühmte Schauspieler, kennt nicht mehr die Wahr¬
1683 2356 2843 2404 nur noch Worte. Wenn er menschlich schlecht ist, weiß er
360 2350 1419 2411 heit, kennt nur noch Worte. Wenn er menschlich schlecht
1679 2391 2850 2443 nur, daß er die Rolle gut gespielt hat. Seine Frau, die er
374 2393 1422 2455 ist, weiß er nur, daß er die Rolle gut gespielt hat.
1678 2429 2861 2478 immer wieder betrügt, trotzdem er sie liebt und sie braucht,
379 2428 1414 2497 Seine Frau, die er immer wieder betrugt, trotzdem er
1684 2472 2851 2514 verlangt nur Wahrheit, nicht Worte, unter der Bedingung
377 2476 1421 2545 sie liebt und sie braucht, verlangt nur Wahrheit, nicht
1686 2507 2851 2557 bleibt sie wieder bei ihm. Da hörte sie vom Nebenzimmmer
370 2527 1418 2584 Worte. Unter der Bedingung bleibt sie wieder bei ihm.
1687 2549 2860 2600 die große Szene, die Herbot einem jungen Mann, dessen
370 2569 1414 2629 Da hört sie vom Nebenzimmer die große Szene, dieHer¬
1678 2584 2858 2636 Braut er verführt hat, vorspielt. Wahrheit und Lüge, klug
360 2611 1423 2684 bot einem jungen Mann, dessen Braut er verführt hat,
1689 2620 2857 2671 vermengt, ein Schwall von Worten beruhigen den jungen
1680 2660 2843 2717 Mann und er geht. Doch auch seine Gattin will ihn auf
360 2657 1414 2714 vorspielt. Wahrheit und Lüge, klug vermengt, ein
1685 2699 2859 2754 immer verlassen: „Das ist ja kein Mensch, sondern ein toll
376 2696 1415 2759 Schwall von Worten beruhigen den jungen Mann, und
1685 2740 2853 2791 gewordener Hanswurst, der, wenn sich's einmal fügt, auch
372 2724 1424 2808 er geht. Doch auch seine Gattin will ihn auf immer
1678 2781 2856 2837 bereit ist, einen Menschen zu spielen.“ Aber Herbot läßt
371 2777 1428 2849 verlassen: „Das ist ja kein Mensch, sondern ein toll ge¬
1679 2823 2850 2889 sie nicht, sie muß mit ins Theater, wo er den Hamlet spielt
369 2832 1438 2906 wordener Hanswurst, der, wenn sich's einmal fügt,
1690 2854 2853 2907 und bald selbst sagen wird: Worte Worte Worte!
367 2871 1436 2932 auch bereit ist, einen Menschen zu spielen.“ Aber Herbot
1684 2894 2851 2944 Witz und Gedanken sind hier hübsch und fein gestaktet, ein
369 2932 1428 2983 läßt sie nicht, sie muß mit ins Theater, wo er den
1689 2936 2858 2998 starker Spielakt, der auch rein äußerlich am wirksamsten
370 2963 1412 3035 Hamlet spielt und bald selbst sagen wird: Worte ...
1687 2978 2856 3029 erscheint. Wie diese beiden, handelt auch der dritte Ein¬
1693 3015 2858 3067 akter von einer wurmstichigen Ehe, der aber viel dünner und
372 2993 1441 3068 Worte... Worte! Witz und Gedanken sind hier hübsch
1688 3054 2849 3099 matter ist: Das Bacchusfest. Der Schauplatz ist die
377 3051 1436 3120 und fein gestaltet, ein starker Spielakt, der auch rein
1679 3086 2861 3142 Halle des Salzburger Bahnhofs, die Schicksale entscheiden
373 3091 1428 3156 äußerlich am wirkungsvollsten erscheint. Wie diese
1687 3129 2859 3182 sich zwischen zwei Schnellzügen, und wer weiß, ob die schöne
381 3135 1426 3206 beiden, handelt auch der dritte Einakter von einer
1691 3172 2858 3219 Frau Agnes nicht doch den anderen geheiratet hätte, wenn
374 3179 1433 3243 wurmstichigen Ehe. Aber viel dünner und matter ist:
1681 3219 2865 3264 der Innsbrucker Schnellzug nicht vierzig Minuten zu spüt
386 3228 1431 3295 „Das Bacchusfest“. Der Schauplatz ist die Halle
1683 3255 2859 3298 gekommen wäre. So hat der Gatte Zeit, ihr sein neuestes
382 3266 1431 3337 des Salzburger Bahnhofs, die Schicksale entscheiden
1689 3283 2859 3344 Werk, das Bacchusfest, zu erzählen, er zeigt ihr ihr Erleb¬
395 3313 1431 3378 sich zwischen zwei Schnellzügen, und wer weiß, ob die
1682 3329 2858 3384 nis in einem anderen Licht, und der junge Mann fährt so¬
391 3360 1434 3424 schöne Frau Agnes nicht doch den anderen geheiratet
1698 3368 2863 3422 fort nach Paris. Der Schluß ist etwas rätselhaft, sie haßt
1692 3405 2855 3454 und liebt ihren Gatten zugleich und man weiß nicht, ob
386 3401 1436 3466 hätte, wenn der Innsbrucker Schnellzug nicht vierzig
1696 3438 2865 3492 es nicht nur Worte sind. Herr Walden spielt in allen drei
388 3448 1434 3511 Minuten zu spät gekommen wäre. So hat der Gatte
1682 3477 2865 3545 Stücken den Mann, am liebenswürdigsten natürlich den
398 3495 1435 3562 Zeit, ihr sein neuestes Werk, das Bacchusfest, zu er¬
1677 3517 2849 3592 Schauspieler und man bemerkt dabei, daß er jetzt der inter¬
393 3536 1430 3601 zählen, er zeigt ihr ihr Erlebnis in einem anderen
1685 3572 2852 3621 essanteste Schauspieler des Burgtheaters ist. Neben ihm
397 3571 1434 3640 Licht, und der junge Mann fährt sofort nach Paris.
1678 3592 2861 3637 waren die Frauenrollen weniger farbig, aber immerhin
395 3636 1432 3685 Der Schluß ist etwas rätselhaft, sie haßt und liebt
1676 3636 2863 3702 von den Damen Bleibtren, Medelsky und Wohlgemuth gut
388 3663 1438 3721 ihren Gatten zugleich und man weiß nicht, ob es nicht
1680 3668 2867 3734 dargestellt. Von dem übervollen Hause wurde das
2756 3719 2874 3781 *
381 3717 1435 3779 nur Worte sind. Herr Walden spielt in allen drei
389 3746 1434 3808 Stücken den Mann, am liebenswürdigsten natürlich
2213 3711 2601 3824 8-(1/10
382 3784 1444 3866 den Schauspieler, und man bemerkt dabei, daß er jetzt
389 3836 1439 3896 der interessanteste Schauspieler des Burgtheaters ist.
380 3877 1434 3944 Neben ihm waren die Frauenrollen etwas farbloser,
388 3924 1436 4002 aber immerhin von den Damen Bleibtreu, Medelsky
389 3970 1448 4035 und Wohlgemuth gut dargestellt. Von dem übervollen
394 4010 1433 4076 Haus wurde das Schauspielerstück mit brausendem
385 4053 1437 4113 Beifall aufgenommen, die beiden anderen etwas kühler.
395 4100 1481 4167 Artur Schnitzler wurde oft gerufen, der Applaus war!
401 4158 1015 4226 nicht bloß Komödie der Hände.
