3392 4352
2113 180 2573 296 box 32/1
230 218 1964 321 26.1. Konoedie der Norte Zyklus
679 904 1600 1032 DOBSERVERC
790 997 1489 1071 I. österr. behördl. konzessioniertes
737 1026 1537 1127 Unternehmen für Zeitungs-Ausschnitte
806 1103 1499 1187 WIEN, I., WOLLZELLE 11
894 1155 1499 1257 LTELEPHON R-23-0-43 —
554 1343 1579 1467 dus: Der baucher, Wien Nr 11.
717 1427 2868 1550 Das Burgthester felerte ein wenig verrpätet und nicht ganz ohne
563 1489 2960 1610 freundschaft lchen Nachdruck leider auch mit einer sehr sichtberen und
2151 1569 2808 1649 huit z###mit einer
567 1567 2404 1692 Keum mir nof gedrungenen Fehrlässigkeit art mir #ek
2390 1614 2874 1714 ederdus“,
568 1635 2363 1723 mehr als flüchtigen Reprise seines VJungen Lederdus
574 1688 2775 1777 diese Hevue aphoristischer Erschütt erun, ist noch inder jung a1s
575 1727 2850 1856 grosse Theatermagle eines Scheksalsdichters des Mutes, der Nerven
572 1776 2956 1911 und der hold und beiss umschabteten Irnnie. Dur die listig-saifte Tech¬
570 1843 2939 1947 nik dieser Bnmerszenen scheint heute einwenig Rokoko. Hier wäre eine
570 1908 2954 2014 Regleeufgabe Hine demperament sproblen, ein nicht mir bechnisches Zeuber¬
574 1966 2892 2064 kunststück. Seelisch nämich, psyehologisch, betahe; ####chenalyt isch
584 2028 2827 2117 ist nichts moderner als dies Spiel mit unausgesprochenen Witz und
579 2093 2905 2190 Nahn des geheimsten Oesterreich. Das furgthe#ter ht aber auch psycho¬
567 2135 2875 2255 Losi sch mr die slten, verschlissen usckemnien Milissen snägentelit.
736 2188 2899 2302 Dscei bragen, obzuer auch die Haupt beset zung schnächtiger, blut¬
572 2260 2953 2355 dünner gevorden ist, die Schauspieler keine Schuld. Ein paer Säulen ra¬
592 2306 2975 2413 gen immerhin; Georg Reimers als aer bllinder Herzog Valois, jeder 2o11
588 2349 3042 2456 starres und stärkstes encien Regine. Herr Heine eis sein Haus- und Hoferzt
588 2429 2941 2517 voll feinster sarkast ischer selunz. Herr Henmnes sis Merquis schmal,
594 2474 2995 2573 aber strefff in Ion Herr hierr eis französt scher Oberst von sonorer Deit¬
585 2534 2951 2626 ketesse, rsu ledelskys Hutder Mähr, eine bestit, die Saft und Kreft
579 2595 2971 2696 und herzhsft trockende fränen zeigt. Die grausene legitimistische Erbti¬
584 2647 2959 2763 kerin Prinzessin Helene spieit jetzt Feu übbe Johanssen mit reizvolr
593 2703 2827 2796 ftschblüt iger, Katzenhsft unnahberer Grazie, ber diese kühde Framme
581 2752 2950 2878 lodert einsem. Herr Lohner eis ledardus min schon seit eineinhal b Jehr¬
584 2856 2935 2914 zehnten ein Hoffmng, flackert, aber Flammt nicht. Er hat schöne und
604 2860 2981 2978 sehr stille Monente, ein schärmerfunkeln im unermüdlich irrenden duge
744 2938 2875 3013 Schnit z1er, keinewegs verwörnt dlurch Pietätsbeveise, wird es
599 2998 2922 3093 überst ehen. Der 'Medardus“, schon gar.ür ist Arthur Schnit zlers ’Peer
599 3038 2986 3149 Gynt V. Das Epos vor der tief harnonischen österreichi schen Unvollkomen¬
603 3099 2923 3199 heit. Die Tragödie des verklärt en Pellswatsch. Des Heldenlied von hero¬
607 3153 2937 3262 ischen Reunzer oder, wenn man wi l1, Anstot 1809. Tundervoll, wie seine
599 3234 2882 3309 gelassene Schicksalsenergie diese saloppe Au fführung überstrehlt.
604 3255 3030 3372 Vie es da und dort eufblitzt, heies aie Herz greift, wie hach und leuch¬
602 3327 3061 3417 teri die ngketen ei# berrüssen jeistes steilgen.Nie diese Figuren dast ehen,
585 3383 2941 3482 mermorkünd und von Später Sonne abschledsmild umsplelt, Vie der wilde
602 3473 3002 3524 Vind der Jugend durch dunkie Wipfel fährt, Wie sich stolz und stumm Arue
2105 3505 2653 3609 Lndwig Vlinann.
626 3518 1453 3625 und Nünsc be umschringen.
