3344 4352
-12 1297 87 1351 Schu
11 1385 82 1436 zur
-1 1426 95 1481 Kon
304 183 2009 269 26.1. Konoedie der Worte zyklus
224 981 760 1118 Neuestn Nachtichten
228 1151 277 1205 31
236 1184 307 1252 1
846 1213 2041 1310 in den Typen der „Komödie der Worte“ darstellen, die sich durch
855 1288 2045 1342 nichts, auch gar nichts von der großen Herde unterscheiden,
209 1266 597 1371 der Worte.
852 1326 2038 1407 und nur in seinem dichterischen Mikroskop als dramatische Fi¬
231 1347 801 1424 Arthur Schnitzler.
851 1367 1204 1433 guren erscheinen.
204 1414 605 1502 n Lessing=Theater.
934 1426 2038 1505 Wer ist in der „Stunde des Erkennens“ tragisch,
845 1483 2052 1545 der Gatte, die Frau oder der Dritte, der in diesem Falle einmal
226 1483 805 1566 das Tüpfelchen über dem i.
854 1528 2036 1596 ausnahmsweise nicht der „gaudens“ ist. Der Gatte glaubt zehn
217 1545 831 1606 Alpha und Omega unseres ge¬
850 1575 2043 1630 Jahre lang, daß sie ihn mit einem anderen betrogen hat. Er
212 1579 822 1643 en gar nicht, daß wir je nach
852 1612 2045 1676 schweigt aber und weist sie erst aus seinem Leben, als seine
220 1636 823 1683 pielern, wir nehmen uns näm¬
838 1659 2035 1720 Tochter sich vermählt hat. Nun hat sie ihn allerdings einmal
234 1673 833 1737 wenn uns dann ein Dichter
839 1687 2036 1753 betrogen, aber nicht mit dem verdächtigen andern, sondern mit
221 1719 827 1774 igen wir uns an die Brust und
841 1749 2038 1807 einem „ganz andern“, in dessen Arme sie sich ohne Liebe ge¬
225 1754 833 1821 ie „diese“. Man darf für diese
850 1779 2031 1839 flüchtet hat, um dem „andern“ nicht aus Liebe zu verfallen.
253 1810 825 1861 allzu starke Worte wählen,
851 1834 2034 1891 Und auf diesen verzwickten Irrgang ihrer Leidenschaft baut
218 1847 828 1899 Menschheit in dem berüchtigten
839 1877 2031 1937 sie ihre Verteidigung auf, indem sie dem wahren Geliebten
227 1893 831 1951 nicht mit Steinen werfen darf.
843 1917 2038 1991 gund nie Beglückten beichtet. Dann zieht sie es vor, zu sterben.
238 1931 830 1998 selbst nicht von Heuchelei und
237 1973 833 2038 Selbsttäuschung sprechen, die
924 1980 2034 2031 Die „Große Szene“ ist einfacher, natürlicher und
237 2015 830 2093 aufgeputzt nud freundlich ge¬
847 2022 2031 2089 brutaler. Ein Komödiant, der aus Gewohnheit und Natur¬
848 2075 2036 2119 anlage Frauen gegenüber ein ausgemachter Hallunke ist, hat
856 2111 2035 2173 sich an der Verlobten eines Andern vergangen. Er gelobt
212 2096 824 2174 en sich Schnitzler gewohnheits¬
848 2157 2038 2207 seiner Gattin mit Krokodilstränen Besserung und phantasiert
219 2165 835 2213 wie arglose Gemüter annehmen
846 2202 2036 2246 von Wahrheit und Ehrlichkeit große Stücke. Fünf Minuten
224 2209 820 2272 sind ganz gewöhnliche Durch¬
847 2242 2033 2291 später muß seine Frau Zeugin sein, in wie abgefeimt=nieder¬
223 2243 823 2308 htigkeit gegen sich selbst dank
839 2282 2032 2348 trächtiger Weise er den armen Betrogenen, der ihn auf Ehre
226 2296 827 2355 dem Nullpunkt steht, und die
838 2326 2035 2387 und Gewissen nach den Beziehungen zu seiner Braut fragt,
222 2336 827 2399 enscheinige Ethik zu bemänteln,
840 2371 2035 2432 mit Hilfe eines abgekarteten Briefes und unter Aufbietung
207 2369 828 2439 en. Hallunken, die absichtlich
843 2409 2031 2460 aller Kulissenreißereien übers Ohr haut. Er spielt die „Ko¬
214 2417 832 2475 n, gibt es natürlich auch, aber sie
848 2454 2030 2514 mödie der Worte“ bis zur äußersten Konsequenz. Er betrügt
219 2465 822 2516 hnliche Verbrecher. Die Brüchig¬
842 2499 2032 2543 und belügt seine Frau und schwatzt ihren Abscheu in Grund
226 2504 825 2568 eine Folge der nur äußerlich
839 2542 2036 2600 und Boden, und führt eine ganze Tragikomödie auf, um sie
213 2549 825 2595 baar Menschen, die über diesem
846 2582 2041 2660 wieder dumm zu machen. Schön ist dieser Blick in die Welt
209 2597 818 2654 ch durch Schnitzlers Peitschen¬
847 2622 1801 2698 des Theaters nicht, aber echt, unangenehm echt!
208 2635 821 2692 nd die Anderen, die es angeht,
218 2682 830 2737 e damit gemeint sind und gar
920 2674 2024 2747 Um vieles geschraubter ist „Das Bacchus=Fest“
209 2717 819 2777 ücksicht auf die schlechte Zenfur,
847 2708 2028 2791 Hier klügelt Schnitzler wieder einmal gründlich herum und
210 2762 826 2811 # bessern. Man könnte darum
840 2776 2030 2816 dreht und poliert, bis alles in Grund und Boden gewirt¬
210 2799 814 2869 licht müßig und überflüssig ist,
851 2815 2037 2880 schaftet ist. Er läßt hier die „Komödie der Worte“ spielen,
206 2848 821 2900 ur das wiedergeben, was auch
840 2857 2026 2917 wo sie in keinem Punkte am Platze ist. Ein Schriftsteller,
216 2893 822 2945 es ist eben der Witz, daß das
850 2901 2027 2945 dessen Gattin sich während seiner wochenlangen Ab¬
218 2923 821 2993 neuen Werk Schnitzlers darüber
836 2945 2022 2996 wesenheit mit einem Stubengelehrten getröstet hat, be¬
217 2976 825 3046 schen gibt, und sich dabei glän¬
839 2985 2023 3047 gnügt sich trotz seiner Wut damit, den Störer seines
840 3015 2025 3076 ehelichen Friedens mittels seiner überlegenen „Dialek¬
225 3062 835 3123 und Darstellungskreis ist ein
838 3068 2037 3127 tik“ hinauszuekeln, statt ihm und der Treulosen ein paar
233 3104 2029 3186 für die Leute, wie sie sich auch bedeutende Ohrfeigen zuteil werden zu lassen. In diesem
1791 4112 1928 4174 —
2170 147 2594 231 box 32/3
2060 1237 3267 1309 Punkt nämlich hat Schnitzlers Ehebruchs=Psychologie einen
2052 1302 3271 1342 Bruch. Der betrogen Teil pflegt sonst, sofern auch bei sonstiger
2062 1336 3264 1404 eigener Untreue der zur Erörterung stehende Fall für ihn
2069 1388 3268 1446 gunstig liegt, die „Komödie der Tat“ der „Komödie der
2068 1431 3259 1493 Worte“ vorzuziehen. Das Ende des Wortstreits ist das gegen¬
2065 1468 3253 1535 seitige Bekenntnis der Ehegatten, daß sie sich hassen. Aber
2057 1502 3263 1583 diese Beteuerung ist nicht ernst gemeint, denn die beiden
2068 1554 3254 1613 Musterexemplare werden bei ihrer wenig erbaulichen
2062 1599 3254 1672 Moral sich fünf Minuten später wieder gerührt in die Arme
2067 1639 2218 1699 sinken.
2133 1680 3259 1764 Bassermann war in allen drei Stücken auf der Höhe
2048 1730 3252 1796 seiner Künstlerschaft. Die beiden betrogenen Gatten spielte er
2439 1774 2477 1809 #1
2056 1781 3257 1837 meisterhaft, als betrugender feierte er einen Triumph=sonder¬
2054 1826 3258 1889 gleichen, und das mit Recht. Seine große Wandlungsfähig¬
2047 1862 3251 1924 keit, die ihn den etwas mürben Dr. Eckold des ersten Einakters
2051 1915 3251 1968 und den überlegen zynischen Schriftsteller Staufner im „Bac¬
2047 1951 3246 2010 chus=Fest“ gleich eigenartig und packend gestalten ließ, schim¬
2049 2000 3250 2039 merte in der „Großen Szene“ in den tausend „Nuancen“, die
2039 2023 3254 2092 der ewig schauspielernde und seine eigene Komödie glaubende
2041 2072 3247 2145 Histrione auf Lager hat. Vor 25 Jahren behauptete man
2044 2120 3252 2191 nicht leben zu können, ohne Barnays „Kean“ gesehen zu
2050 2163 3249 2235 haben; ich behaupte, daß er öde Kulissenreißerei gegen
2040 2204 3242 2266 Bassermanns Konrad Herbot gewesen ist. In der
2051 2266 3246 2317 „Stunde des Erkennens“ spielten Max Landa und Lina
2042 2302 3252 2373 Lossen die Partner gleichwertig gut. In dem Schauspieler¬
2050 2340 3243 2395 stück sekundierte Else Bassermann dem Gatten mit
2045 2376 3249 2427 ihrer immer reifer werdenden Künstlerschaft, während Loos
2043 2425 3258 2498 und Forest sich dem Ganzen sehr geschickt und wirkungsvoll
2045 2477 3241 2520 einfügten. Im „Bacchus=Fest“ versagte Traute Dumcke¬
2040 2509 3246 2593 Carlsen neben Bassermann und dem wie immer ausge¬
2035 2552 2379 2626 zeichneten Götz.
2129 2611 3238 2672 Das Publikum nahm den ersten und dritten Einakter mit
2050 2649 3219 2711 Achtung auf, bejubelte aber die handfeste „große Szene“
2054 2695 3240 2759 stürmisch, so daß Schnitzler sich mehrmals dankend verneigen
2051 2741 3236 2807 konnte. Er hatte übrigens vorher eine große Aufregung zu
2043 2786 3233 2850 überstehen. Im zweiten Stück wäre es beinahe zu einer Panik
2053 2835 3228 2890 gekommen. Es ließ sich ein rätselhaftes, immer stärker werden¬
2044 2869 3242 2936 des Zischen vernehmen, worauf eine sehr ängstliche Dame das
2040 2912 3233 2984 Theater verließ. Dann begann ein Köpfedrehen, ein Murmeln,
2037 2956 3241 3010 ein Aufstehen! Der Versuch, hinauszudrängen, wurde glücklich
2041 2994 3236 3079 dadurch verhindert, daß ein bekannter „Premiérenlöwe“ herz¬
2038 3044 3240 3096 haft rief: „Sitzenbleiben — Sitzenbleiben!“, worauf der Vor¬
2051 3086 3237 3150 hang niederging und das Publikum in größter Aufregung der
2031 3129 3237 3207 Dinge, die da kommen sollten, harrte. Endlich steckte ein
2038 3179 3230 3271 schüchterner Feuerwehrmann den Kopf durch die Vorhangspalte
2044 3238 3234 3318 und meinte mit piepsendem Diskant: „Sitzenbleiben — die
2658 3287 3192 3365 Max Schievelkamp.
2038 3300 2259 3373 Heizung!“
