3436 4384
287 134 945 247 11. Reigen
1015 135 1455 228 box 19/1
1327 1106 2004 1211 Court of Appeals
1322 1241 2024 1321 OF THIE STATE OF NEW YORK,
1051 1409 1909 1490 PEOPLE OF THE STATE OF NEW YORK,
1590 1469 1900 1545 Respondent,
1376 1575 1592 1667 against
1298 1701 1697 1776 PHLLIP PEskY,
1622 1749 1908 1827 Appellant.
1471 1934 1861 2026 Statement.
1113 2058 2256 2120 This memorandum is submitted pursuant tothe
1061 2123 2260 2195 permission granted by the Court upon the argu¬
1071 2183 1540 2269 ment of the appeal.
1076 2284 2270 2360 The History of Reigen'', as a Book and
1112 2354 2275 2405 as a Play Throughout the Civilized
1116 2413 2279 2481 World, Clearly Indicates Its Universal
1119 2489 2264 2544 Acceptance. It Cannot, Therefore, Be
1114 2531 1660 2613 Deemed Obscene.
1102 2643 2257 2714 Dr. Schnitzler wrote“ Reigen' in 1896-97. It was
1066 2726 2256 2775 among the first of his notable series of books that
1064 2788 2255 2848 have since won him world-wide acclaim. It was orig¬
1068 2835 2276 2896 inally published in an edition of about two hundred
1069 2898 2255 2954 copies in 1900. The first general edition was pub¬
1060 2958 2268 3007 lished by the firm of B. Harz, in Vienna, Austria, in
1068 3018 2257 3082 1903; and more than ten thousand copies were sold.
1058 3071 2261 3142 Other editions followed. By 1920 over one hundred
1065 3158 2268 3213 thousand copies of various editions throughout
1065 3199 1764 3275 Europe had been distributed.
1113 3259 2259 3339 The work was widely discussed. Highly favor¬
1073 3323 2266 3387 able criticism appeared shortly after publication in
