3436 4384
319 108 951 215 11. Reigen
1007 100 1465 199 box 19/1
1685 932 1791 1028 15
1239 1058 2332 1142 “T consider the great ethical value of this playy
1229 1123 2325 1188 to be its inexorable truthfulness and its ex¬
1225 1189 2331 1241 posure of the merely sexual passion which is
1232 1230 1898 1306 devoid of all finer qualities.)
1172 1344 2330 1399 Dr. Alfred Klaar, prominent German critic, for¬
1131 1398 2340 1474 merly a Professor of the Institute of Technology in
1127 1467 1782 1539 Prague, likewise declared:
1228 1552 2342 1628 *Pean find absolutely nothing objectionabie in
1225 1604 1446 1669 Reigen.
1178 1705 2324 1773 Ludwig Skernaus, dramatic critic of the Berlin
1137 1763 1657 1845 Lokal-Anzeiger, said:
1234 1841 2343 1920 “1 do not understand how anyone could take
1232 1900 2330 1973 offense at it. 1 do not consider it comedy at
1240 1958 2325 2033 which you laugh and grin. To me it is a trag¬
1232 2011 1370 2075 edy.“
1177 2090 2314 2166 Professor George Witkowski, outstanding pro¬
1123 2174 2322 2240 fessor of literature at the University of Leipzig, tes¬
1139 2231 1560 2302 tified as follows:
1250 2286 2320 2384 This work is the product of a varied, engag¬
1224 2368 2325 2433 ing, brilliant mind. It certainly is not friv¬
1231 2411 2331 2466 olous; in fact, frivolity is out of the question.
1230 2476 2321 2534 The subject matter is so perfectly controlled by
1237 2524 2331 2585 the author that it is placed entirely in the serv¬
1221 2575 1961 2660 ice of a high artistic purpose.?
1176 2680 2333 2747 The comment of Professor Albert Koester, of the
1133 2725 1793 2817 University of Leipzig, was:
1227 2802 2327 2889 This drama has been called erotic. I believe
1238 2876 2332 2930 that no word could be less appropriate. What
1233 2922 2326 2978 we have in these ten scenes is not eroticism but
1225 2979 2339 3042 mere sexuality. According to my opinion it is
1227 3027 2329 3100 an eloquent outburst on the part of the author,
1225 3084 2322 3135 who holds up a mirror to the world and says.
1227 3127 2340 3185 Von sce that what you consider love is mere
1220 3183 2332 3234 sexuality. There is a curse on the communion
1220 3243 2338 3296 of bodies if it is not also a communion of the
1218 3285 1426 3353 souls.'
