3392 4384
268 116 832 219 11. Reigen
976 118 1420 202 box 19/1
1908 922 2001 993 14
1359 1040 2553 1101 complete without a study of his works. A consid¬
1363 1113 2551 1169 eration of his reputation is material and relevant.
1362 1153 2567 1232 In arriving at its decision, the Court of Appeals
1352 1220 2562 1291 gave due weightto Gautier’s reputatien in the case
1348 1276 2566 1334 involving Mademoiselle De Maupin (Halscy v. N. V.
1357 1340 1895 1410 Society, 234 N. Y. 1).
1410 1408 2580 1483 Critics have hailed many of Dr. Schnitzler’s
1349 1470 1972 1537 books as modern classics.
1417 1512 2568 1590 Dr. Otto P. Schinnerer, Professor of German Lit¬
1363 1584 2371 1657 erature in Columbia University, has said:
1474 1667 2575 1731 " In Reigen Schnitzler is exclusively interested
1463 1721 2574 1771 in analyzing the psychological reactions of his
1455 1769 2569 1820 characters before and after the gratification of
1470 1827 2573 1893 their desires, and never in their physiological
1462 1874 2577 1929 experiences. The Reigen scenes are a ruthless
1465 1949 2571 1995 unmasking of the animal instincts in man
1464 1981 2561 2044 which often parade under the guise of friend¬
1467 2036 2573 2100 ship and love. Reigen is on every count supe¬
1470 2077 2574 2146 rior to Andtol (another work of Schnitzler
1468 2146 2565 2201 which is universally considered inoffensive and
1474 2195 2570 2246 which has been published in the Modern Li¬
1467 2233 2578 2300 brary in this country without interference),
1459 2285 2561 2358 both as a work of art and in its unerring ob¬
1470 2352 2572 2404 servation and its almost canny dissection of
1472 2397 2569 2444 human motives. In writing the work Schnitz¬
1471 2454 2581 2504 ler simply obeyed the dictates of his artistie
1469 2496 2378 2571 conscience, without ulterior motives.?'
1414 2585 2563 2661 Felix Hollander, eminent German author and
1365 2660 2571 2722 playwright, formerly director of Deutsches Theater,
1359 2719 2571 2788 and the Kommerspiele, and of Grosses Schauspiel¬
1373 2774 2565 2845 haus in Berlin, stated, during the trial of“ Reigen'
1371 2837 1900 2925 in 1922 for obscenity,
1476 2903 2579 2990 “1 do not hesitate to declare that I look upon
1470 2976 2439 3048 Reigen as an extraordinary work of art.?
1396 3061 2596 3147 Dr. Ludwig Fulda, one of the outstanding German
1363 3147 2586 3211 dramatists of the present day, said at the same
1368 3205 1528 3290 time,
