<?xml version="1.0" encoding="UTF-8" standalone="yes"?>
<PcGts xmlns="http://schema.primaresearch.org/PAGE/gts/pagecontent/2013-07-15" xmlns:xsi="http://www.w3.org/2001/XMLSchema-instance" xsi:schemaLocation="http://schema.primaresearch.org/PAGE/gts/pagecontent/2013-07-15 http://schema.primaresearch.org/PAGE/gts/pagecontent/2013-07-15/pagecontent.xsd">
    <Metadata>
        <Creator>prov=University of Rostock/Institute of Mathematics/CITlab/Gundram Leifert/gundram.leifert@uni-rostock.de:name=ONB_Newseye_GT_M1+(htr_id=10810)::::v=2.4.2
prov=University of Rostock/Institute of Mathematics/CITlab/Tobias Gruening/tobias.gruening@uni-rostock.de:name=de.uros.citlab.module.baseline2polygon.B2PSeamMultiOriented:v=2.4.2
prov=University of Rostock/Institute of Mathematics/CITlab/Tobias Gruening/tobias.gruening@uni-rostock.de:name=/mnt/transkribus/LA/DEA/URO/LA_news_onb_att.pb:de.uros.citlab.segmentation.CITlab_LA_ML:v=2.4.2
Transkribus</Creator>
        <Created>2019-10-07T11:37:55.943+02:00</Created>
        <LastChange>2019-10-08T13:42:44.748+02:00</LastChange>
        <TranskribusMetadata docId="223984" pageId="9500420" pageNr="24" tsid="16582428" status="IN_PROGRESS" userId="40391" imgUrl="https://files.transkribus.eu/Get?id=FOSYNBWNZGWGPUBRVJCXNHWI&amp;fileType=view" xmlUrl="https://files.transkribus.eu/Get?id=GSRLHCJEAWLBTEQFDCFFPWVD" imageId="6190642"/>
    </Metadata>
    <Page imageFilename="223984_0024.jpeg" imageWidth="3392" imageHeight="4384">
        <ReadingOrder>
            <OrderedGroup id="ro_1711448028625" caption="Regions reading order">
                <RegionRefIndexed index="0" regionRef="r1"/>
                <RegionRefIndexed index="1" regionRef="r2"/>
                <RegionRefIndexed index="2" regionRef="r3"/>
            </OrderedGroup>
        </ReadingOrder>
        <TextRegion orientation="0.0" id="r1" custom="readingOrder {index:0;}">
            <Coords points="302,78 302,251 840,251 840,78"/>
            <TextLine id="r1l1" custom="readingOrder {index:0;}">
                <Coords points="293,203 426,190 513,217 847,218 850,149 751,127 664,140 643,123 608,144 562,122 457,165 391,123 296,128"/>
                <Baseline points="302,178 328,180 355,182 382,184 409,186 436,188 463,190 490,192 517,193 544,195 571,196 597,198 624,199 651,200 678,201 705,201 732,201 759,200 786,200 813,198 840,197"/>
                <TextEquiv>
                    <Unicode>11. Reigen</Unicode>
                </TextEquiv>
            </TextLine>
            <TextEquiv>
                <Unicode>11. Reigen</Unicode>
            </TextEquiv>
        </TextRegion>
        <TextRegion orientation="0.0" id="r2" custom="readingOrder {index:1;}">
            <Coords points="1009,81 1009,239 1449,239 1449,81"/>
            <TextLine id="r2l1" custom="readingOrder {index:0;}">
                <Coords points="1001,192 1178,205 1228,187 1325,205 1456,185 1456,135 1393,139 1351,118 1242,124 1206,146 1056,128 1002,140"/>
                <Baseline points="1009,181 1034,183 1060,184 1086,186 1112,187 1138,188 1164,189 1190,189 1216,189 1241,189 1267,189 1293,189 1319,188 1345,187 1371,187 1397,185 1423,185 1449,183"/>
                <TextEquiv>
                    <Unicode>box 19/1</Unicode>
                </TextEquiv>
            </TextLine>
            <TextEquiv>
                <Unicode>box 19/1</Unicode>
            </TextEquiv>
        </TextRegion>
        <TextRegion orientation="0.0" id="r3" custom="readingOrder {index:2;}">
            <Coords points="1367,1023 1367,4100 2597,4100 2597,1023"/>
            <TextLine id="r3l1" custom="readingOrder {index:0;}">
                <Coords points="1913,1048 1923,1048 1933,1056 1952,1061 1963,1058 1981,1067 2003,1049 2018,1055 2017,999 1992,1007 1984,1003 1967,1012 1954,1003 1938,1011 1913,1011"/>
                <Baseline points="1921,1049 1951,1047 1981,1048 2011,1047"/>
                <TextEquiv>
                    <Unicode>20</Unicode>
                </TextEquiv>
            </TextLine>
            <TextLine id="r3l2" custom="readingOrder {index:1;}">
                <Coords points="1400,1159 2575,1156 2352,1102 1400,1127"/>
                <Baseline points="1407,1159 1465,1160 1523,1161 1581,1162 1639,1162 1697,1163 1755,1163 1813,1163 1871,1163 1929,1162 1987,1162 2045,1161 2103,1160 2161,1160 2219,1159 2277,1158 2335,1157 2393,1156 2451,1155 2509,1153 2567,1152"/>
                <TextEquiv>
                    <Unicode>For centuries, the task of censorship of literature,</Unicode>
                </TextEquiv>
            </TextLine>
            <TextLine id="r3l3" custom="readingOrder {index:2;}">
                <Coords points="1359,1208 2571,1220 2571,1185 2458,1160 1359,1185"/>
                <Baseline points="1367,1213 1426,1214 1486,1215 1546,1216 1606,1216 1666,1217 1726,1217 1785,1217 1845,1217 1905,1217 1965,1216 2025,1216 2085,1215 2145,1215 2204,1214 2264,1213 2324,1212 2384,1210 2444,1209 2504,1207 2564,1206"/>
                <TextEquiv>
                    <Unicode>which was likely to corrupt public morality, has</Unicode>
                </TextEquiv>
            </TextLine>
            <TextLine id="r3l4" custom="readingOrder {index:3;}">
                <Coords points="1369,1273 2532,1277 2569,1220 1369,1231"/>
                <Baseline points="1377,1265 1436,1266 1495,1267 1554,1268 1613,1269 1673,1269 1732,1270 1791,1270 1850,1269 1909,1269 1969,1269 2028,1268 2087,1267 2146,1266 2205,1265 2265,1264 2324,1263 2383,1262 2442,1261 2501,1260 2561,1259"/>
                <TextEquiv>
                    <Unicode>devolved upon the magistrates or judges sitting at</Unicode>
                </TextEquiv>
            </TextLine>
            <TextLine id="r3l5" custom="readingOrder {index:4;}">
                <Coords points="1368,1321 2484,1332 2565,1309 2565,1274 1368,1281"/>
                <Baseline points="1375,1321 1434,1320 1493,1319 1552,1318 1611,1318 1670,1317 1729,1317 1788,1317 1847,1317 1906,1317 1966,1317 2025,1317 2084,1317 2143,1316 2202,1316 2261,1315 2320,1314 2379,1313 2438,1311 2497,1309 2557,1306"/>
                <TextEquiv>
                    <Unicode>criminal terms. Literature, which in the past has</Unicode>
                </TextEquiv>
            </TextLine>
            <TextLine id="r3l6" custom="readingOrder {index:5;}">
                <Coords points="1370,1376 2525,1373 2561,1326 1370,1336"/>
                <Baseline points="1377,1370 1435,1370 1494,1370 1553,1370 1612,1370 1671,1370 1729,1370 1788,1370 1847,1370 1906,1369 1965,1369 2023,1368 2082,1368 2141,1367 2200,1366 2259,1365 2317,1364 2376,1363 2435,1361 2494,1360 2553,1358"/>
                <TextEquiv>
                    <Unicode>been adjudged by judges of eriminal courts, as fall¬</Unicode>
                </TextEquiv>
            </TextLine>
            <TextLine id="r3l7" custom="readingOrder {index:6;}">
                <Coords points="1370,1439 2567,1426 2567,1385 2483,1370 1370,1379"/>
                <Baseline points="1378,1425 1437,1425 1496,1425 1555,1425 1614,1424 1673,1424 1732,1423 1791,1422 1850,1421 1909,1420 1968,1419 2027,1418 2086,1417 2145,1416 2204,1416 2263,1415 2322,1414 2381,1414 2440,1414 2499,1414 2559,1415"/>
                <TextEquiv>
                    <Unicode>ing within the ban of prescribed literature, has,</Unicode>
                </TextEquiv>
            </TextLine>
            <TextLine id="r3l8" custom="readingOrder {index:7;}">
                <Coords points="1379,1483 2487,1479 2571,1469 2571,1426 1378,1450"/>
                <Baseline points="1386,1476 1444,1475 1503,1474 1562,1473 1621,1473 1680,1472 1739,1472 1797,1471 1856,1471 1915,1471 1974,1470 2033,1470 2092,1470 2151,1469 2209,1468 2268,1468 2327,1467 2386,1466 2445,1464 2504,1462 2563,1461"/>
                <TextEquiv>
                    <Unicode>with time, met with public approval, and some of it</Unicode>
                </TextEquiv>
            </TextLine>
            <TextLine id="r3l9" custom="readingOrder {index:8;}">
                <Coords points="1366,1529 2575,1524 2574,1480 2472,1472 1365,1486"/>
                <Baseline points="1373,1528 1432,1527 1492,1526 1552,1525 1611,1525 1671,1524 1731,1524 1790,1524 1850,1524 1910,1523 1970,1523 2029,1523 2089,1523 2149,1522 2208,1522 2268,1521 2328,1520 2387,1519 2447,1518 2507,1516 2567,1515"/>
                <TextEquiv>
                    <Unicode>is to be found in classic libraries and among the</Unicode>
                </TextEquiv>
            </TextLine>
            <TextLine id="r3l10" custom="readingOrder {index:9;}">
                <Coords points="1370,1572 2528,1588 2579,1527 1370,1541"/>
                <Baseline points="1377,1576 1436,1576 1496,1576 1556,1575 1615,1575 1675,1575 1735,1574 1794,1574 1854,1574 1914,1573 1974,1573 2033,1572 2093,1572 2153,1572 2212,1571 2272,1571 2332,1571 2391,1571 2451,1571 2511,1571 2571,1571"/>
                <TextEquiv>
                    <Unicode>books recommended for the education of the rising</Unicode>
                </TextEquiv>
            </TextLine>
            <TextLine id="r3l11" custom="readingOrder {index:10;}">
                <Coords points="1367,1640 1382,1638 1400,1652 1455,1634 1507,1644 1544,1635 1570,1649 1582,1637 1620,1632 1649,1641 1658,1639 1658,1610 1558,1583 1511,1601 1495,1592 1476,1600 1405,1592 1367,1615"/>
                <Baseline points="1374,1632 1399,1629 1424,1627 1449,1627 1474,1626 1499,1625 1525,1625 1550,1625 1575,1625 1600,1626 1625,1626 1651,1626"/>
                <TextEquiv>
                    <Unicode>generation.</Unicode>
                </TextEquiv>
            </TextLine>
            <TextLine id="r3l12" custom="readingOrder {index:11;}">
                <Coords points="1436,1691 2558,1682 2558,1636 2480,1615 2393,1646 1436,1636"/>
                <Baseline points="1443,1675 1498,1677 1553,1679 1609,1680 1664,1681 1720,1682 1775,1683 1830,1683 1886,1683 1941,1683 1997,1683 2052,1682 2107,1682 2163,1681 2218,1679 2274,1678 2329,1676 2384,1675 2440,1673 2495,1671 2551,1668"/>
                <TextEquiv>
                    <Unicode>While on the other hand, certain books ofa char¬</Unicode>
                </TextEquiv>
            </TextLine>
            <TextLine id="r3l13" custom="readingOrder {index:12;}">
                <Coords points="1369,1748 2569,1732 2568,1682 1369,1701"/>
                <Baseline points="1377,1733 1436,1732 1495,1732 1554,1731 1613,1731 1673,1731 1732,1730 1791,1730 1850,1729 1909,1729 1969,1728 2028,1728 2087,1727 2146,1727 2205,1726 2265,1725 2324,1724 2383,1723 2442,1721 2501,1720 2561,1718"/>
                <TextEquiv>
                    <Unicode>acter which, judged by some criterion, might have</Unicode>
                </TextEquiv>
            </TextLine>
            <TextLine id="r3l14" custom="readingOrder {index:13;}">
                <Coords points="1373,1793 2567,1789 2567,1731 1373,1749"/>
                <Baseline points="1381,1781 1439,1781 1498,1781 1557,1781 1616,1782 1675,1782 1734,1783 1793,1783 1852,1783 1911,1784 1970,1784 2028,1784 2087,1784 2146,1783 2205,1782 2264,1781 2323,1780 2382,1778 2441,1776 2500,1773 2559,1769"/>
                <TextEquiv>
                    <Unicode>been construed as offensive, have, ever since their</Unicode>
                </TextEquiv>
            </TextLine>
            <TextLine id="r3l15" custom="readingOrder {index:14;}">
                <Coords points="1372,1840 2395,1848 2558,1826 2558,1793 1372,1806"/>
                <Baseline points="1380,1836 1438,1836 1497,1835 1555,1835 1614,1835 1672,1835 1731,1835 1789,1834 1848,1834 1906,1834 1965,1833 2024,1833 2082,1832 2141,1831 2199,1830 2258,1830 2316,1828 2375,1827 2433,1826 2492,1824 2551,1823"/>
                <TextEquiv>
                    <Unicode>original publication, for centuries, been in the libra¬</Unicode>
                </TextEquiv>
            </TextLine>
            <TextLine id="r3l16" custom="readingOrder {index:15;}">
                <Coords points="1371,1890 2313,1904 2536,1890 2572,1844 1371,1861"/>
                <Baseline points="1378,1888 1437,1888 1496,1888 1556,1887 1615,1887 1674,1887 1734,1887 1793,1886 1852,1886 1912,1885 1971,1885 2030,1884 2090,1883 2149,1882 2208,1882 2268,1881 2327,1880 2386,1879 2446,1878 2505,1877 2565,1876"/>
                <TextEquiv>
                    <Unicode>ries of our public schools, as well as high-schools.</Unicode>
                </TextEquiv>
            </TextLine>
            <TextLine id="r3l17" custom="readingOrder {index:16;}">
                <Coords points="1369,1942 2361,1955 2529,1945 2578,1897 1369,1900"/>
                <Baseline points="1377,1939 1436,1939 1496,1939 1556,1939 1615,1939 1675,1938 1735,1938 1794,1937 1854,1937 1914,1936 1974,1935 2033,1934 2093,1933 2153,1932 2212,1932 2272,1931 2332,1930 2391,1929 2451,1928 2511,1928 2571,1927"/>
                <TextEquiv>
                    <Unicode>Among these later ones could perhaps be mentioned</Unicode>
                </TextEquiv>
            </TextLine>
            <TextLine id="r3l18" custom="readingOrder {index:17;}">
                <Coords points="1377,2003 2491,1998 2578,1953 1376,1946"/>
                <Baseline points="1384,1991 1443,1991 1502,1991 1561,1991 1621,1990 1680,1990 1739,1989 1799,1988 1858,1987 1917,1987 1977,1986 2036,1985 2095,1984 2154,1983 2214,1982 2273,1982 2332,1981 2392,1981 2451,1981 2510,1981 2570,1981"/>
                <TextEquiv>
                    <Unicode>Shakespeare's“ The Passionate Pilgrim' as well as</Unicode>
                </TextEquiv>
            </TextLine>
            <TextLine id="r3l19" custom="readingOrder {index:18;}">
                <Coords points="1372,2043 2566,2048 2565,1997 2505,1991 1371,2005"/>
                <Baseline points="1379,2043 1438,2043 1497,2042 1556,2042 1615,2041 1674,2040 1733,2039 1792,2038 1851,2038 1910,2037 1969,2036 2028,2036 2087,2035 2146,2034 2205,2034 2264,2033 2323,2033 2382,2033 2441,2033 2500,2033 2559,2034"/>
                <TextEquiv>
                    <Unicode>some works of Sterne, and many other anthors. At</Unicode>
                </TextEquiv>
            </TextLine>
            <TextLine id="r3l20" custom="readingOrder {index:19;}">
                <Coords points="1377,2102 2439,2102 2568,2090 2568,2048 1377,2054"/>
                <Baseline points="1385,2093 1443,2094 1502,2093 1561,2093 1620,2093 1679,2092 1737,2092 1796,2091 1855,2090 1914,2089 1973,2089 2031,2088 2090,2087 2149,2086 2208,2086 2267,2085 2325,2084 2384,2084 2443,2083 2502,2083 2561,2083"/>
                <TextEquiv>
                    <Unicode>best, the duty of the magistrate, who is asked to</Unicode>
                </TextEquiv>
            </TextLine>
            <TextLine id="r3l21" custom="readingOrder {index:20;}">
                <Coords points="1370,2158 2525,2150 2560,2103 1369,2118"/>
                <Baseline points="1377,2147 1435,2146 1494,2145 1553,2144 1612,2143 1671,2142 1729,2142 1788,2141 1847,2140 1906,2140 1965,2139 2023,2139 2082,2138 2141,2137 2200,2136 2259,2136 2317,2135 2376,2134 2435,2133 2494,2132 2553,2131"/>
                <TextEquiv>
                    <Unicode>pass on the moralistie qualities of contemporary</Unicode>
                </TextEquiv>
            </TextLine>
            <TextLine id="r3l22" custom="readingOrder {index:21;}">
                <Coords points="1377,2206 2435,2206 2577,2188 2577,2151 1377,2158"/>
                <Baseline points="1385,2196 1444,2196 1503,2195 1562,2194 1621,2194 1681,2193 1740,2193 1799,2192 1858,2192 1917,2191 1977,2191 2036,2190 2095,2190 2154,2189 2213,2189 2273,2188 2332,2188 2391,2187 2450,2187 2509,2186 2569,2185"/>
                <TextEquiv>
                    <Unicode>literature, is one of very serious responsibility and</Unicode>
                </TextEquiv>
            </TextLine>
            <TextLine id="r3l23" custom="readingOrder {index:22;}">
                <Coords points="1371,2246 2178,2250 2178,2200 1371,2204"/>
                <Baseline points="1379,2244 1418,2245 1458,2246 1497,2246 1537,2246 1577,2246 1616,2245 1656,2245 1695,2244 1735,2244 1775,2243 1814,2242 1854,2241 1893,2241 1933,2240 1973,2239 2012,2238 2052,2238 2091,2238 2131,2238 2171,2238"/>
                <TextEquiv>
                    <Unicode>must be scrupulously approsched.</Unicode>
                </TextEquiv>
            </TextLine>
            <TextLine id="r3l24" custom="readingOrder {index:23;}">
                <Coords points="1431,2296 2390,2309 2543,2294 2567,2256 1431,2260"/>
                <Baseline points="1438,2293 1494,2293 1550,2294 1606,2295 1662,2295 1718,2295 1774,2296 1830,2296 1886,2296 1942,2296 1998,2295 2054,2295 2110,2295 2166,2294 2222,2293 2278,2293 2334,2292 2390,2291 2446,2290 2502,2289 2559,2287"/>
                <TextEquiv>
                    <Unicode>Undoubtedly, some criterion ought to guide a</Unicode>
                </TextEquiv>
            </TextLine>
            <TextLine id="r3l25" custom="readingOrder {index:24;}">
                <Coords points="1382,2364 2519,2354 2570,2347 2570,2299 1382,2307"/>
                <Baseline points="1390,2352 1448,2351 1507,2350 1565,2349 1624,2348 1683,2348 1741,2347 1800,2346 1858,2346 1917,2345 1976,2344 2034,2344 2093,2343 2151,2342 2210,2342 2269,2341 2327,2340 2386,2339 2444,2338 2503,2338 2562,2336"/>
                <TextEquiv>
                    <Unicode>judge in coming to a determination on a tendeney</Unicode>
                </TextEquiv>
            </TextLine>
            <TextLine id="r3l26" custom="readingOrder {index:25;}">
                <Coords points="1378,2422 2444,2408 2579,2358 1377,2377"/>
                <Baseline points="1386,2404 1445,2402 1504,2401 1563,2400 1623,2399 1682,2398 1741,2397 1800,2397 1860,2396 1919,2396 1978,2396 2037,2395 2097,2395 2156,2394 2215,2394 2274,2393 2334,2391 2393,2390 2452,2389 2511,2386 2571,2384"/>
                <TextEquiv>
                    <Unicode>of disputed literature which is submitted to him for</Unicode>
                </TextEquiv>
            </TextLine>
            <TextLine id="r3l27" custom="readingOrder {index:26;}">
                <Coords points="1374,2466 2511,2463 2571,2447 2571,2407 1374,2426"/>
                <Baseline points="1381,2453 1440,2452 1499,2452 1558,2452 1617,2451 1676,2451 1735,2451 1794,2451 1853,2450 1912,2450 1972,2450 2031,2449 2090,2449 2149,2448 2208,2447 2267,2446 2326,2445 2385,2444 2444,2443 2503,2441 2563,2439"/>
                <TextEquiv>
                    <Unicode>determination. It would seem that such eriterion</Unicode>
                </TextEquiv>
            </TextLine>
            <TextLine id="r3l28" custom="readingOrder {index:27;}">
                <Coords points="1388,2531 1559,2503 2169,2510 2250,2500 2250,2456 1388,2474"/>
                <Baseline points="1396,2502 1438,2501 1480,2501 1523,2501 1565,2501 1607,2500 1650,2500 1692,2500 1734,2500 1777,2500 1819,2500 1861,2500 1904,2500 1946,2500 1988,2500 2031,2500 2073,2500 2115,2499 2158,2499 2200,2498 2243,2497"/>
                <TextEquiv>
                    <Unicode>should be two-fold in its character.</Unicode>
                </TextEquiv>
            </TextLine>
            <TextLine id="r3l29" custom="readingOrder {index:28;}">
                <Coords points="1433,2554 2496,2555 2566,2503 1432,2522"/>
                <Baseline points="1440,2554 1498,2554 1557,2553 1616,2553 1675,2553 1734,2553 1793,2553 1852,2553 1911,2553 1970,2553 2028,2553 2087,2552 2146,2552 2205,2551 2264,2550 2323,2549 2382,2547 2441,2546 2500,2543 2559,2540"/>
                <TextEquiv>
                    <Unicode>In the first place, the judge must take into con¬</Unicode>
                </TextEquiv>
            </TextLine>
            <TextLine id="r3l30" custom="readingOrder {index:29;}">
                <Coords points="1380,2627 2577,2598 2576,2560 2450,2542 1621,2578 1379,2548"/>
                <Baseline points="1387,2605 1446,2605 1505,2605 1564,2605 1623,2605 1682,2605 1741,2604 1800,2604 1859,2603 1918,2602 1978,2602 2037,2601 2096,2600 2155,2599 2214,2598 2273,2596 2332,2595 2391,2594 2450,2592 2509,2591 2569,2589"/>
                <TextEquiv>
                    <Unicode>sideration the time and the place where such litera¬</Unicode>
                </TextEquiv>
            </TextLine>
            <TextLine id="r3l31" custom="readingOrder {index:30;}">
                <Coords points="1375,2654 2586,2641 2540,2598 1375,2624"/>
                <Baseline points="1383,2659 1442,2658 1502,2657 1562,2657 1622,2656 1682,2656 1741,2655 1801,2655 1861,2655 1921,2654 1981,2654 2040,2654 2100,2653 2160,2653 2220,2652 2280,2651 2339,2650 2399,2648 2459,2647 2519,2645 2579,2642"/>
                <TextEquiv>
                    <Unicode>ture is given cireulation, and the tendency of such</Unicode>
                </TextEquiv>
            </TextLine>
            <TextLine id="r3l32" custom="readingOrder {index:31;}">
                <Coords points="1391,2714 2493,2727 2589,2653 1390,2668"/>
                <Baseline points="1398,2709 1457,2707 1516,2706 1575,2705 1634,2703 1693,2703 1752,2702 1812,2701 1871,2701 1930,2701 1989,2700 2048,2700 2107,2700 2166,2700 2226,2699 2285,2699 2344,2699 2403,2698 2462,2698 2521,2697 2581,2696"/>
                <TextEquiv>
                    <Unicode>literature to affect the morals, and its likelihood</Unicode>
                </TextEquiv>
            </TextLine>
            <TextLine id="r3l33" custom="readingOrder {index:32;}">
                <Coords points="1379,2763 1438,2783 1453,2768 1489,2762 1510,2774 1528,2763 1565,2764 1603,2781 1633,2762 1657,2762 1657,2729 1623,2718 1609,2728 1564,2722 1531,2730 1484,2721 1465,2735 1438,2732 1413,2714 1399,2730 1379,2733"/>
                <Baseline points="1387,2756 1413,2756 1439,2756 1465,2756 1491,2756 1518,2755 1544,2755 1570,2755 1596,2755 1622,2755 1649,2754"/>
                <TextEquiv>
                    <Unicode>to corrupt.</Unicode>
                </TextEquiv>
            </TextLine>
            <TextLine id="r3l34" custom="readingOrder {index:33;}">
                <Coords points="1439,2820 2305,2824 2576,2809 2576,2770 1438,2764"/>
                <Baseline points="1447,2807 1503,2809 1559,2810 1615,2811 1671,2811 1727,2811 1783,2811 1839,2811 1895,2810 1951,2809 2008,2808 2064,2807 2120,2806 2176,2804 2232,2803 2288,2801 2344,2799 2400,2797 2456,2796 2512,2794 2569,2792"/>
                <TextEquiv>
                    <Unicode>The precedents for the changeability of standards</Unicode>
                </TextEquiv>
            </TextLine>
            <TextLine id="r3l35" custom="readingOrder {index:34;}">
                <Coords points="1379,2869 2477,2866 2582,2854 2582,2812 1379,2821"/>
                <Baseline points="1386,2864 1445,2862 1504,2861 1564,2860 1623,2859 1683,2858 1742,2857 1802,2857 1861,2856 1921,2856 1980,2855 2039,2855 2099,2855 2158,2854 2218,2854 2277,2853 2337,2852 2396,2851 2456,2850 2515,2849 2575,2847"/>
                <TextEquiv>
                    <Unicode>of public morality are plentiful in history. We need</Unicode>
                </TextEquiv>
            </TextLine>
            <TextLine id="r3l36" custom="readingOrder {index:35;}">
                <Coords points="1381,2911 2365,2925 2552,2912 2576,2857 1381,2886"/>
                <Baseline points="1388,2914 1447,2914 1506,2914 1565,2914 1624,2913 1683,2913 1742,2913 1801,2913 1860,2913 1919,2912 1978,2912 2037,2911 2096,2911 2155,2910 2214,2909 2273,2908 2332,2907 2391,2906 2450,2904 2509,2903 2569,2900"/>
                <TextEquiv>
                    <Unicode>only be reminded that one of the great fgures of</Unicode>
                </TextEquiv>
            </TextLine>
            <TextLine id="r3l37" custom="readingOrder {index:36;}">
                <Coords points="1386,2966 2573,2955 2572,2922 2484,2908 1386,2939"/>
                <Baseline points="1393,2967 1451,2966 1510,2965 1568,2964 1627,2964 1686,2963 1744,2963 1803,2962 1861,2962 1920,2962 1979,2961 2037,2961 2096,2960 2154,2960 2213,2959 2272,2959 2330,2958 2389,2958 2447,2957 2506,2956 2565,2955"/>
                <TextEquiv>
                    <Unicode>the American Revolution, Thomas Paine, was in¬</Unicode>
                </TextEquiv>
            </TextLine>
            <TextLine id="r3l38" custom="readingOrder {index:37;}">
                <Coords points="1389,3034 2538,3019 2577,2972 1389,2981"/>
                <Baseline points="1396,3020 1454,3018 1513,3017 1572,3016 1630,3015 1689,3014 1748,3013 1806,3013 1865,3012 1924,3012 1983,3011 2041,3011 2100,3010 2159,3010 2217,3009 2276,3009 2335,3008 2393,3008 2452,3007 2511,3006 2570,3006"/>
                <TextEquiv>
                    <Unicode>dicted and tried in England, forthe publication of</Unicode>
                </TextEquiv>
            </TextLine>
            <TextLine id="r3l39" custom="readingOrder {index:38;}">
                <Coords points="1383,3065 2462,3071 2580,3023 1383,3026"/>
                <Baseline points="1391,3067 1450,3067 1509,3067 1568,3067 1627,3067 1686,3066 1745,3066 1804,3066 1863,3066 1922,3065 1982,3065 2041,3065 2100,3064 2159,3063 2218,3062 2277,3062 2336,3060 2395,3059 2454,3057 2513,3055 2573,3053"/>
                <TextEquiv>
                    <Unicode>the“The Riz ht of Man' in 1797, before Lord Chief</Unicode>
                </TextEquiv>
            </TextLine>
            <TextLine id="r3l40" custom="readingOrder {index:39;}">
                <Coords points="1381,3115 2583,3124 2582,3067 2534,3058 1381,3099"/>
                <Baseline points="1389,3122 1448,3121 1507,3120 1566,3119 1626,3119 1685,3118 1744,3117 1804,3117 1863,3116 1922,3116 1982,3115 2041,3115 2100,3114 2159,3114 2219,3113 2278,3112 2337,3112 2397,3110 2456,3109 2515,3108 2575,3106"/>
                <TextEquiv>
                    <Unicode>Justice Kenyon. (Stephen, Volume 2, page 473;</Unicode>
                </TextEquiv>
            </TextLine>
            <TextLine id="r3l41" custom="readingOrder {index:40;}">
                <Coords points="1385,3169 2587,3168 2586,3120 2517,3117 1385,3150"/>
                <Baseline points="1393,3173 1452,3173 1511,3172 1570,3172 1630,3171 1689,3171 1748,3170 1808,3170 1867,3169 1926,3168 1986,3167 2045,3166 2104,3165 2163,3164 2223,3163 2282,3162 2341,3161 2401,3161 2460,3160 2519,3159 2579,3159"/>
                <TextEquiv>
                    <Unicode>see also 26 Bowell’s State trials, 644.) To-day, the</Unicode>
                </TextEquiv>
            </TextLine>
            <TextLine id="r3l42" custom="readingOrder {index:41;}">
                <Coords points="1390,3221 2583,3212 2582,3166 1390,3186"/>
                <Baseline points="1398,3226 1456,3225 1515,3224 1574,3222 1633,3222 1692,3221 1751,3220 1809,3220 1868,3220 1927,3219 1986,3219 2045,3219 2104,3218 2163,3218 2221,3217 2280,3216 2339,3215 2398,3214 2457,3212 2516,3210 2575,3207"/>
                <TextEquiv>
                    <Unicode>works of Paine are available to the mature readers</Unicode>
                </TextEquiv>
            </TextLine>
            <TextLine id="r3l43" custom="readingOrder {index:42;}">
                <Coords points="1385,3287 2593,3273 2562,3215 1385,3250"/>
                <Baseline points="1393,3275 1452,3274 1512,3274 1571,3274 1631,3273 1691,3272 1750,3272 1810,3271 1869,3271 1929,3270 1989,3269 2048,3269 2108,3268 2167,3267 2227,3266 2287,3265 2346,3265 2406,3264 2465,3263 2525,3262 2585,3261"/>
                <TextEquiv>
                    <Unicode>of both England, as well as America. The case of</Unicode>
                </TextEquiv>
            </TextLine>
            <TextLine id="r3l44" custom="readingOrder {index:43;}">
                <Coords points="1389,3325 2390,3328 2334,3270 1389,3297"/>
                <Baseline points="1397,3326 1446,3325 1495,3323 1544,3322 1594,3321 1643,3321 1692,3320 1741,3320 1791,3319 1840,3319 1889,3319 1938,3318 1988,3318 2037,3318 2086,3318 2135,3318 2185,3318 2234,3317 2283,3317 2332,3317 2382,3316"/>
                <TextEquiv>
                    <Unicode>the trial of Charles Bradlaugh, is in point.</Unicode>
                </TextEquiv>
            </TextLine>
            <TextLine id="r3l45" custom="readingOrder {index:44;}">
                <Coords points="1439,3373 2593,3370 2534,3321 1439,3346"/>
                <Baseline points="1447,3375 1503,3375 1560,3375 1617,3375 1674,3375 1731,3375 1788,3374 1845,3374 1902,3374 1959,3373 2016,3373 2072,3372 2129,3371 2186,3370 2243,3370 2300,3369 2357,3368 2414,3367 2471,3366 2528,3365 2585,3364"/>
                <TextEquiv>
                    <Unicode>In 1883, Bradlaugh was tried under the acts of</Unicode>
                </TextEquiv>
            </TextLine>
            <TextLine id="r3l46" custom="readingOrder {index:45;}">
                <Coords points="1391,3430 2137,3448 2605,3413 2542,3369 1391,3384"/>
                <Baseline points="1398,3430 1461,3431 1524,3431 1587,3431 1650,3431 1713,3430 1776,3430 1839,3429 1902,3428 1965,3427 2029,3426 2092,3425 2155,3424 2218,3423 2281,3422 2344,3421 2407,3420 2470,3419 2533,3419 2597,3419"/>
                <TextEquiv>
                    <Unicode>William and Mary, and although he was acquitted</Unicode>
                </TextEquiv>
            </TextLine>
            <TextLine id="r3l47" custom="readingOrder {index:46;}">
                <Coords points="1803,4103 1849,4104 1866,4099 1882,4111 1914,4116 1913,4066 1895,4067 1881,4054 1855,4061 1828,4043 1801,4050"/>
                <Baseline points="1810,4088 1842,4087 1874,4085 1906,4086"/>
                <TextEquiv>
                    <Unicode>Sie en</Unicode>
                </TextEquiv>
            </TextLine>
            <TextEquiv>
                <Unicode>20
For centuries, the task of censorship of literature,
which was likely to corrupt public morality, has
devolved upon the magistrates or judges sitting at
criminal terms. Literature, which in the past has
been adjudged by judges of eriminal courts, as fall¬
ing within the ban of prescribed literature, has,
with time, met with public approval, and some of it
is to be found in classic libraries and among the
books recommended for the education of the rising
generation.
While on the other hand, certain books ofa char¬
acter which, judged by some criterion, might have
been construed as offensive, have, ever since their
original publication, for centuries, been in the libra¬
ries of our public schools, as well as high-schools.
Among these later ones could perhaps be mentioned
Shakespeare's“ The Passionate Pilgrim' as well as
some works of Sterne, and many other anthors. At
best, the duty of the magistrate, who is asked to
pass on the moralistie qualities of contemporary
literature, is one of very serious responsibility and
must be scrupulously approsched.
Undoubtedly, some criterion ought to guide a
judge in coming to a determination on a tendeney
of disputed literature which is submitted to him for
determination. It would seem that such eriterion
should be two-fold in its character.
In the first place, the judge must take into con¬
sideration the time and the place where such litera¬
ture is given cireulation, and the tendency of such
literature to affect the morals, and its likelihood
to corrupt.
The precedents for the changeability of standards
of public morality are plentiful in history. We need
only be reminded that one of the great fgures of
the American Revolution, Thomas Paine, was in¬
dicted and tried in England, forthe publication of
the“The Riz ht of Man' in 1797, before Lord Chief
Justice Kenyon. (Stephen, Volume 2, page 473;
see also 26 Bowell’s State trials, 644.) To-day, the
works of Paine are available to the mature readers
of both England, as well as America. The case of
the trial of Charles Bradlaugh, is in point.
In 1883, Bradlaugh was tried under the acts of
William and Mary, and although he was acquitted
Sie en</Unicode>
            </TextEquiv>
        </TextRegion>
    </Page>
</PcGts>
