3436 4384
298 89 854 204 11. Reigen
1012 88 1446 177 box 19/1
1510 1043 2675 1110 Can it be said that the guilt of the defendant in
1461 1121 2666 1173 this case is beyond any reasonable doubt? Consider
1464 1167 2674 1247 the divergent reaction of the various judges who
1452 1233 2349 1308 have heretofore passed on“ Reigen':
1503 1291 2663 1343 Proceedings were first ccmmeneed against one
1455 1349 2669 1420 Gottschalk for the sale of“ Reigen“ in the Magis¬
1465 1409 2656 1492 trate's Court bythe New Vork Society for the Sup¬
1453 1475 2662 1538 pression of Vice. On November 27, 1929, Judge
1457 1533 2670 1614 Brodsky dismissed the complaint and wrote an ad¬
1466 1593 2664 1657 mirable opinion, which we annex hereto and mark
1466 1651 2675 1712 Exhibit A. The score was 1 to 0 in favor of the
1456 1726 2662 1780 book. Within two months Pesky, the defendant in
1459 1788 2658 1851 the instant case, was haled into the Court of Spe¬
1470 1844 2658 1909 cial Sessions of the City of New York; and by a
1472 1906 2654 1968 vote of 2 to 1, was declared obscene. Af that mo¬
1460 1956 2672 2036 ment the score as to its obscenity stood 2 to 2, two
1459 2021 2661 2079 judges having upheld it, and two condemned it.
1465 2074 2663 2137 Onthe appeal to the Appellate Division, the Appel¬
1459 2141 2671 2198 late Court divided bya vote of 3 to 2; and the score
1466 2197 2670 2275 now stands 5 to 4 against the book. Is it possible
1464 2269 2658 2338 to urge that the defendant is guilty “to a moral cer¬
1470 2326 2676 2398 tainty“’ when among thetjudiciary itself there has
1471 2381 2412 2451 been such a sharp cleavage of opinion?
1517 2446 2667 2497 Any censorship of literature is, in the final analy¬
1460 2512 2660 2564 sis, an impairment of the basic rights of freedom of
1467 2568 2659 2628 the press, and must be reluctantly exercised. As
1459 2630 2676 2691 Justice Oliver Wendell Holmes said in the case of
1462 2682 2334 2766 U. S. v. Schwimmer, 279 U. S. 644:
1617 2768 2668 2839 „if there is any principle of the
1565 2823 2676 2890 Constitution that more imperatively calls for
1571 2872 2678 2946 attachment than any other, it is the principle
1572 2930 2682 2977 of free thought, not free thought with those who
1573 2978 2690 3049 agree with us, but freedom for the thought that
1556 3030 1815 3098 we hate.?
