3484 4384
319 109 918 212 11. Reigen
1026 96 1456 187 box 19/1
1628 958 1713 1056 17
1130 1078 2271 1140 Reigen“ exposes the sordidness of illicit love.
1064 1140 2262 1224 It is a record of ten episodes of promiscnons philan¬
1070 1202 2262 1270 dering. The vices and follies of the characters of
1079 1267 2269 1321 the drama run the range from deceit, weakness,
1063 1323 2270 1400 cruelty, jealousy, greed, lust, betrayal to disgust
1076 1387 2268 1445 and brutal indifference. The incidents, for all their
1078 1443 2263 1525 vividness, are delicately portrayed. The author
1065 1505 2274 1576 presents no praise of illicit love, no glorification of
1079 1577 2268 1637 sexual adventures, no exploitation of vulgar and
1066 1621 2262 1709 indecent details. Rather are we confronted with
1076 1689 2265 1756 Drief, deftly written vignettes which unmask the
1067 1755 2261 1813 utter futility of attempting to secure abiding satis¬
1071 1810 2263 1865 faction from indulgence and sensuality. The actors
1063 1868 2267 1942 of the drama are by turns weak, blundering, greedy,
1064 1940 2276 1996 lustful, graceless, cowardly, ridiculous, defeated
1060 2015 2264 2076 and unhappy. No one after reading“Reigen'
1080 2055 2277 2137 would be likely to envy ang of them. No one would
1078 2117 2267 2190 be likely to be prompted to emulate their example.
1420 2216 1900 2308 Conczusion.
1115 2340 2258 2426 When the Court of Appeals legalized Mademoi¬
1068 2402 2253 2474 selle De Maupin, which counselled fornication, en¬
1065 2485 2262 2547 couraged adultery and made light of virtue, it estab¬
1056 2543 2268 2608 lished a frontier forthe freedom of expression which
1074 2588 2281 2672 Reigen' has far from transgressed. It is a modern
1059 2653 2256 2731 classic and has been recognized as such bythe civil¬
1065 2720 2275 2793 ized world. It more than deserves the sanction of
1067 2760 1353 2842 this Court.
1358 2884 1957 2970 Respectfully submitted,
1760 2994 2214 3083 Mokkis L. ERNST,
1816 3069 2266 3151 Attorney at Law.
