3436 4384
304 129 902 236 11. Reigen
1026 125 1457 216 box 19/1
2075 942 2176 1013 16
1560 1051 2728 1128 For all of these opinions, with the exception of
1521 1126 2723 1183 that of Dr. Otto P. Schinnerer, we respectfully
1518 1169 2731 1247 refer the Court to Der Kampf Um Den Reigen, the
1512 1237 2736 1307 original German court record of which a copy is
1517 1298 2026 1370 herewith submitted.
1565 1359 2714 1427 The Encyclopedia Britannica and the Columbia
1513 1410 2710 1477 University Correspondence Course on World Litera¬
1515 1491 2733 1553 ture speaks of his limpid style, his sense of humor,
1520 1535 2719 1600 his inimitable touch and his gift of characterization.
1529 1601 2732 1663 He is not an obscure writer endeavoring to gain
1518 1654 2725 1715 notoriety through a sensational work. He is an
1523 1718 2070 1799 artist of the first rank.
1575 1770 2720 1850 We respectfully call attention to the great num¬
1528 1834 2718 1913 ber of opinions of educators, literary men and mem¬
1534 1901 2719 1973 bers of the medical professions, which appear in the
1531 1948 2723 2039 court records of the Magistrate’s Court of the City
1520 2020 2725 2099 of New York, Borough of Manhattan, Fourth Dis¬
1524 2087 2734 2158 trict, in connection with the attempted suppression
1529 2154 2724 2217 of: Casanova’s Homecoming“, also written by the
1534 2221 2722 2273 same author, Dr. Arthur Schnitzler. In that case
1534 2274 2717 2340 an opinion was rendered by Judge Gottlieb on Sep¬
1523 2334 2733 2394 tember 25, 1930, dismissing the complaint. In this
1526 2410 2718 2455 opinion the Court referred to the high commenda¬
1526 2447 2734 2533 tion of Dr. Schnitzler’s literary skill and artistry,
1532 2507 2730 2580 submitted, among others, by such distinguished
1521 2579 2724 2653 men as Sinclair Lewis, H. L. Mencken, Heywood
1514 2627 2735 2714 Broun, Theodore Dreiser, Reverend Charles Francis
1532 2704 2732 2771 Potter and John Erskine, In the Court record of
1528 2759 2734 2814 the same case will be found, in addition, the critical
1522 2818 2719 2893 testimony of the following: Professor Allen W.
1522 2873 2725 2941 Porterfield, of West Virginia University; Professor
1526 2938 2723 3017 Horace M. Kallen, of Ohio State University; Hon.
1529 2998 2727 3085 Louis I. Harris, former Health Commissioner of
1531 3063 2728 3143 the City of New York; Dr. A. A. Brill; Dr. Henry
1524 3125 2727 3188 Smith Williams; Dr. Samuel J. Kopetzky, Editor
1530 3201 2741 3262 of the official organ of the Medical Society of the
1539 3245 2745 3326 County of New York; Jess Perlman, Director ofthe
1530 3311 2242 3376 Associated Guidance Bureau.
