3392 4320
1447 283 1906 378 box 36/6
100 276 1326 410 1. Panphletsoffbrints
956 956 2007 1048 Fosef Körner: Arthur Schnitzlers Gestalten und Probleme
612 964 744 1047 1002
1486 1028 2366 1106 Mädel“, ein Genügen —, und wie er
609 1033 1486 1114 bricht. In diesem Augenblicke höchsten
1496 1083 2371 1153 seinen beiden Freunden, dem „traurigen“.
607 1090 1479 1162 Wirrwarrs, „tritt ein Mann auf, in einen
1499 1140 2372 1207 und dem „heiteren“ sein Schicksal klagt,
607 1154 1478 1220 blauen Mantel gehüllt, langes blasses
1504 1187 2375 1257 stellt sich heraus, daß diese, einer ohne
615 1194 1479 1267 Gesicht, schwarze Lockenhaare. Er trägt
1499 1237 2374 1292 Wissen des anderen, die Liebe der Her¬
610 1242 1487 1313 ein langes bloßes Schwert in der Hand.
1494 1287 2384 1353 zogin genossen haben. Wie sich aber der
614 1288 1487 1360 Er schreitet bis zu den Stufen hin und
1498 1337 2375 1400 Held zum Duell, und das heißt diesmal
605 1339 1475 1410 trennt mit einem Hieb alle Drähte.“ Die
1500 1382 2383 1450 zum sicheren Tode, bereitet, kommt die
618 1380 1486 1448 Marionetten, die, des Dichters ungefragt,
1497 1432 2386 1490 Herzogin und bietet sich ihm an. „Der
611 1440 1490 1497 bereits selbständig im Raume zu walten
1496 1478 2377 1549 Herzog erschießt Sie morgen, Sie sollen
610 1489 1491 1559 gewagt hatten, stürzen zu Boden. „Wer
1497 1529 2370 1598 wenigstens wissen, warum.“ Doch plötz¬
614 1534 1493 1619 bist du?“ — fragt der Dichter seinen
1493 1572 2389 1641 lich naht ihr Gemahl und rasch flüchtet
614 1576 1487 1663 Nächer; „wie neun ich dich?“ Und es
1503 1627 2386 1689 sie ins Schlafzimmer. Aber nicht um zu
620 1640 865 1719 antwortet
1503 1682 2390 1735 rächen kommt der Herzog, sondern um
785 1690 1324 1781 Der Unbekannte.
1504 1728 2376 1793 dem Helden, von dessen Schuldlosigkeit
1505 1787 2378 1836 er sich überzeugt hat, sein Unrecht abzu¬
615 1772 1441 1843 Du fragst zu viel. Was ich bedeuten mag —
1501 1816 2388 1891 bitten. Da tritt Liesl ein und es wird
623 1823 1068 1892 Ich weiß es nicht. —
1501 1879 2395 1942 offenbar, daß sie, trotz ihrer Liebe zum
623 1862 1489 1940 Dies Schwert hier aber macht es offenbar,
622 1921 1492 1982 Wer eine Puppe, wer ein Mensch nur war.
1502 1922 2394 1984 Helden, dem Herzog angehört hat. Nun
634 1974 1432 2044 Auch unsichtbaren Draht trennt diese
1510 1970 2390 2036 fordert der Held seinerseits den Verführer
1280 2019 1497 2076 Schneide
1513 2029 2390 2089 seines Mädels heraus, der aber schlägt sich
1508 2085 2396 2135 wohl für eine Herzogin, doch nicht für ein
617 2051 1500 2134 Zu manches stolzen Puppenspielers Leide!
1511 2132 2388 2195 Mädel. Da denkt der Held an andere
623 2120 1490 2189 (Er fährt mit dem Schwert über die ganze
626 2160 1494 2236 Bühne; alle Lichter verlöschen und alle Menschen
1508 2177 2387 2231 Nache; — die Herzogin ist ja in seinem
750 2214 1382 2275 außer ihm selbst sinken zusammen.)
1503 2216 2397 2291 Schlafzimmer. Sie will jedoch nichts mehr
625 2253 874 2343 Auch ihr?
1511 2276 2387 2339 von ihm wissen. Sie „liebte nur einen,
846 2297 1293 2380 (Da der Dichter sinkt.)
1513 2315 2381 2377 der morgen fällt". Sobald der Nimbus
1503 2375 2382 2426 des Totgeweihten seine Stirne nicht mehr
635 2356 1499 2452 Auch du? — Mir graut vor meiner Macht!
1507 2413 2396 2481 umstrahlt, ist er ihr in die Alltäglichkeit
696 2431 1498 2493 Und indem er ganz nach vorne tritt,
1515 2461 2394 2533 zurückgesunken und reizt ihr Begehren nicht
634 2473 1499 2539 redet er die Zuschauer — nicht mehr die
1519 2510 2390 2576 mehr. Nun wendet sich der Held wieder
636 2529 1506 2590 des Puppenspieles, die der Schnitzlerschen
1514 2568 2393 2648 seiner Liesl zu: er fordert die Ungetreue
629 2580 1502 2646 Dichtung sind gemeint — mit den Worten
1517 2613 2071 2693 auf, mit ihm zu sterben,
626 2628 1217 2712 an, die das Stück enden:
1572 2661 2350 2744 Um also an des Geliebten Seiten
633 2672 1498 2784 Ja, wenn mein Schwert in loserm Arme
1579 2728 2396 2804 Entfühnt in den Weltenraum zu gleiten.
1323 2746 1500 2805 hinge,
641 2777 1501 2878 Weiß ich, wie's manchen, die in Leid und
1573 2777 2388 2872 Und wie das Mädel dergleichen sehr
1324 2843 1499 2909 Lüsten
1510 2871 2393 2915 energisch ablehnt, jagt er sie angeekelt von
630 2861 1498 2966 Höchst fragevoller Wirklichkeit sich brüsten,
1511 2912 2401 2968 sich Ader da steht auch schon ihr geduldiger
641 2941 1505 3019 Wie's zum Exempel euch da unten ginge?
1525 2956 2395 3016 Jugendfreund und Bräutigam vor ihr,
1521 3016 2400 3075 bereit, alles zu verzeihen und sie zu hei¬
699 2995 1510 3071 Was die rätselhafte Gestalt des „Un¬
1519 3062 2400 3128 raten. Der Held aber, „betrogen allseits
639 3052 1510 3127 bekannten“, was seine dunklere Rolle be¬
1518 3104 2229 3167 und allein“, ruft den Tod auf:
644 3109 1510 3178 deuten mag, soll uns noch späterhin be¬
1520 3135 2392 3218 Nicht lebenswürdig scheint mir dieses Leben,
644 3160 1499 3215 schäftigen. Sehen wir zuvor nach dem
1527 3201 2391 3267 Zur ew'gen Ruhe will ich mich begeben.
640 3197 1508 3281 Inhalt des eigentlichen Marionettenspieles,
1586 3255 2394 3314 Mosaikartig — und man merkt die
643 3258 1511 3324 das der Dichter in diesen burlesken
1513 3301 2396 3361 Ritzen zwischen den einzelnen Steinchen
635 3302 1225 3376 Nahmen hineingestellt hat.
1547 3347 2394 3411 — ist die Handlung aus Schnitzlers Haupt¬
708 3346 1502 3423 Der Herzog von Lawin hat den, Hel¬
1515 3394 2394 3469 und Lieblingsmotiven zusammengesetzt und
645 3407 1496 3464 den dieses Stückes“ (er führt keinen an¬
1522 3445 2395 3511 sie wird ausschließlich von den typischen
642 3450 1497 3505 deren Namen) zum Zweikampf heraus¬
1522 3502 2394 3551 Figuren bestritten, wie sie durch alle Werke
642 3516 1506 3560 gefordert als den vermeintlichen Lieb¬
1522 3543 2404 3606 des Dichters, vom „Anatol“ bis zum
642 3551 1516 3602 haber seiner dämonischen, mannstollen
1531 3586 2397 3661 „Doktor Gräsler“ hindurchgehen. So gut
643 3603 1515 3667 Herzogin; der ist jedoch ganz unschuldig
688 3633 2411 3721 er findet an Liesl, seinen, „süßen, wie in dem Marionettenstücklein könnte
