<?xml version="1.0" encoding="UTF-8" standalone="yes"?>
<PcGts xmlns="http://schema.primaresearch.org/PAGE/gts/pagecontent/2013-07-15" xmlns:xsi="http://www.w3.org/2001/XMLSchema-instance" xsi:schemaLocation="http://schema.primaresearch.org/PAGE/gts/pagecontent/2013-07-15 http://schema.primaresearch.org/PAGE/gts/pagecontent/2013-07-15/pagecontent.xsd">
    <Metadata>
        <Creator>prov=University of Rostock/Institute of Mathematics/CITlab/Gundram Leifert/gundram.leifert@uni-rostock.de:name=ONB_Newseye_GT_M1+(htr_id=10810)::::v=2.4.2
prov=University of Rostock/Institute of Mathematics/CITlab/Tobias Gruening/tobias.gruening@uni-rostock.de:name=de.uros.citlab.module.baseline2polygon.B2PSeamMultiOriented:v=2.4.2
prov=University of Rostock/Institute of Mathematics/CITlab/Tobias Gruening/tobias.gruening@uni-rostock.de:name=/mnt/transkribus/LA/DEA/URO/LA_news_onb_att.pb:de.uros.citlab.segmentation.CITlab_LA_ML:v=2.4.2
Transkribus</Creator>
        <Created>2019-10-07T15:15:44.963+02:00</Created>
        <LastChange>2019-10-09T03:17:52.849+02:00</LastChange>
        <TranskribusMetadata docId="224214" pageId="9515056" pageNr="9" tsid="16620095" status="IN_PROGRESS" userId="40391" imgUrl="https://files.transkribus.eu/Get?id=IITUUSFXXDHCGGDFJYGYVUOH&amp;fileType=view" xmlUrl="https://files.transkribus.eu/Get?id=SVFPXHXJVLTDVSTKFNJEGQIM" imageId="6203290"/>
    </Metadata>
    <Page imageFilename="224214_0009.jpeg" imageWidth="3392" imageHeight="4320">
        <ReadingOrder>
            <OrderedGroup id="ro_1711443632914" caption="Regions reading order">
                <RegionRefIndexed index="0" regionRef="r1"/>
            </OrderedGroup>
        </ReadingOrder>
        <TextRegion orientation="0.0" id="r1" custom="readingOrder {index:0;}">
            <Coords points="153,242 153,3663 2535,3663 2535,242"/>
            <TextLine id="r1l1" custom="readingOrder {index:0;}">
                <Coords points="2073,291 2128,298 2178,286 2200,298 2234,276 2273,292 2288,283 2310,289 2338,277 2337,236 2278,240 2228,219 2170,245 2109,238 2072,250"/>
                <Baseline points="2084,272 2111,271 2138,270 2165,268 2192,268 2219,267 2246,266 2273,266 2300,265 2328,266"/>
                <TextEquiv>
                    <Unicode>—</Unicode>
                </TextEquiv>
            </TextLine>
            <TextLine id="r1l2" custom="readingOrder {index:1;}">
                <Coords points="1478,379 1526,391 1683,375 1785,394 1857,371 1953,370 1953,334 1895,296 1818,321 1786,305 1768,316 1751,298 1683,339 1642,310 1549,324 1519,301 1479,314"/>
                <Baseline points="1489,363 1514,363 1539,362 1564,362 1589,362 1614,363 1639,363 1664,364 1689,364 1715,365 1740,365 1765,366 1790,367 1815,367 1840,367 1865,367 1890,367 1915,367 1941,366"/>
                <TextEquiv>
                    <Unicode>box 36/6</Unicode>
                </TextEquiv>
            </TextLine>
            <TextLine id="r1l3" custom="readingOrder {index:2;}">
                <Coords points="141,377 402,407 1331,390 1331,331 1225,302 870,308 789,347 668,305 320,302 252,341 142,308"/>
                <Baseline points="153,365 211,370 269,374 327,377 386,380 444,381 502,382 561,383 619,383 677,383 736,383 794,382 852,382 910,381 969,381 1027,380 1085,380 1144,380 1202,381 1260,382 1319,384"/>
                <TextEquiv>
                    <Unicode>1. Panphlets Offorints</Unicode>
                </TextEquiv>
            </TextLine>
            <TextLine id="r1l4" custom="readingOrder {index:3;}">
                <Coords points="1118,984 2158,987 2157,916 1118,929"/>
                <Baseline points="1129,979 1179,979 1230,978 1281,977 1332,976 1383,975 1434,975 1484,974 1535,974 1586,973 1637,972 1688,972 1739,972 1790,971 1840,971 1891,971 1942,971 1993,971 2044,970 2095,970 2146,970"/>
                <TextEquiv>
                    <Unicode>Josef Körner: Arthur Schnitzlers Gestalten und Probleme</Unicode>
                </TextEquiv>
            </TextLine>
            <TextLine id="r1l5" custom="readingOrder {index:4;}">
                <Coords points="765,982 787,979 807,996 824,984 831,991 852,983 864,994 894,984 891,916 880,917 870,926 839,914 835,919 830,914 817,915 800,924 778,906 762,906"/>
                <Baseline points="777,979 803,978 830,977 856,976 883,975"/>
                <TextEquiv>
                    <Unicode>1004</Unicode>
                </TextEquiv>
            </TextLine>
            <TextLine id="r1l6" custom="readingOrder {index:5;}">
                <Coords points="1647,1049 2128,1073 2524,1043 2523,1011 2364,986 2282,1006 2188,985 2117,1014 2053,989 1943,1009 1888,986 1853,1012 1647,988"/>
                <Baseline points="1657,1044 1699,1046 1742,1047 1785,1048 1828,1049 1870,1049 1913,1048 1956,1048 1999,1047 2041,1046 2084,1046 2127,1045 2170,1044 2212,1043 2255,1042 2298,1042 2341,1041 2383,1041 2426,1042 2469,1042 2512,1044"/>
                <TextEquiv>
                    <Unicode>beginnt, und nun der Näsoneur ihn an¬</Unicode>
                </TextEquiv>
            </TextLine>
            <TextLine id="r1l7" custom="readingOrder {index:6;}">
                <Coords points="763,1060 1563,1061 1637,1047 1636,997 762,1019"/>
                <Baseline points="773,1053 815,1053 858,1053 900,1053 943,1052 986,1052 1028,1052 1071,1052 1113,1052 1156,1052 1199,1051 1241,1051 1284,1051 1326,1050 1369,1050 1412,1050 1454,1049 1497,1048 1539,1048 1582,1047 1625,1046"/>
                <TextEquiv>
                    <Unicode>Freunde ab. Steht in diesen Werken das</Unicode>
                </TextEquiv>
            </TextLine>
            <TextLine id="r1l8" custom="readingOrder {index:7;}">
                <Coords points="1660,1116 1671,1116 1692,1102 1710,1117 1727,1102 1740,1108 1751,1102 1780,1123 1784,1118 1808,1116 1807,1066 1790,1066 1759,1054 1731,1063 1711,1052 1696,1050 1689,1057 1670,1048 1659,1049"/>
                <Baseline points="1670,1100 1695,1098 1720,1098 1745,1097 1770,1097 1796,1098"/>
                <TextEquiv>
                    <Unicode>fährt:</Unicode>
                </TextEquiv>
            </TextLine>
            <TextLine id="r1l9" custom="readingOrder {index:8;}">
                <Coords points="764,1111 1643,1113 1643,1076 1547,1052 764,1059"/>
                <Baseline points="775,1102 817,1102 860,1102 903,1102 946,1103 989,1103 1031,1103 1074,1103 1117,1103 1160,1104 1203,1104 1245,1104 1288,1104 1331,1104 1374,1104 1417,1103 1459,1103 1502,1102 1545,1102 1588,1101 1631,1100"/>
                <TextEquiv>
                    <Unicode>Freundespaar im Zentrum der Handlung</Unicode>
                </TextEquiv>
            </TextLine>
            <TextLine id="r1l10" custom="readingOrder {index:9;}">
                <Coords points="771,1147 1084,1170 1641,1143 1641,1115 1547,1102 771,1112"/>
                <Baseline points="781,1147 823,1149 865,1150 908,1152 950,1152 993,1153 1035,1154 1077,1154 1120,1154 1162,1154 1205,1154 1247,1153 1289,1153 1332,1152 1374,1151 1417,1150 1459,1150 1501,1149 1544,1147 1586,1146 1629,1145"/>
                <TextEquiv>
                    <Unicode>und des Interesses, so bleibt es ander¬</Unicode>
                </TextEquiv>
            </TextLine>
            <TextLine id="r1l11" custom="readingOrder {index:10;}">
                <Coords points="1657,1168 1966,1175 2007,1152 2035,1178 2076,1145 2133,1168 2516,1169 2528,1099 2202,1117 2104,1086 2032,1115 1952,1090 1656,1118"/>
                <Baseline points="1667,1155 1709,1156 1752,1157 1794,1157 1837,1157 1880,1156 1922,1156 1965,1155 2007,1154 2050,1153 2093,1152 2135,1151 2178,1150 2220,1149 2263,1149 2306,1148 2348,1147 2391,1147 2433,1147 2476,1148 2519,1149"/>
                <TextEquiv>
                    <Unicode>Zetzt aber frag ich Sie aufs Gewissen,</Unicode>
                </TextEquiv>
            </TextLine>
            <TextLine id="r1l12" custom="readingOrder {index:11;}">
                <Coords points="774,1220 913,1197 1616,1210 1648,1199 1648,1145 1537,1171 1485,1145 1070,1177 976,1149 926,1182 870,1145 774,1165"/>
                <Baseline points="786,1197 828,1198 871,1199 913,1200 956,1201 999,1201 1041,1201 1084,1201 1126,1201 1169,1201 1212,1200 1254,1200 1297,1199 1339,1199 1382,1199 1425,1198 1467,1198 1510,1197 1552,1197 1595,1197 1638,1197"/>
                <TextEquiv>
                    <Unicode>wärts völlig an der Peripherie: da hat</Unicode>
                </TextEquiv>
            </TextLine>
            <TextLine id="r1l13" custom="readingOrder {index:12;}">
                <Coords points="1644,1208 1790,1230 1845,1206 1921,1232 1964,1206 2001,1230 2038,1206 2482,1222 2482,1168 2451,1159 1644,1164"/>
                <Baseline points="1655,1202 1695,1201 1736,1201 1777,1201 1818,1202 1859,1202 1900,1202 1940,1203 1981,1203 2022,1204 2063,1204 2104,1204 2145,1205 2186,1205 2226,1204 2267,1204 2308,1204 2349,1203 2390,1202 2431,1201 2472,1199"/>
                <TextEquiv>
                    <Unicode>Ob das nicht ich hätte sagen müssen.</Unicode>
                </TextEquiv>
            </TextLine>
            <TextLine id="r1l14" custom="readingOrder {index:13;}">
                <Coords points="766,1239 1240,1266 1651,1247 1651,1212 1470,1197 766,1211"/>
                <Baseline points="777,1246 820,1247 863,1247 906,1248 949,1248 992,1248 1035,1248 1079,1248 1122,1248 1165,1248 1208,1247 1251,1247 1294,1247 1337,1246 1381,1246 1424,1246 1467,1245 1510,1245 1553,1245 1596,1245 1640,1245"/>
                <TextEquiv>
                    <Unicode>etwa Karl Etzelt, der Freund des jungen</Unicode>
                </TextEquiv>
            </TextLine>
            <TextLine id="r1l15" custom="readingOrder {index:14;}">
                <Coords points="1686,1285 1819,1298 1997,1278 2024,1299 2063,1275 2361,1276 2360,1230 2308,1215 2267,1235 2217,1216 2095,1218 2065,1238 1934,1223 1862,1241 1814,1220 1686,1235"/>
                <Baseline points="1697,1268 1729,1269 1762,1270 1794,1270 1827,1270 1860,1270 1892,1270 1925,1270 1957,1269 1990,1269 2023,1268 2055,1268 2088,1267 2120,1267 2153,1267 2186,1267 2218,1267 2251,1267 2283,1268 2316,1269 2349,1270"/>
                <TextEquiv>
                    <Unicode>1Doch gelassen erwidert jener:</Unicode>
                </TextEquiv>
            </TextLine>
            <TextLine id="r1l16" custom="readingOrder {index:15;}">
                <Coords points="765,1291 844,1315 1648,1307 1648,1244 765,1259"/>
                <Baseline points="777,1294 820,1296 863,1297 906,1297 949,1298 992,1298 1035,1298 1078,1298 1121,1298 1164,1297 1207,1297 1250,1296 1293,1296 1336,1295 1379,1294 1422,1294 1465,1293 1508,1293 1551,1293 1594,1292 1637,1292"/>
                <TextEquiv>
                    <Unicode>Medardus, bloß die technische Bedeutung</Unicode>
                </TextEquiv>
            </TextLine>
            <TextLine id="r1l17" custom="readingOrder {index:16;}">
                <Coords points="1658,1350 2495,1334 2495,1301 2393,1266 2234,1298 2063,1275 2025,1299 1717,1300 1658,1274"/>
                <Baseline points="1669,1334 1709,1330 1750,1329 1791,1327 1832,1326 1873,1326 1913,1326 1954,1327 1995,1328 2036,1329 2077,1330 2117,1331 2158,1332 2199,1333 2240,1333 2281,1334 2321,1333 2362,1332 2403,1331 2444,1328 2485,1325"/>
                <TextEquiv>
                    <Unicode>Zuweilen dürfen auch Helden schwätzen.</Unicode>
                </TextEquiv>
            </TextLine>
            <TextLine id="r1l18" custom="readingOrder {index:17;}">
                <Coords points="766,1344 1027,1361 1151,1326 1203,1359 1573,1357 1649,1350 1649,1306 766,1313"/>
                <Baseline points="776,1346 819,1345 862,1344 905,1344 948,1344 991,1343 1034,1344 1077,1344 1120,1344 1163,1344 1207,1345 1250,1345 1293,1345 1336,1346 1379,1346 1422,1345 1465,1345 1508,1345 1551,1344 1594,1342 1638,1341"/>
                <TextEquiv>
                    <Unicode>des „Vertrauten" und Albertus Rohn</Unicode>
                </TextEquiv>
            </TextLine>
            <TextLine id="r1l19" custom="readingOrder {index:18;}">
                <Coords points="774,1399 1640,1402 1618,1348 1315,1363 1147,1326 1119,1353 774,1357"/>
                <Baseline points="785,1402 827,1400 869,1399 911,1398 953,1397 996,1396 1038,1396 1080,1395 1122,1395 1164,1394 1207,1394 1249,1394 1291,1394 1333,1393 1375,1393 1418,1392 1460,1391 1502,1391 1544,1389 1586,1388 1629,1386"/>
                <TextEquiv>
                    <Unicode>(„Zwischenspiel“) ist nichts anderes als der</Unicode>
                </TextEquiv>
            </TextLine>
            <TextLine id="r1l20" custom="readingOrder {index:19;}">
                <Coords points="1719,1415 2524,1393 2523,1356 2438,1342 2393,1362 1718,1355"/>
                <Baseline points="1730,1404 1769,1403 1808,1401 1847,1400 1886,1399 1925,1398 1964,1397 2004,1396 2043,1395 2082,1394 2121,1394 2160,1393 2199,1393 2238,1392 2278,1392 2317,1392 2356,1392 2395,1392 2434,1393 2473,1393 2513,1393"/>
                <TextEquiv>
                    <Unicode>Hier schlägt der Dichter die Geißel tief</Unicode>
                </TextEquiv>
            </TextLine>
            <TextLine id="r1l21" custom="readingOrder {index:20;}">
                <Coords points="775,1464 903,1449 979,1463 1022,1445 1251,1459 1322,1447 1322,1425 1270,1400 1185,1399 1120,1422 1056,1401 954,1416 832,1402 774,1419"/>
                <Baseline points="785,1450 811,1449 837,1448 863,1447 890,1446 916,1446 942,1445 969,1445 995,1444 1021,1444 1048,1444 1074,1443 1100,1443 1126,1443 1153,1443 1179,1442 1205,1442 1232,1441 1258,1441 1284,1440 1311,1440"/>
                <TextEquiv>
                    <Unicode>„Näsoneur“ des Stückes.</Unicode>
                </TextEquiv>
            </TextLine>
            <TextLine id="r1l22" custom="readingOrder {index:21;}">
                <Coords points="1649,1462 1914,1444 2047,1469 2342,1437 2449,1458 2531,1438 2531,1414 2231,1399 2079,1425 2002,1398 1759,1428 1648,1401"/>
                <Baseline points="1659,1449 1702,1450 1745,1451 1788,1452 1831,1452 1874,1452 1917,1452 1960,1452 2003,1451 2046,1451 2089,1450 2132,1449 2175,1449 2218,1447 2261,1447 2304,1446 2347,1445 2390,1445 2433,1444 2476,1444 2520,1444"/>
                <TextEquiv>
                    <Unicode>ins eigene Fleisch, denn seine Haupt¬</Unicode>
                </TextEquiv>
            </TextLine>
            <TextLine id="r1l23" custom="readingOrder {index:22;}">
                <Coords points="842,1499 1599,1505 1643,1485 1643,1451 1506,1431 1421,1461 1386,1437 1314,1463 842,1457"/>
                <Baseline points="854,1488 892,1489 931,1489 970,1490 1009,1491 1048,1491 1087,1492 1126,1492 1165,1493 1204,1493 1243,1493 1281,1493 1320,1493 1359,1493 1398,1493 1437,1493 1476,1492 1515,1492 1554,1491 1593,1490 1632,1489"/>
                <TextEquiv>
                    <Unicode>Denn dieses allbereits etwas muffige</Unicode>
                </TextEquiv>
            </TextLine>
            <TextLine id="r1l24" custom="readingOrder {index:23;}">
                <Coords points="1656,1505 2518,1494 2517,1459 2428,1447 1656,1457"/>
                <Baseline points="1667,1499 1711,1499 1755,1499 1799,1499 1843,1499 1887,1498 1931,1498 1976,1498 2020,1497 2064,1497 2108,1496 2152,1496 2196,1495 2241,1495 2285,1494 2329,1494 2373,1494 2417,1494 2461,1494 2506,1494"/>
                <TextEquiv>
                    <Unicode>personen pfuschen gar oft mit ihrer Klug¬</Unicode>
                </TextEquiv>
            </TextLine>
            <TextLine id="r1l25" custom="readingOrder {index:24;}">
                <Coords points="762,1542 979,1563 1447,1535 1636,1563 1636,1496 761,1490"/>
                <Baseline points="773,1542 815,1542 858,1542 900,1542 943,1542 986,1542 1028,1542 1071,1542 1113,1541 1156,1541 1199,1541 1241,1541 1284,1541 1326,1541 1369,1541 1412,1541 1454,1540 1497,1540 1539,1540 1582,1540 1625,1539"/>
                <TextEquiv>
                    <Unicode>Requisit hat sich Schnitzler (wie so manches</Unicode>
                </TextEquiv>
            </TextLine>
            <TextLine id="r1l26" custom="readingOrder {index:25;}">
                <Coords points="1651,1557 2453,1557 2525,1552 2525,1517 2379,1494 1650,1509"/>
                <Baseline points="1661,1545 1703,1545 1746,1546 1788,1546 1831,1545 1874,1545 1916,1545 1959,1545 2002,1545 2044,1544 2087,1544 2130,1543 2172,1543 2215,1542 2258,1542 2300,1541 2343,1541 2386,1540 2428,1540 2471,1540 2514,1539"/>
                <TextEquiv>
                    <Unicode>rede dem angestellten Rasoneur ins Hand¬</Unicode>
                </TextEquiv>
            </TextLine>
            <TextLine id="r1l27" custom="readingOrder {index:26;}">
                <Coords points="771,1598 965,1615 1154,1590 1267,1614 1635,1589 1634,1534 771,1566"/>
                <Baseline points="781,1592 823,1592 865,1592 907,1592 949,1592 991,1592 1033,1592 1075,1592 1117,1593 1159,1593 1202,1593 1244,1593 1286,1593 1328,1593 1370,1593 1412,1592 1454,1591 1496,1591 1538,1589 1580,1588 1623,1586"/>
                <TextEquiv>
                    <Unicode>andere) aus dem wohlgezimmerten fran¬</Unicode>
                </TextEquiv>
            </TextLine>
            <TextLine id="r1l28" custom="readingOrder {index:27;}">
                <Coords points="1651,1600 2397,1612 2525,1597 2525,1552 1650,1557"/>
                <Baseline points="1662,1599 1704,1599 1747,1599 1789,1598 1832,1598 1875,1598 1917,1597 1960,1596 2002,1596 2045,1595 2088,1595 2130,1594 2173,1593 2215,1592 2258,1592 2301,1591 2343,1591 2386,1590 2428,1590 2471,1589 2514,1589"/>
                <TextEquiv>
                    <Unicode>werk; im „Einsamen Weg“ nimmt so Herr</Unicode>
                </TextEquiv>
            </TextLine>
            <TextLine id="r1l29" custom="readingOrder {index:28;}">
                <Coords points="769,1644 1178,1661 1263,1634 1326,1657 1635,1634 1635,1608 1506,1588 769,1605"/>
                <Baseline points="780,1646 822,1645 864,1644 906,1643 948,1643 990,1642 1032,1642 1075,1641 1117,1641 1159,1641 1201,1640 1243,1640 1285,1640 1327,1640 1370,1639 1412,1639 1454,1638 1496,1637 1538,1636 1580,1635 1623,1633"/>
                <TextEquiv>
                    <Unicode>zösischen Sittenstück der Dumas und Kon¬</Unicode>
                </TextEquiv>
            </TextLine>
            <TextLine id="r1l30" custom="readingOrder {index:29;}">
                <Coords points="1661,1652 2529,1633 2496,1592 1661,1612"/>
                <Baseline points="1672,1647 1714,1647 1756,1647 1798,1647 1841,1647 1883,1647 1925,1646 1968,1645 2010,1645 2052,1644 2095,1643 2137,1642 2179,1641 2221,1640 2264,1640 2306,1639 2348,1638 2391,1638 2433,1638 2475,1638 2518,1639"/>
                <TextEquiv>
                    <Unicode>von Sala dem Doktor Reumann den</Unicode>
                </TextEquiv>
            </TextLine>
            <TextLine id="r1l31" custom="readingOrder {index:30;}">
                <Coords points="772,1706 1581,1702 1639,1688 1639,1651 771,1662"/>
                <Baseline points="783,1695 825,1695 867,1695 909,1695 952,1694 994,1693 1036,1693 1079,1692 1121,1691 1163,1690 1206,1690 1248,1689 1290,1688 1332,1687 1375,1687 1417,1686 1459,1685 1502,1684 1544,1684 1586,1684 1629,1683"/>
                <TextEquiv>
                    <Unicode>sorten angeeignet, um einer tendenziösen</Unicode>
                </TextEquiv>
            </TextLine>
            <TextLine id="r1l32" custom="readingOrder {index:31;}">
                <Coords points="1648,1693 2244,1707 2431,1685 2529,1708 2529,1648 2507,1646 1648,1652"/>
                <Baseline points="1659,1694 1704,1694 1749,1695 1794,1695 1839,1695 1885,1694 1930,1694 1975,1693 2020,1693 2065,1692 2111,1692 2156,1691 2201,1690 2246,1690 2291,1689 2337,1689 2382,1688 2427,1688 2472,1688 2518,1688"/>
                <TextEquiv>
                    <Unicode>besten Wind aus den Segeln und im</Unicode>
                </TextEquiv>
            </TextLine>
            <TextLine id="r1l33" custom="readingOrder {index:32;}">
                <Coords points="769,1733 961,1759 1618,1751 1639,1688 1073,1716 769,1700"/>
                <Baseline points="780,1741 822,1742 864,1742 907,1742 949,1742 992,1742 1034,1741 1076,1741 1119,1740 1161,1739 1204,1738 1246,1738 1288,1737 1331,1736 1373,1735 1416,1735 1458,1734 1500,1734 1543,1734 1585,1735 1628,1735"/>
                <TextEquiv>
                    <Unicode>Veranlagung ein Sprechorgan zu schaffen.</Unicode>
                </TextEquiv>
            </TextLine>
            <TextLine id="r1l34" custom="readingOrder {index:33;}">
                <Coords points="1652,1752 2527,1734 2526,1688 1702,1698 1652,1720"/>
                <Baseline points="1663,1744 1705,1743 1748,1743 1790,1742 1833,1742 1876,1742 1918,1741 1961,1741 2003,1741 2046,1741 2089,1741 2131,1741 2174,1741 2216,1740 2259,1740 2302,1739 2344,1739 2387,1738 2429,1737 2472,1735 2515,1734"/>
                <TextEquiv>
                    <Unicode>gleichen Verhältnis stehen die Bruder¬</Unicode>
                </TextEquiv>
            </TextLine>
            <TextLine id="r1l35" custom="readingOrder {index:34;}">
                <Coords points="776,1794 909,1807 957,1785 1024,1815 1248,1785 1514,1800 1631,1788 1633,1746 776,1748"/>
                <Baseline points="788,1788 829,1789 871,1789 913,1789 955,1789 996,1789 1038,1789 1080,1789 1122,1789 1163,1788 1205,1788 1247,1787 1289,1787 1330,1786 1372,1785 1414,1785 1456,1784 1497,1783 1539,1783 1581,1782 1623,1781"/>
                <TextEquiv>
                    <Unicode>Darum erscheint denn auch im Puppen¬</Unicode>
                </TextEquiv>
            </TextLine>
            <TextLine id="r1l36" custom="readingOrder {index:35;}">
                <Coords points="1647,1805 2502,1807 2530,1801 2530,1750 1647,1755"/>
                <Baseline points="1659,1794 1702,1792 1745,1791 1788,1789 1831,1788 1874,1787 1917,1787 1960,1787 2003,1787 2046,1787 2089,1787 2132,1788 2175,1788 2218,1788 2261,1789 2304,1789 2347,1789 2390,1789 2433,1788 2476,1787 2519,1786"/>
                <TextEquiv>
                    <Unicode>gestalten des „Weiten Landes“, Herr von</Unicode>
                </TextEquiv>
            </TextLine>
            <TextLine id="r1l37" custom="readingOrder {index:36;}">
                <Coords points="1648,1853 1722,1872 1765,1844 2226,1845 2259,1834 2259,1801 2100,1791 2050,1807 1915,1788 1898,1804 1648,1808"/>
                <Baseline points="1659,1838 1688,1837 1717,1836 1747,1836 1776,1835 1806,1834 1835,1834 1865,1834 1894,1833 1924,1833 1953,1833 1982,1833 2012,1833 2041,1833 2071,1833 2100,1833 2130,1833 2159,1833 2189,1833 2218,1833 2248,1833"/>
                <TextEquiv>
                    <Unicode>Aigner und Doktor Mauer.</Unicode>
                </TextEquiv>
            </TextLine>
            <TextLine id="r1l38" custom="readingOrder {index:37;}">
                <Coords points="775,1854 1547,1850 1636,1838 1636,1797 1142,1790 1025,1814 961,1788 927,1811 774,1791"/>
                <Baseline points="785,1842 827,1842 869,1842 911,1841 953,1841 995,1840 1037,1839 1079,1839 1121,1838 1163,1838 1205,1837 1247,1836 1289,1835 1331,1835 1373,1834 1415,1834 1457,1833 1499,1833 1541,1833 1583,1833 1625,1833"/>
                <TextEquiv>
                    <Unicode>spiel „eine Figur von überlegenem Ver¬</Unicode>
                </TextEquiv>
            </TextLine>
            <TextLine id="r1l39" custom="readingOrder {index:38;}">
                <Coords points="772,1900 1538,1903 1640,1891 1639,1839 771,1854"/>
                <Baseline points="783,1889 825,1888 867,1887 909,1887 952,1886 994,1886 1036,1885 1078,1885 1121,1885 1163,1885 1205,1884 1247,1884 1290,1884 1332,1884 1374,1883 1416,1883 1459,1882 1501,1881 1543,1880 1585,1879 1628,1878"/>
                <TextEquiv>
                    <Unicode>stand und schwarzem Vollbart, Näsoneur</Unicode>
                </TextEquiv>
            </TextLine>
            <TextLine id="r1l40" custom="readingOrder {index:39;}">
                <Coords points="1725,1906 2012,1885 2481,1899 2538,1890 2538,1835 1724,1861"/>
                <Baseline points="1735,1888 1774,1887 1814,1886 1853,1886 1893,1885 1933,1885 1972,1885 2012,1885 2051,1885 2091,1885 2131,1885 2170,1885 2210,1885 2249,1885 2289,1885 2329,1885 2368,1885 2408,1884 2447,1883 2487,1882 2527,1881"/>
                <TextEquiv>
                    <Unicode>Im Grunde dienen die Typen des</Unicode>
                </TextEquiv>
            </TextLine>
            <TextLine id="r1l41" custom="readingOrder {index:40;}">
                <Coords points="767,1953 839,1957 887,1941 902,1954 954,1938 1006,1962 1054,1938 1078,1957 1108,1942 1163,1959 1239,1952 1239,1911 1184,1891 1073,1892 1056,1907 912,1884 767,1898"/>
                <Baseline points="778,1934 804,1933 830,1933 857,1933 883,1933 910,1932 936,1932 962,1932 989,1932 1015,1932 1042,1932 1068,1932 1094,1931 1121,1931 1147,1931 1174,1931 1200,1931 1227,1930"/>
                <TextEquiv>
                    <Unicode>betitelt“. Er spricht:</Unicode>
                </TextEquiv>
            </TextLine>
            <TextLine id="r1l42" custom="readingOrder {index:41;}">
                <Coords points="1648,1950 2527,1951 2513,1890 1648,1904"/>
                <Baseline points="1659,1942 1701,1941 1744,1939 1787,1939 1830,1938 1873,1937 1916,1936 1958,1936 2001,1936 2044,1936 2087,1935 2130,1935 2173,1935 2216,1935 2258,1935 2301,1935 2344,1934 2387,1934 2430,1933 2473,1933 2516,1932"/>
                <TextEquiv>
                    <Unicode>Freundes und die ihm nahverwandten oder</Unicode>
                </TextEquiv>
            </TextLine>
            <TextLine id="r1l43" custom="readingOrder {index:42;}">
                <Coords points="1656,2002 2483,1997 2526,1993 2526,1945 1656,1952"/>
                <Baseline points="1667,1990 1709,1988 1751,1987 1794,1985 1836,1984 1879,1984 1921,1984 1963,1984 2006,1984 2048,1984 2091,1984 2133,1984 2175,1985 2218,1985 2260,1985 2303,1984 2345,1984 2387,1983 2430,1982 2472,1981 2515,1978"/>
                <TextEquiv>
                    <Unicode>persönlich unierten des Näsoneurs und</Unicode>
                </TextEquiv>
            </TextLine>
            <TextLine id="r1l44" custom="readingOrder {index:43;}">
                <Coords points="835,2014 1035,1999 1085,2020 1133,1998 1211,2021 1331,1998 1566,2026 1605,2001 1605,1969 1537,1946 1428,1973 1345,1948 1237,1971 1069,1948 1019,1971 954,1939 834,1955"/>
                <Baseline points="845,2004 882,2006 919,2007 957,2008 994,2008 1032,2008 1069,2007 1106,2007 1144,2006 1181,2006 1219,2005 1256,2004 1293,2004 1331,2003 1368,2002 1406,2001 1443,2001 1480,2001 1518,2001 1555,2001 1593,2002"/>
                <TextEquiv>
                    <Unicode>Ich bin der Näsoneur des Stücks,</Unicode>
                </TextEquiv>
            </TextLine>
            <TextLine id="r1l45" custom="readingOrder {index:44;}">
                <Coords points="1658,2040 2485,2040 2535,2036 2535,1990 1658,2001"/>
                <Baseline points="1670,2037 1712,2035 1755,2034 1798,2033 1840,2033 1883,2032 1926,2032 1968,2032 2011,2032 2054,2032 2097,2033 2139,2033 2182,2033 2225,2033 2267,2033 2310,2033 2353,2033 2395,2033 2438,2032 2481,2031 2524,2030"/>
                <TextEquiv>
                    <Unicode>des Vertrauten nur zur Füllung des</Unicode>
                </TextEquiv>
            </TextLine>
            <TextLine id="r1l46" custom="readingOrder {index:45;}">
                <Coords points="838,2083 1041,2088 1097,2063 1169,2091 1466,2046 1525,2078 1577,2058 1577,2025 1516,2004 837,2016"/>
                <Baseline points="849,2055 884,2055 920,2055 956,2055 992,2055 1028,2055 1064,2054 1100,2054 1136,2053 1172,2053 1208,2052 1243,2051 1279,2051 1315,2050 1351,2050 1387,2049 1423,2049 1459,2049 1495,2049 1531,2050 1567,2050"/>
                <TextEquiv>
                    <Unicode>Red' entweder geistreich oder nix.</Unicode>
                </TextEquiv>
            </TextLine>
            <TextLine id="r1l47" custom="readingOrder {index:46;}">
                <Coords points="1663,2097 2540,2072 2496,2036 2020,2030 1863,2059 1663,2040"/>
                <Baseline points="1673,2086 1715,2085 1758,2084 1801,2083 1844,2083 1886,2082 1929,2082 1972,2082 2015,2081 2057,2081 2100,2082 2143,2082 2186,2082 2228,2082 2271,2082 2314,2082 2357,2082 2399,2082 2442,2082 2485,2082 2528,2081"/>
                <TextEquiv>
                    <Unicode>Raumes. Sie sollen eine Mannigfaltigkeit</Unicode>
                </TextEquiv>
            </TextLine>
            <TextLine id="r1l48" custom="readingOrder {index:47;}">
                <Coords points="843,2128 1065,2152 1199,2122 1502,2145 1643,2129 1643,2083 842,2086"/>
                <Baseline points="854,2130 892,2131 931,2132 970,2132 1009,2133 1048,2133 1087,2132 1126,2132 1165,2132 1204,2131 1243,2130 1281,2130 1320,2129 1359,2128 1398,2128 1437,2127 1476,2127 1515,2126 1554,2126 1593,2126 1632,2127"/>
                <TextEquiv>
                    <Unicode>Mit behaglicher Selbstironie setzt der</Unicode>
                </TextEquiv>
            </TextLine>
            <TextLine id="r1l49" custom="readingOrder {index:48;}">
                <Coords points="1660,2137 2491,2146 2528,2131 2528,2096 1660,2104"/>
                <Baseline points="1672,2133 1714,2132 1756,2131 1798,2131 1840,2130 1883,2130 1925,2130 1967,2130 2009,2130 2051,2131 2094,2131 2136,2131 2178,2131 2220,2132 2262,2132 2305,2132 2347,2132 2389,2132 2431,2131 2473,2131 2516,2130"/>
                <TextEquiv>
                    <Unicode>vortäuschen, die der naturwissenschaftliche</Unicode>
                </TextEquiv>
            </TextLine>
            <TextLine id="r1l50" custom="readingOrder {index:49;}">
                <Coords points="772,2176 868,2199 944,2177 1644,2190 1644,2146 1546,2127 772,2148"/>
                <Baseline points="784,2182 826,2182 868,2182 911,2182 953,2181 996,2181 1038,2180 1081,2180 1123,2180 1166,2179 1208,2179 1250,2178 1293,2178 1335,2178 1378,2177 1420,2177 1463,2177 1505,2177 1548,2177 1590,2178 1633,2178"/>
                <TextEquiv>
                    <Unicode>Dichter die nachdenkliche Regiebemerkung</Unicode>
                </TextEquiv>
            </TextLine>
            <TextLine id="r1l51" custom="readingOrder {index:50;}">
                <Coords points="1649,2196 2487,2195 2539,2162 2539,2123 2491,2145 1649,2152"/>
                <Baseline points="1661,2186 1704,2185 1747,2184 1791,2183 1834,2183 1878,2182 1921,2182 1964,2181 2008,2181 2051,2180 2095,2180 2138,2180 2181,2180 2225,2180 2268,2180 2312,2181 2355,2181 2398,2182 2442,2182 2485,2182 2529,2183"/>
                <TextEquiv>
                    <Unicode>Dichter als seiner Problembehandlung</Unicode>
                </TextEquiv>
            </TextLine>
            <TextLine id="r1l52" custom="readingOrder {index:51;}">
                <Coords points="771,2243 906,2250 957,2216 1132,2247 1591,2240 1643,2229 1642,2185 770,2206"/>
                <Baseline points="781,2235 823,2235 866,2234 908,2234 951,2233 993,2233 1036,2232 1078,2231 1121,2230 1163,2229 1206,2229 1248,2228 1291,2228 1333,2227 1376,2226 1418,2226 1461,2226 1503,2225 1546,2225 1588,2225 1631,2225"/>
                <TextEquiv>
                    <Unicode>hinzu: Der Näsoneur tritt im Verlaufe</Unicode>
                </TextEquiv>
            </TextLine>
            <TextLine id="r1l53" custom="readingOrder {index:52;}">
                <Coords points="1655,2263 1868,2231 2538,2232 2537,2173 2487,2195 1654,2198"/>
                <Baseline points="1665,2238 1708,2236 1751,2235 1794,2234 1837,2233 1880,2232 1923,2232 1967,2231 2010,2231 2053,2231 2096,2231 2139,2230 2182,2230 2225,2230 2269,2230 2312,2230 2355,2230 2398,2229 2441,2229 2484,2228 2528,2228"/>
                <TextEquiv>
                    <Unicode>hinderlich eben dach fortgeräumt hat, denn</Unicode>
                </TextEquiv>
            </TextLine>
            <TextLine id="r1l54" custom="readingOrder {index:53;}">
                <Coords points="772,2275 1079,2281 1116,2305 1146,2280 1616,2294 1642,2283 1642,2228 772,2242"/>
                <Baseline points="784,2284 826,2283 868,2282 911,2281 953,2281 995,2280 1038,2279 1080,2279 1122,2279 1165,2278 1207,2278 1249,2278 1292,2278 1334,2277 1376,2277 1419,2277 1461,2277 1503,2276 1546,2276 1588,2276 1631,2275"/>
                <TextEquiv>
                    <Unicode>der weiteren Handlung nur gelegentlich</Unicode>
                </TextEquiv>
            </TextLine>
            <TextLine id="r1l55" custom="readingOrder {index:54;}">
                <Coords points="1659,2308 1719,2279 2470,2287 2526,2278 2526,2232 1658,2252"/>
                <Baseline points="1670,2284 1712,2284 1754,2283 1796,2283 1839,2282 1881,2281 1923,2281 1966,2280 2008,2280 2050,2280 2093,2279 2135,2279 2177,2278 2219,2277 2262,2277 2304,2276 2346,2276 2389,2275 2431,2274 2473,2274 2516,2273"/>
                <TextEquiv>
                    <Unicode>er empfindet diese erkältende Leere selber</Unicode>
                </TextEquiv>
            </TextLine>
            <TextLine id="r1l56" custom="readingOrder {index:55;}">
                <Coords points="773,2334 1569,2336 1641,2328 1640,2287 818,2283 772,2306"/>
                <Baseline points="784,2333 826,2332 868,2332 910,2331 953,2330 995,2330 1037,2329 1079,2329 1122,2328 1164,2328 1206,2327 1248,2327 1291,2327 1333,2326 1375,2326 1417,2325 1460,2325 1502,2324 1544,2324 1586,2323 1629,2323"/>
                <TextEquiv>
                    <Unicode>nach vorwärts, wenn er etwas zu reden</Unicode>
                </TextEquiv>
            </TextLine>
            <TextLine id="r1l57" custom="readingOrder {index:56;}">
                <Coords points="1657,2338 2479,2344 2531,2332 2531,2295 1935,2278 1657,2309"/>
                <Baseline points="1667,2333 1709,2333 1752,2333 1794,2332 1837,2332 1880,2332 1922,2332 1965,2331 2008,2331 2050,2331 2093,2330 2136,2330 2178,2330 2221,2329 2264,2328 2306,2328 2349,2327 2392,2326 2434,2325 2477,2324 2520,2323"/>
                <TextEquiv>
                    <Unicode>als unkünstlerisch; sie sind die reine Staf¬</Unicode>
                </TextEquiv>
            </TextLine>
            <TextLine id="r1l58" custom="readingOrder {index:57;}">
                <Coords points="767,2389 1596,2387 1637,2375 1637,2338 801,2334 767,2354"/>
                <Baseline points="778,2382 820,2382 862,2381 905,2381 947,2380 990,2380 1032,2379 1074,2379 1117,2378 1159,2377 1202,2377 1244,2376 1286,2375 1329,2375 1371,2374 1414,2374 1456,2373 1498,2373 1541,2372 1583,2372 1626,2372"/>
                <TextEquiv>
                    <Unicode>hat. Im übrigen bleibt er von den Vor¬</Unicode>
                </TextEquiv>
            </TextLine>
            <TextLine id="r1l59" custom="readingOrder {index:58;}">
                <Coords points="1655,2393 2530,2387 2529,2335 2446,2331 1655,2346"/>
                <Baseline points="1665,2383 1707,2383 1750,2383 1792,2383 1835,2382 1878,2381 1920,2381 1963,2380 2006,2380 2048,2379 2091,2378 2134,2378 2176,2377 2219,2377 2262,2376 2304,2376 2347,2376 2390,2376 2432,2376 2475,2377 2518,2377"/>
                <TextEquiv>
                    <Unicode>fage, mitunter bloß zur Unterhaltung des</Unicode>
                </TextEquiv>
            </TextLine>
            <TextLine id="r1l60" custom="readingOrder {index:59;}">
                <Coords points="775,2446 1216,2424 1375,2444 1440,2419 1638,2446 1638,2387 774,2387"/>
                <Baseline points="786,2433 828,2431 870,2430 912,2429 954,2429 996,2428 1038,2427 1080,2427 1122,2426 1164,2425 1206,2425 1248,2424 1290,2424 1332,2423 1374,2423 1416,2422 1458,2421 1500,2421 1542,2420 1584,2419 1627,2418"/>
                <TextEquiv>
                    <Unicode>gän zen vollkommen unberührt. Er küm¬</Unicode>
                </TextEquiv>
            </TextLine>
            <TextLine id="r1l61" custom="readingOrder {index:60;}">
                <Coords points="1656,2441 2478,2437 2535,2413 2504,2380 1656,2393"/>
                <Baseline points="1666,2435 1708,2433 1751,2432 1794,2431 1837,2430 1880,2429 1923,2428 1966,2427 2009,2427 2052,2426 2095,2426 2137,2426 2180,2425 2223,2425 2266,2425 2309,2425 2352,2425 2395,2425 2438,2425 2481,2425 2524,2425"/>
                <TextEquiv>
                    <Unicode>„Publikums“ ersonnen und oft auf eine</Unicode>
                </TextEquiv>
            </TextLine>
            <TextLine id="r1l62" custom="readingOrder {index:61;}">
                <Coords points="1650,2488 2441,2490 2541,2469 2541,2430 1649,2441"/>
                <Baseline points="1660,2480 1703,2478 1747,2477 1790,2476 1834,2476 1877,2475 1921,2475 1964,2474 2008,2474 2051,2474 2095,2474 2139,2474 2182,2474 2226,2474 2269,2473 2313,2473 2356,2472 2400,2471 2443,2471 2487,2469 2531,2468"/>
                <TextEquiv>
                    <Unicode>einzige komische Gebärde oder Redensart</Unicode>
                </TextEquiv>
            </TextLine>
            <TextLine id="r1l63" custom="readingOrder {index:62;}">
                <Coords points="774,2480 1313,2494 1456,2468 1511,2489 1637,2470 1636,2425 773,2441"/>
                <Baseline points="785,2479 827,2479 869,2479 911,2479 953,2479 995,2478 1037,2478 1079,2477 1121,2477 1163,2476 1206,2475 1248,2475 1290,2474 1332,2473 1374,2472 1416,2472 1458,2471 1500,2470 1542,2470 1584,2470 1627,2469"/>
                <TextEquiv>
                    <Unicode>mert sich um niemanden, und die an¬</Unicode>
                </TextEquiv>
            </TextLine>
            <TextLine id="r1l64" custom="readingOrder {index:63;}">
                <Coords points="777,2536 1142,2540 1196,2517 1512,2544 1636,2512 1609,2469 776,2488"/>
                <Baseline points="787,2528 828,2526 870,2525 912,2524 954,2523 996,2522 1038,2522 1080,2521 1122,2521 1164,2521 1206,2521 1247,2521 1289,2520 1331,2520 1373,2520 1415,2519 1457,2518 1499,2518 1541,2517 1583,2515 1625,2513"/>
                <TextEquiv>
                    <Unicode>dern kümmern sich nicht um ihn“. Tat¬</Unicode>
                </TextEquiv>
            </TextLine>
            <TextLine id="r1l65" custom="readingOrder {index:64;}">
                <Coords points="1908,2528 2073,2546 2260,2516 2467,2539 2540,2516 2540,2482 1907,2491"/>
                <Baseline points="1919,2522 1949,2522 1980,2523 2010,2523 2041,2523 2071,2523 2102,2524 2132,2524 2163,2524 2193,2524 2224,2524 2254,2524 2285,2523 2315,2523 2346,2522 2376,2522 2407,2521 2437,2520 2468,2519 2498,2517 2529,2516"/>
                <TextEquiv>
                    <Unicode>Theaterfiguren, nicht mehr</Unicode>
                </TextEquiv>
            </TextLine>
            <TextLine id="r1l66" custom="readingOrder {index:65;}">
                <Coords points="1653,2540 1715,2530 1738,2542 1778,2528 1807,2538 1822,2529 1851,2537 1863,2524 1892,2536 1913,2531 1912,2485 1869,2489 1850,2500 1818,2479 1806,2488 1749,2494 1727,2482 1701,2493 1651,2490"/>
                <Baseline points="1663,2529 1689,2529 1716,2529 1743,2528 1769,2527 1796,2526 1823,2526 1849,2525 1876,2524 1903,2523"/>
                <TextEquiv>
                    <Unicode>gestellt, —</Unicode>
                </TextEquiv>
            </TextLine>
            <TextLine id="r1l67" custom="readingOrder {index:66;}">
                <Coords points="778,2586 1468,2587 1500,2560 1653,2582 1652,2526 1611,2517 778,2538"/>
                <Baseline points="789,2579 831,2576 874,2575 916,2573 959,2572 1002,2571 1044,2570 1087,2570 1129,2570 1172,2569 1215,2569 1257,2569 1300,2569 1342,2569 1385,2569 1428,2568 1470,2568 1513,2567 1555,2567 1598,2565 1641,2563"/>
                <TextEquiv>
                    <Unicode>sächlich sind Schnitzlers Näsoneure meist</Unicode>
                </TextEquiv>
            </TextLine>
            <TextLine id="r1l68" custom="readingOrder {index:67;}">
                <Coords points="1663,2589 2531,2588 2531,2544 2483,2525 1663,2541"/>
                <Baseline points="1674,2577 1716,2576 1758,2575 1800,2575 1843,2574 1885,2574 1927,2574 1969,2573 2012,2573 2054,2573 2096,2573 2138,2572 2181,2572 2223,2572 2265,2572 2307,2571 2350,2571 2392,2570 2434,2569 2476,2568 2519,2567"/>
                <TextEquiv>
                    <Unicode>Menschen; während bei Gerhart Haupt¬</Unicode>
                </TextEquiv>
            </TextLine>
            <TextLine id="r1l69" custom="readingOrder {index:68;}">
                <Coords points="775,2631 1521,2631 1615,2623 1649,2579 775,2583"/>
                <Baseline points="786,2628 828,2626 871,2625 913,2624 956,2623 999,2622 1041,2621 1084,2621 1126,2620 1169,2620 1212,2620 1254,2620 1297,2619 1339,2619 1382,2619 1425,2619 1467,2619 1510,2619 1552,2618 1595,2618 1638,2618"/>
                <TextEquiv>
                    <Unicode>ganz unorganisch in die Handlung seiner</Unicode>
                </TextEquiv>
            </TextLine>
            <TextLine id="r1l70" custom="readingOrder {index:69;}">
                <Coords points="1658,2633 2535,2628 2534,2582 2421,2572 1658,2589"/>
                <Baseline points="1670,2627 1712,2625 1755,2624 1797,2624 1840,2623 1883,2622 1925,2622 1968,2622 2011,2622 2053,2622 2096,2622 2139,2622 2181,2622 2224,2621 2267,2621 2309,2621 2352,2620 2395,2619 2437,2618 2480,2617 2523,2615"/>
                <TextEquiv>
                    <Unicode>mann oder Ibsen auch die letzte Episoden¬</Unicode>
                </TextEquiv>
            </TextLine>
            <TextLine id="r1l71" custom="readingOrder {index:70;}">
                <Coords points="782,2673 1648,2677 1647,2623 1601,2619 1151,2621 975,2650 781,2634"/>
                <Baseline points="792,2674 834,2674 876,2674 918,2673 960,2673 1003,2672 1045,2671 1087,2670 1129,2670 1171,2669 1214,2668 1256,2668 1298,2667 1340,2666 1382,2666 1425,2666 1467,2666 1509,2666 1551,2667 1593,2667 1636,2668"/>
                <TextEquiv>
                    <Unicode>Dramen und Geschichten hineingestellt,</Unicode>
                </TextEquiv>
            </TextLine>
            <TextLine id="r1l72" custom="readingOrder {index:71;}">
                <Coords points="1660,2680 2526,2668 2525,2629 2447,2623 1660,2635"/>
                <Baseline points="1671,2674 1713,2674 1755,2674 1797,2673 1839,2673 1882,2673 1924,2672 1966,2672 2008,2672 2050,2671 2093,2670 2135,2670 2177,2669 2219,2669 2261,2668 2304,2668 2346,2667 2388,2667 2430,2666 2472,2665 2515,2665"/>
                <TextEquiv>
                    <Unicode>figur lebt, d. h. vom Dichter mit Hinter¬</Unicode>
                </TextEquiv>
            </TextLine>
            <TextLine id="r1l73" custom="readingOrder {index:72;}">
                <Coords points="769,2738 949,2717 1139,2739 1240,2713 1643,2735 1642,2674 894,2691 768,2667"/>
                <Baseline points="779,2723 821,2723 864,2722 906,2722 949,2721 992,2721 1034,2720 1077,2719 1119,2719 1162,2718 1205,2717 1247,2717 1290,2716 1332,2716 1375,2715 1418,2715 1460,2715 1503,2715 1545,2714 1588,2715 1631,2715"/>
                <TextEquiv>
                    <Unicode>bleiben von ihr meist völlig unbetroffen</Unicode>
                </TextEquiv>
            </TextLine>
            <TextLine id="r1l74" custom="readingOrder {index:73;}">
                <Coords points="1662,2738 2539,2727 2523,2675 1662,2690"/>
                <Baseline points="1673,2725 1715,2725 1758,2725 1801,2724 1843,2724 1886,2724 1929,2723 1971,2723 2014,2722 2057,2722 2100,2721 2142,2720 2185,2720 2228,2719 2270,2719 2313,2718 2356,2717 2398,2717 2441,2717 2484,2716 2527,2716"/>
                <TextEquiv>
                    <Unicode>grund umgeben und in eine besondere</Unicode>
                </TextEquiv>
            </TextLine>
            <TextLine id="r1l75" custom="readingOrder {index:74;}">
                <Coords points="770,2767 902,2789 978,2764 1524,2781 1631,2770 1648,2735 1241,2713 1213,2735 769,2737"/>
                <Baseline points="780,2772 822,2771 865,2770 908,2770 951,2769 994,2769 1037,2768 1080,2768 1123,2768 1166,2768 1209,2768 1251,2768 1294,2768 1337,2768 1380,2768 1423,2768 1466,2768 1509,2767 1552,2767 1595,2766 1638,2766"/>
                <TextEquiv>
                    <Unicode>und ihre einzige Betätigung ist die, ein</Unicode>
                </TextEquiv>
            </TextLine>
            <TextLine id="r1l76" custom="readingOrder {index:75;}">
                <Coords points="1662,2782 2541,2782 2540,2727 2460,2722 2293,2745 2188,2718 1662,2737"/>
                <Baseline points="1672,2772 1714,2772 1757,2772 1800,2772 1843,2772 1886,2772 1929,2772 1971,2771 2014,2771 2057,2770 2100,2770 2143,2769 2186,2768 2229,2767 2271,2767 2314,2766 2357,2766 2400,2766 2443,2765 2486,2765 2529,2766"/>
                <TextEquiv>
                    <Unicode>Atmosphäre eingehüllt wird. Schnitzler</Unicode>
                </TextEquiv>
            </TextLine>
            <TextLine id="r1l77" custom="readingOrder {index:76;}">
                <Coords points="772,2840 1647,2810 1614,2773 1498,2768 772,2786"/>
                <Baseline points="783,2819 825,2819 868,2818 910,2817 953,2817 996,2816 1038,2815 1081,2815 1123,2814 1166,2813 1209,2813 1251,2812 1294,2812 1336,2812 1379,2811 1422,2811 1464,2811 1507,2811 1549,2812 1592,2813 1635,2813"/>
                <TextEquiv>
                    <Unicode>paar geistvolle oder boshafte Bemerkungen</Unicode>
                </TextEquiv>
            </TextLine>
            <TextLine id="r1l78" custom="readingOrder {index:77;}">
                <Coords points="1666,2825 2543,2836 2542,2775 1666,2777"/>
                <Baseline points="1676,2821 1718,2820 1761,2819 1804,2818 1847,2817 1890,2816 1932,2816 1975,2815 2018,2815 2061,2815 2104,2815 2146,2814 2189,2814 2232,2814 2275,2814 2318,2814 2360,2814 2403,2814 2446,2814 2489,2814 2532,2814"/>
                <TextEquiv>
                    <Unicode>aber behandelt seine Nebenspieler gleichsam</Unicode>
                </TextEquiv>
            </TextLine>
            <TextLine id="r1l79" custom="readingOrder {index:78;}">
                <Coords points="1650,2865 2360,2881 2540,2864 2540,2823 1650,2845"/>
                <Baseline points="1662,2868 1705,2869 1748,2869 1792,2869 1835,2869 1878,2868 1922,2868 1965,2868 2008,2867 2052,2866 2095,2866 2138,2865 2182,2864 2225,2864 2268,2863 2312,2863 2355,2862 2398,2862 2442,2862 2485,2862 2529,2862"/>
                <TextEquiv>
                    <Unicode>als Masse und es zeigt von besonderer</Unicode>
                </TextEquiv>
            </TextLine>
            <TextLine id="r1l80" custom="readingOrder {index:79;}">
                <Coords points="770,2876 1570,2876 1650,2862 1650,2827 769,2839"/>
                <Baseline points="781,2870 826,2869 871,2868 916,2867 961,2866 1007,2866 1052,2866 1097,2865 1142,2865 1187,2865 1233,2865 1278,2865 1323,2865 1368,2864 1413,2864 1459,2864 1504,2863 1549,2862 1594,2861 1640,2860"/>
                <TextEquiv>
                    <Unicode>in den Dialog einzuwerfen; noch im</Unicode>
                </TextEquiv>
            </TextLine>
            <TextLine id="r1l81" custom="readingOrder {index:80;}">
                <Coords points="777,2922 1591,2926 1647,2908 1646,2864 776,2881"/>
                <Baseline points="789,2927 831,2924 873,2922 916,2920 958,2918 1001,2917 1043,2915 1085,2914 1128,2913 1170,2913 1213,2912 1255,2912 1297,2911 1340,2910 1382,2910 1425,2909 1467,2908 1509,2908 1552,2907 1594,2906 1637,2904"/>
                <TextEquiv>
                    <Unicode>„Professor Bernhardi“ ist der Hofrat Wink¬</Unicode>
                </TextEquiv>
            </TextLine>
            <TextLine id="r1l82" custom="readingOrder {index:81;}">
                <Coords points="1650,2914 1707,2937 2507,2927 2539,2912 2539,2868 1649,2888"/>
                <Baseline points="1660,2918 1703,2918 1746,2918 1790,2919 1833,2918 1877,2918 1920,2918 1963,2918 2007,2917 2050,2917 2094,2916 2137,2915 2180,2914 2224,2914 2267,2913 2311,2912 2354,2912 2397,2911 2441,2910 2484,2909 2528,2908"/>
                <TextEquiv>
                    <Unicode>Selbsterkenntnis, wenn er sie innerhalb</Unicode>
                </TextEquiv>
            </TextLine>
            <TextLine id="r1l83" custom="readingOrder {index:82;}">
                <Coords points="783,2973 1646,2978 1646,2924 782,2930"/>
                <Baseline points="793,2970 835,2968 877,2967 919,2966 961,2965 1003,2964 1045,2963 1087,2962 1129,2962 1171,2961 1214,2961 1256,2960 1298,2960 1340,2960 1382,2960 1424,2960 1466,2959 1508,2959 1550,2959 1592,2959 1635,2959"/>
                <TextEquiv>
                    <Unicode>ler zu keinem anderen Zwecke erschaffen,</Unicode>
                </TextEquiv>
            </TextLine>
            <TextLine id="r1l84" custom="readingOrder {index:83;}">
                <Coords points="1665,2976 2041,2961 2333,2990 2531,2955 2491,2917 1665,2922"/>
                <Baseline points="1676,2964 1718,2966 1760,2968 1802,2968 1844,2969 1887,2969 1929,2969 1971,2968 2013,2967 2055,2966 2098,2965 2140,2964 2182,2963 2224,2962 2266,2961 2309,2960 2351,2960 2393,2960 2435,2961 2477,2961 2520,2963"/>
                <TextEquiv>
                    <Unicode>des Puppenspiels als Chor auftreten und</Unicode>
                </TextEquiv>
            </TextLine>
            <TextLine id="r1l85" custom="readingOrder {index:84;}">
                <Coords points="777,3014 1645,3023 1624,2964 1270,2962 1159,2992 1087,2967 776,2979"/>
                <Baseline points="787,3017 829,3017 871,3016 913,3016 956,3015 998,3015 1040,3014 1083,3014 1125,3013 1167,3013 1210,3012 1252,3012 1294,3011 1336,3011 1379,3010 1421,3010 1463,3009 1506,3009 1548,3008 1590,3007 1633,3006"/>
                <TextEquiv>
                    <Unicode>in dem Einakter „Große Szene“ besorgt</Unicode>
                </TextEquiv>
            </TextLine>
            <TextLine id="r1l86" custom="readingOrder {index:85;}">
                <Coords points="1655,3041 1744,3019 1786,3045 1838,3028 1882,3047 1923,3021 2160,3043 2160,2977 2032,2964 1977,2984 1955,2971 1895,2986 1873,2969 1829,2984 1655,2982"/>
                <Baseline points="1667,3011 1692,3012 1717,3012 1743,3013 1768,3014 1793,3014 1819,3015 1844,3015 1869,3015 1895,3015 1920,3015 1946,3015 1971,3015 1996,3015 2022,3014 2047,3014 2072,3013 2098,3012 2123,3012 2149,3011"/>
                <TextEquiv>
                    <Unicode>unisono sprechen läßt:</Unicode>
                </TextEquiv>
            </TextLine>
            <TextLine id="r1l87" custom="readingOrder {index:86;}">
                <Coords points="778,3069 972,3078 1061,3054 1294,3080 1433,3057 1527,3078 1618,3062 1646,3020 778,3021"/>
                <Baseline points="790,3066 832,3065 874,3063 916,3062 959,3062 1001,3061 1043,3061 1085,3060 1128,3060 1170,3060 1212,3060 1254,3060 1297,3060 1339,3060 1381,3060 1423,3060 1466,3059 1508,3058 1550,3058 1592,3056 1635,3054"/>
                <TextEquiv>
                    <Unicode>Doktor Falk dieses Geschäft. Mitunker</Unicode>
                </TextEquiv>
            </TextLine>
            <TextLine id="r1l88" custom="readingOrder {index:87;}">
                <Coords points="1788,3091 2106,3101 2139,3078 2308,3107 2363,3076 2363,3057 2284,3046 2228,3013 2154,3045 2102,3030 2041,3045 2017,3025 1899,3053 1832,3031 1788,3046"/>
                <Baseline points="1800,3078 1827,3079 1855,3080 1882,3081 1910,3081 1938,3082 1965,3082 1993,3082 2020,3083 2048,3083 2076,3083 2103,3083 2131,3083 2158,3082 2186,3082 2214,3082 2241,3082 2269,3082 2296,3082 2324,3082 2352,3082"/>
                <TextEquiv>
                    <Unicode>Wir spielen die Episoden,</Unicode>
                </TextEquiv>
            </TextLine>
            <TextLine id="r1l89" custom="readingOrder {index:88;}">
                <Coords points="769,3119 1376,3129 1652,3101 1619,3060 768,3069"/>
                <Baseline points="779,3118 822,3117 865,3115 908,3114 951,3113 994,3112 1037,3111 1080,3110 1123,3110 1166,3109 1209,3109 1252,3109 1295,3108 1338,3108 1381,3108 1424,3108 1467,3107 1510,3107 1553,3107 1596,3106 1640,3106"/>
                <TextEquiv>
                    <Unicode>zeichnet der Dichter seine Näsoneure nicht</Unicode>
                </TextEquiv>
            </TextLine>
            <TextLine id="r1l90" custom="readingOrder {index:89;}">
                <Coords points="1779,3144 1825,3162 1905,3137 1960,3154 2021,3135 2155,3158 2334,3153 2334,3109 2132,3077 2106,3099 1779,3090"/>
                <Baseline points="1790,3126 1816,3128 1843,3129 1870,3130 1896,3131 1923,3132 1950,3132 1976,3133 2003,3133 2030,3133 2057,3133 2083,3133 2110,3133 2137,3133 2163,3133 2190,3133 2217,3133 2243,3132 2270,3132 2297,3132 2324,3132"/>
                <TextEquiv>
                    <Unicode>Es tritt keiner hervor...</Unicode>
                </TextEquiv>
            </TextLine>
            <TextLine id="r1l91" custom="readingOrder {index:90;}">
                <Coords points="775,3156 840,3177 1625,3173 1651,3170 1651,3107 774,3130"/>
                <Baseline points="786,3165 828,3163 871,3162 914,3161 957,3160 999,3160 1042,3159 1085,3159 1128,3159 1170,3158 1213,3158 1256,3158 1299,3158 1341,3158 1384,3157 1427,3157 1470,3156 1512,3155 1555,3154 1598,3153 1641,3151"/>
                <TextEquiv>
                    <Unicode>ohne überlegene Ironie, wie etwa jenen</Unicode>
                </TextEquiv>
            </TextLine>
            <TextLine id="r1l92" custom="readingOrder {index:91;}">
                <Coords points="1727,3203 2534,3217 2534,3141 2138,3171 1922,3139 1875,3166 1727,3158"/>
                <Baseline points="1738,3195 1777,3197 1816,3198 1855,3199 1894,3199 1934,3199 1973,3199 2012,3199 2051,3198 2090,3198 2130,3197 2169,3196 2208,3196 2247,3195 2286,3195 2326,3195 2365,3195 2404,3195 2443,3196 2482,3197 2522,3198"/>
                <TextEquiv>
                    <Unicode>Da sind die Frauen, die, so regelmäßig</Unicode>
                </TextEquiv>
            </TextLine>
            <TextLine id="r1l93" custom="readingOrder {index:92;}">
                <Coords points="773,3209 1643,3223 1643,3166 840,3177 772,3156"/>
                <Baseline points="784,3214 826,3213 868,3212 911,3211 953,3210 996,3210 1038,3209 1080,3208 1123,3207 1165,3207 1208,3206 1250,3205 1292,3205 1335,3204 1377,3204 1420,3203 1462,3203 1504,3203 1547,3203 1589,3203 1632,3202"/>
                <TextEquiv>
                    <Unicode>Anastasius Treuenhof („Der tote Gabriel“),</Unicode>
                </TextEquiv>
            </TextLine>
            <TextLine id="r1l94" custom="readingOrder {index:93;}">
                <Coords points="1662,3256 2257,3248 2312,3269 2410,3240 2508,3272 2529,3213 1661,3204"/>
                <Baseline points="1673,3247 1715,3250 1757,3251 1799,3252 1842,3253 1884,3254 1926,3254 1969,3254 2011,3253 2053,3253 2096,3252 2138,3252 2180,3251 2222,3250 2265,3249 2307,3248 2349,3248 2392,3247 2434,3247 2476,3247 2519,3248"/>
                <TextEquiv>
                    <Unicode>wie die Freunde, allemal neben dem</Unicode>
                </TextEquiv>
            </TextLine>
            <TextLine id="r1l95" custom="readingOrder {index:94;}">
                <Coords points="778,3270 1630,3265 1649,3217 1343,3207 1236,3230 1005,3207 777,3237"/>
                <Baseline points="788,3263 830,3262 873,3261 915,3260 958,3260 1000,3259 1043,3259 1085,3258 1128,3258 1170,3257 1213,3257 1256,3257 1298,3256 1341,3256 1383,3256 1426,3255 1468,3255 1511,3255 1553,3254 1596,3253 1639,3253"/>
                <TextEquiv>
                    <Unicode>„den Versteher aller irdischen und gött¬</Unicode>
                </TextEquiv>
            </TextLine>
            <TextLine id="r1l96" custom="readingOrder {index:95;}">
                <Coords points="1665,3310 2535,3305 2534,3266 2258,3249 1664,3266"/>
                <Baseline points="1676,3300 1718,3301 1760,3301 1803,3301 1845,3302 1888,3302 1930,3302 1972,3302 2015,3301 2057,3301 2100,3301 2142,3300 2184,3299 2227,3299 2269,3298 2312,3297 2354,3296 2396,3295 2439,3294 2481,3293 2524,3291"/>
                <TextEquiv>
                    <Unicode>Helden stehen, schon sorgfältiger ausge¬</Unicode>
                </TextEquiv>
            </TextLine>
            <TextLine id="r1l97" custom="readingOrder {index:96;}">
                <Coords points="1165,3303 1198,3320 1344,3307 1411,3324 1433,3308 1596,3319 1650,3295 1650,3262 1289,3260 1165,3277"/>
                <Baseline points="1177,3309 1202,3307 1228,3306 1254,3305 1279,3304 1305,3304 1331,3304 1356,3304 1382,3304 1408,3303 1433,3303 1459,3303 1485,3303 1510,3303 1536,3303 1562,3302 1587,3302 1613,3301 1639,3299"/>
                <TextEquiv>
                    <Unicode>aber etwas Näsonie¬</Unicode>
                </TextEquiv>
            </TextLine>
            <TextLine id="r1l98" custom="readingOrder {index:97;}">
                <Coords points="774,3311 850,3325 926,3307 1090,3323 1117,3306 1165,3302 1164,3263 1110,3278 1085,3264 1044,3276 963,3260 933,3272 848,3264 772,3276"/>
                <Baseline points="785,3310 811,3311 837,3311 864,3311 890,3311 917,3310 943,3308 970,3307 996,3305 1022,3304 1049,3302 1075,3301 1102,3300 1128,3300 1155,3300"/>
                <TextEquiv>
                    <Unicode>lichen Dinge", —</Unicode>
                </TextEquiv>
            </TextLine>
            <TextLine id="r1l99" custom="readingOrder {index:98;}">
                <Coords points="1658,3347 2391,3361 2506,3352 2541,3306 1658,3310"/>
                <Baseline points="1668,3350 1711,3348 1754,3347 1797,3346 1840,3346 1883,3346 1926,3346 1970,3346 2013,3346 2056,3347 2099,3347 2142,3348 2185,3348 2228,3348 2272,3348 2315,3348 2358,3348 2401,3347 2444,3345 2487,3344 2531,3342"/>
                <TextEquiv>
                    <Unicode>meißelt, bedarf ihrer doch auch der Dichter</Unicode>
                </TextEquiv>
            </TextLine>
            <TextLine id="r1l100" custom="readingOrder {index:99;}">
                <Coords points="772,3346 851,3371 1014,3346 1290,3374 1651,3358 1651,3313 1575,3307 1185,3332 1146,3310 772,3309"/>
                <Baseline points="784,3359 826,3358 869,3358 912,3357 955,3357 998,3357 1041,3357 1083,3357 1126,3357 1169,3357 1212,3357 1255,3357 1298,3357 1341,3356 1383,3356 1426,3355 1469,3354 1512,3353 1555,3352 1598,3351 1641,3349"/>
                <TextEquiv>
                    <Unicode>rendes ist überall zu finden, mit der</Unicode>
                </TextEquiv>
            </TextLine>
            <TextLine id="r1l101" custom="readingOrder {index:100;}">
                <Coords points="1666,3400 2205,3417 2253,3391 2527,3388 2501,3349 1981,3373 1666,3350"/>
                <Baseline points="1676,3396 1718,3396 1760,3396 1802,3396 1844,3396 1886,3397 1928,3397 1970,3398 2012,3398 2054,3398 2096,3399 2138,3399 2180,3399 2222,3398 2264,3398 2306,3397 2348,3396 2390,3395 2432,3393 2474,3391 2517,3389"/>
                <TextEquiv>
                    <Unicode>dringender zur Entwisklung seiner Pro¬</Unicode>
                </TextEquiv>
            </TextLine>
            <TextLine id="r1l102" custom="readingOrder {index:101;}">
                <Coords points="785,3418 1642,3405 1641,3355 1541,3349 1278,3378 1069,3372 1017,3346 941,3373 784,3366"/>
                <Baseline points="796,3405 837,3405 879,3405 921,3405 963,3405 1004,3404 1046,3404 1088,3404 1130,3404 1171,3404 1213,3404 1255,3403 1297,3403 1338,3402 1380,3402 1422,3401 1464,3400 1505,3399 1547,3398 1589,3397 1631,3395"/>
                <TextEquiv>
                    <Unicode>einzigen Ausnahme des „Leutnant Gustl“,</Unicode>
                </TextEquiv>
            </TextLine>
            <TextLine id="r1l103" custom="readingOrder {index:102;}">
                <Coords points="1662,3457 1986,3459 2062,3435 2090,3459 2543,3464 2542,3408 2484,3393 1662,3405"/>
                <Baseline points="1673,3445 1718,3445 1763,3446 1808,3446 1853,3446 1899,3446 1944,3446 1989,3446 2034,3446 2079,3446 2125,3446 2170,3446 2215,3446 2260,3445 2305,3445 2351,3445 2396,3445 2441,3444 2486,3444 2532,3444"/>
                <TextEquiv>
                    <Unicode>bleme. Immerhin bleibt es seltsam, daß</Unicode>
                </TextEquiv>
            </TextLine>
            <TextLine id="r1l104" custom="readingOrder {index:103;}">
                <Coords points="774,3454 1655,3456 1654,3414 1526,3402 774,3417"/>
                <Baseline points="785,3453 827,3453 870,3453 913,3453 956,3453 999,3453 1042,3453 1085,3453 1128,3453 1171,3452 1214,3452 1256,3452 1299,3452 1342,3451 1385,3451 1428,3451 1471,3450 1514,3450 1557,3449 1600,3449 1643,3448"/>
                <TextEquiv>
                    <Unicode>dessen unvergleichliches Selbstgespräch der</Unicode>
                </TextEquiv>
            </TextLine>
            <TextLine id="r1l105" custom="readingOrder {index:104;}">
                <Coords points="1663,3508 2537,3496 2537,3463 2463,3446 1663,3458"/>
                <Baseline points="1674,3496 1716,3496 1759,3496 1801,3496 1844,3495 1887,3495 1929,3495 1972,3494 2015,3494 2057,3494 2100,3493 2143,3493 2185,3493 2228,3493 2271,3492 2313,3492 2356,3492 2399,3492 2441,3491 2484,3491 2527,3491"/>
                <TextEquiv>
                    <Unicode>unter den vielen typischen Gestalten</Unicode>
                </TextEquiv>
            </TextLine>
            <TextLine id="r1l106" custom="readingOrder {index:105;}">
                <Coords points="776,3526 959,3492 1140,3534 1253,3505 1412,3532 1474,3503 1551,3524 1646,3506 1646,3458 1602,3454 776,3454"/>
                <Baseline points="788,3503 830,3502 872,3502 915,3502 957,3502 999,3501 1042,3501 1084,3501 1126,3500 1169,3500 1211,3499 1253,3499 1296,3498 1338,3498 1380,3498 1423,3497 1465,3497 1507,3497 1550,3497 1592,3497 1635,3497"/>
                <TextEquiv>
                    <Unicode>Dichter mit keinerlei störender Einrede</Unicode>
                </TextEquiv>
            </TextLine>
            <TextLine id="r1l107" custom="readingOrder {index:106;}">
                <Coords points="1668,3547 1755,3570 1911,3544 2468,3557 2520,3547 2520,3499 1667,3508"/>
                <Baseline points="1678,3542 1719,3542 1761,3542 1802,3541 1844,3541 1885,3541 1927,3541 1968,3541 2010,3540 2051,3540 2093,3540 2135,3540 2176,3539 2218,3539 2259,3538 2301,3538 2342,3537 2384,3536 2425,3535 2467,3534 2509,3533"/>
                <TextEquiv>
                    <Unicode>Schnitzlers gerade die der „Geliebten“</Unicode>
                </TextEquiv>
            </TextLine>
            <TextLine id="r1l108" custom="readingOrder {index:107;}">
                <Coords points="779,3559 823,3558 829,3565 842,3558 851,3567 868,3558 936,3555 964,3567 973,3558 1055,3551 1055,3525 1027,3525 1002,3508 968,3517 950,3507 913,3509 898,3520 778,3507"/>
                <Baseline points="790,3547 815,3549 840,3549 866,3549 891,3549 917,3548 942,3547 967,3546 993,3546 1018,3546 1044,3547"/>
                <TextEquiv>
                    <Unicode>unterbricht.</Unicode>
                </TextEquiv>
            </TextLine>
            <TextLine id="r1l109" custom="readingOrder {index:108;}">
                <Coords points="1662,3603 2455,3600 2534,3582 2533,3545 1661,3570"/>
                <Baseline points="1672,3596 1714,3596 1757,3596 1799,3595 1842,3595 1884,3595 1927,3595 1969,3594 2012,3594 2054,3594 2097,3593 2140,3593 2182,3592 2225,3592 2267,3591 2310,3590 2352,3590 2395,3589 2437,3588 2480,3587 2523,3585"/>
                <TextEquiv>
                    <Unicode>als ein besonderes Kennzeichen seiner</Unicode>
                </TextEquiv>
            </TextLine>
            <TextLine id="r1l110" custom="readingOrder {index:109;}">
                <Coords points="856,3615 1315,3599 1424,3624 1650,3595 1649,3549 1510,3564 1423,3524 1338,3559 855,3559"/>
                <Baseline points="866,3601 904,3602 943,3603 981,3603 1020,3603 1059,3603 1097,3603 1136,3603 1175,3602 1213,3602 1252,3602 1291,3601 1329,3600 1368,3599 1407,3599 1445,3598 1484,3597 1523,3596 1561,3595 1600,3594 1639,3593"/>
                <TextEquiv>
                    <Unicode>Allerliebst ist es, wenn im Puppenspiel</Unicode>
                </TextEquiv>
            </TextLine>
            <TextLine id="r1l111" custom="readingOrder {index:110;}">
                <Coords points="785,3683 2240,3681 2516,3658 2546,3605 784,3596"/>
                <Baseline points="796,3653 887,3650 979,3648 1070,3646 1162,3645 1253,3644 1345,3643 1436,3643 1528,3643 1619,3643 1711,3644 1802,3644 1894,3644 1985,3644 2077,3644 2168,3643 2260,3643 2351,3641 2443,3639 2535,3637"/>
                <TextEquiv>
                    <Unicode>der Held selber in Sentenzen zu reden Muse und er selbst lange Zeit schlechthin als</Unicode>
                </TextEquiv>
            </TextLine>
            <TextEquiv>
                <Unicode>—
box 36/6
1. Panphlets Offorints
Josef Körner: Arthur Schnitzlers Gestalten und Probleme
1004
beginnt, und nun der Näsoneur ihn an¬
Freunde ab. Steht in diesen Werken das
fährt:
Freundespaar im Zentrum der Handlung
und des Interesses, so bleibt es ander¬
Zetzt aber frag ich Sie aufs Gewissen,
wärts völlig an der Peripherie: da hat
Ob das nicht ich hätte sagen müssen.
etwa Karl Etzelt, der Freund des jungen
1Doch gelassen erwidert jener:
Medardus, bloß die technische Bedeutung
Zuweilen dürfen auch Helden schwätzen.
des „Vertrauten" und Albertus Rohn
(„Zwischenspiel“) ist nichts anderes als der
Hier schlägt der Dichter die Geißel tief
„Näsoneur“ des Stückes.
ins eigene Fleisch, denn seine Haupt¬
Denn dieses allbereits etwas muffige
personen pfuschen gar oft mit ihrer Klug¬
Requisit hat sich Schnitzler (wie so manches
rede dem angestellten Rasoneur ins Hand¬
andere) aus dem wohlgezimmerten fran¬
werk; im „Einsamen Weg“ nimmt so Herr
zösischen Sittenstück der Dumas und Kon¬
von Sala dem Doktor Reumann den
sorten angeeignet, um einer tendenziösen
besten Wind aus den Segeln und im
Veranlagung ein Sprechorgan zu schaffen.
gleichen Verhältnis stehen die Bruder¬
Darum erscheint denn auch im Puppen¬
gestalten des „Weiten Landes“, Herr von
Aigner und Doktor Mauer.
spiel „eine Figur von überlegenem Ver¬
stand und schwarzem Vollbart, Näsoneur
Im Grunde dienen die Typen des
betitelt“. Er spricht:
Freundes und die ihm nahverwandten oder
persönlich unierten des Näsoneurs und
Ich bin der Näsoneur des Stücks,
des Vertrauten nur zur Füllung des
Red' entweder geistreich oder nix.
Raumes. Sie sollen eine Mannigfaltigkeit
Mit behaglicher Selbstironie setzt der
vortäuschen, die der naturwissenschaftliche
Dichter die nachdenkliche Regiebemerkung
Dichter als seiner Problembehandlung
hinzu: Der Näsoneur tritt im Verlaufe
hinderlich eben dach fortgeräumt hat, denn
der weiteren Handlung nur gelegentlich
er empfindet diese erkältende Leere selber
nach vorwärts, wenn er etwas zu reden
als unkünstlerisch; sie sind die reine Staf¬
hat. Im übrigen bleibt er von den Vor¬
fage, mitunter bloß zur Unterhaltung des
gän zen vollkommen unberührt. Er küm¬
„Publikums“ ersonnen und oft auf eine
einzige komische Gebärde oder Redensart
mert sich um niemanden, und die an¬
dern kümmern sich nicht um ihn“. Tat¬
Theaterfiguren, nicht mehr
gestellt, —
sächlich sind Schnitzlers Näsoneure meist
Menschen; während bei Gerhart Haupt¬
ganz unorganisch in die Handlung seiner
mann oder Ibsen auch die letzte Episoden¬
Dramen und Geschichten hineingestellt,
figur lebt, d. h. vom Dichter mit Hinter¬
bleiben von ihr meist völlig unbetroffen
grund umgeben und in eine besondere
und ihre einzige Betätigung ist die, ein
Atmosphäre eingehüllt wird. Schnitzler
paar geistvolle oder boshafte Bemerkungen
aber behandelt seine Nebenspieler gleichsam
als Masse und es zeigt von besonderer
in den Dialog einzuwerfen; noch im
„Professor Bernhardi“ ist der Hofrat Wink¬
Selbsterkenntnis, wenn er sie innerhalb
ler zu keinem anderen Zwecke erschaffen,
des Puppenspiels als Chor auftreten und
in dem Einakter „Große Szene“ besorgt
unisono sprechen läßt:
Doktor Falk dieses Geschäft. Mitunker
Wir spielen die Episoden,
zeichnet der Dichter seine Näsoneure nicht
Es tritt keiner hervor...
ohne überlegene Ironie, wie etwa jenen
Da sind die Frauen, die, so regelmäßig
Anastasius Treuenhof („Der tote Gabriel“),
wie die Freunde, allemal neben dem
„den Versteher aller irdischen und gött¬
Helden stehen, schon sorgfältiger ausge¬
aber etwas Näsonie¬
lichen Dinge", —
meißelt, bedarf ihrer doch auch der Dichter
rendes ist überall zu finden, mit der
dringender zur Entwisklung seiner Pro¬
einzigen Ausnahme des „Leutnant Gustl“,
bleme. Immerhin bleibt es seltsam, daß
dessen unvergleichliches Selbstgespräch der
unter den vielen typischen Gestalten
Dichter mit keinerlei störender Einrede
Schnitzlers gerade die der „Geliebten“
unterbricht.
als ein besonderes Kennzeichen seiner
Allerliebst ist es, wenn im Puppenspiel
der Held selber in Sentenzen zu reden Muse und er selbst lange Zeit schlechthin als</Unicode>
            </TextEquiv>
        </TextRegion>
    </Page>
</PcGts>
