3484 4256
1261 163 1335 214 I1
2100 151 2561 236 box 21/2
292 148 1958 236 16.1. Lebendige Stunden zyklus
3069 1145 3260 1303 522
422 1618 1678 1679 Modernen war, wird er jetzt von den Jüngsten bereits zum altenf
435 1659 1658 1717 Eisen geworfen. In dieser humoristischen Auffassung der Erfolge
423 1668 2857 1743 und Kämpfe eines Schriftstellers, der am Cäsarenwahn leidet und Sofort hatte Visconn=Venosta, damals Minister des Krußern, die
1645 1718 2862 1773 Empfindung, daß hierdurch das Hinterland von Tripolis dem Ein¬
425 1745 1642 1795 sich im Mittelpunkt der Welt sieht, liegt eine sonnige Kraft und
1631 1751 2855 1808 verständnisse zwischen den beiden Westmächten preisgegeben wäre.
429 1776 1634 1826 Selbstbefreiung, für die wir Schnitzler aufrichtigen Dank wissen.
1636 1798 2851 1851 Visconti=Venosta sagte sich nun, es könnte Italien fortan in Tripolis
427 1813 1641 1870 Einen köstlichen Griff in die Satire ohne alle ernste Beimischung
1635 1840 2846 1891 so ergehen wie früher in Tunis, wo durch die Besitzergreifung Frank¬
427 1864 1641 1910 hat er zum Schluß mit dem einaktigen Stück „Literatur“ ge¬
1645 1864 2863 1936 reichs die starke italienische Kolonie mit ihren hervorragenden Handels¬
432 1891 1641 1944 than, worin er eine unverstandene poesiesüchtige Frau nach ihrer
1643 1896 2860 1974 interessen so unheilbar geschädigt ward. Visconti=Venosta wendete sich
427 1943 1636 1996 Trennung von einem nüchternen Fabrikanten und vor ihrer Wieder¬
1647 1940 2894 2010 mit seinen Bedenken an die englische Regierung und wünschte vons ?
426 1978 1637 2033 verheirathung mit einem eleganten Lebe= und Sportsmann schildert.
1644 1982 2894 2047 dieser eine Gewähr dafür zu erlangen, daß Tripolis von keinersc
421 2019 1648 2067 Während sie anzügliche Gedichte und Romane schreibt, ist er von
1637 2029 2875 2087 Macht, England inbegriffen. je besetzt werden würde. Die englische d
432 2048 1646 2098 einer unüberwindlichen Abneigung gegen diese Art von Schrift¬
1652 2073 2884 2124 Regierung glaubte sich bei aller Rücksichtnahme auf Italien und d
436 2089 1635 2145 stellerei erfüllt und läßt das jüngste literarische Erzeugniß seiner
1641 2105 2927 2184 dessen Interessen außer Stande, Italien die begehrten Garantieng
431 2131 1649 2177 Braut unverzüglich einstampfen. Nur ein Exemplar wird davon ge¬
1646 2152 2849 2205 betreffs Tripolis zu geben. Da wendete sich der italienische
430 2176 1647 2230 rettet, aber dies wirft die Verfasserin selbst ins Feuer, als es sich
1648 2187 2923 2247 Minister des Aeußern an die französische Regierung, und zeigte diese j#
436 2218 1647 2269 herausstellt, daß ihre darin abgedruckten Liebesbriefe aus der Zeit
1646 2238 2854 2290 sich ungleich entgegenkommender als die englische. In Paris be¬
2845 2234 3365 2321 Nou#nnerwogen. Es hei
424 2256 1638 2301 ihres Verhältnisses mit einem verbummelten Literaten von diesem
1645 2265 2841 2326 gehrte man nur die Erklärung, daß Italien in Marokko Frank¬
437 2291 1642 2344 ebenfalls für eine Erzählung wörtlich benutzt worden sind. Mit aller¬
2846 2290 3349 2343 diese Maßnahme, nicht
1645 2307 2845 2364 reich würde frei schalten lassen, wenn dieses ein Interesse an diesem
434 2332 1642 2384 lei geistvollen und lustigen Einfällen schnurrt dieser satirische Ein¬
2843 2337 3363 2408 kommen sondern aus st
1647 2358 2846 2401 afrikanischen Territorium nehmen sollte. Italien hatte keine Ursache,
427 2370 1663 2416 akter in reizender Weise an den Zuschauern vorbei, denen literarische
1642 2373 2848 2432 betreffs Marokkos nicht die gewünschte Erklärung abzugeben, und
433 2413 1648 2462 Auswüchse als menschliche Verschrobenheiten vorgeführt und von
1634 2419 2855 2476 Iso kam zwischen Frankreich und Italien ein auf die
2908 2431 3371 2510 X Aus Südafrika #
445 2452 1161 2513 Grund aus lächerlich gemacht werden.
515 2489 2848 2534 Leider erwiesen sich die schauspielerischen Kräfte für die Auf=safrikanische Mittelmeerküste bezügliches Abkommen
2915 2486 3373 2556 Pretoria, 4. Januar
1642 2504 2851 2579 zu Stande, durch das sich einerseits Italien verpflichtet,
432 2520 1655 2586 gaben, die ihnen der Dichter gestellt hat, im Deutschen Theater nicht
2842 2530 3368 2599 erlassen, welche bezüglich
1657 2550 2844 2607 Frankreich in Marokko frei gewähren zu lassen, anderer¬
437 2566 1654 2617 überall als ausreichend. In den „Lebendigen Stunden“ gelang
2845 2578 3353 2644 tischen Aerzten in
1653 2563 2861 2633 seits Frankreich es auf sich nimmt, nie seine Hand aus
433 2599 1654 2650 zwar die Figur des melancholischen pensionirten Beamten Herrn
1651 2626 2847 2682 Tripolis zu legen. Damit soll keineswegs gesagt sein, das
2855 2623 3366 2686 einen Artikel enthält, de
440 2633 1651 2689 Rheinhardt, aber Herr Rittner sah in der Fülle seiner rund¬
1648 2667 3360 2734 Italien daran denkt, heute oder morgen Tripolis zu olkupireng Besitzer von Diplomen
443 2682 1643 2734 bäckigen Gesundheit so aus, daß man ihn niemals für einen dichte¬
2029 2697 2855 2759 seine Handelsinteressen daselbst schützen
2847 2710 3373 2770 Gesetze des Landes, au
442 2713 2041 2771 risch veranlagten Menschen halten konnte, der von einem tiefen Dagegen will es
1639 2747 2853 2811 will es ferner, wie es der französischen Regierung zu erkennen¬
2844 2757 3367 2814 stammt, den qualifizirten
441 2756 1644 2818 Gram zu Boden gedrückt ist und Trost von seinem neu erwachenden
1643 2774 2842 2832 gegeben hat, daß die Karawanen nicht von Tripolis nach
2845 2798 3372 2871 werthiges Vorrecht einrä
439 2803 1657 2863 Talent erwartet. In der „Dame mit dem Dolch“ wirkte Fräulein
1646 2808 2849 2870 der französischen Einflußsphäre abgelenkt werden. Die Consultc
444 2843 1646 2900 Triesch in der blonden Perrücke, durch welche die Aehnlichkeit
2925 2843 3367 2899 Die Verfügung kon
1649 2856 2863 2913 wollte weiters dafür sorgen, daß es den Italienern bei einer
439 2880 1653 2943 mit dem Gemälde in der Galerie erzielt wurde, vortheilhafter als in
2859 2871 3364 2955 weiter nicht verwunderlich
1646 2885 2858 2961 etwaigen Besitzergreifung von Tripolis durch Frankreich nicht so
435 2923 1652 2971 manchen anderen Rollen, und fand auch, freilich nicht ohne
2853 2929 3361 3001 auch in der „südafrikan
1656 2935 2849 2991 erginge, daß die aus Italien kommenden Waaren Differential¬
442 2943 1648 3009 Neigung zur Manier, den Ton der großen Leidenschaft. Aber neben
1647 2974 2852 3025 zöllen unterlägen, was bei nach einem englischen Gebiete gehenden
2851 2973 3368 3039 prüfung bestehen, ebens
438 2990 1652 3045 ihr stand in der Liebhaberrolle ein junger Mann auf der Bühne,
1653 3013 2852 3065 Waaren nie der Fall ist. Italien hat demnach mit Frankreich ein
2862 3021 3343 3082 Die Verfügung spricht
435 3034 1656 3094 der richtig zu empfinden scheint, aber in Gang, Haltung und Ge¬
1661 3053 2845 3104 auf Afrika bezügliches Separat=Abkommen getroffen, das inter¬
2858 3062 3366 3123 eines schon bestehenden
448 3070 1662 3123 sichtsausdruck hinter allem Künstlerischen so weit zurückbleibt, wie
1659 3089 2858 3145 national so zu taxiren ist wie etwa das Separat=Abkommen
2854 3110 3341 3174 stens den Wunsch nach
436 3111 1660 3178 wir es im Deutschen Theater kaum je beobachtet haben. In den
1655 3132 2858 3189 zwischen Rußland und Oesterreich =Ungarn betreffs des Balkans.
2851 3146 3350 3220 englische Aerzte müssen
441 3150 1656 3203 „letzten Masken“ glänzte Herr Fischer als schwindsüchtiger Schau¬
1656 3177 2855 3227 Ist Oesterreich=Ungarn, indem es ein Abkommen mit Rußland,
442 3191 1662 3245 spieler durch seinen liebenswürdig maßhaltenden Humor. Hr. Rhein¬
2859 3191 3364 3251 tiziren wollen, bei uns
440 3247 2857 3283 hardt entwickelte als Sterbender eine viel zu jugendliche Leiden= also mit Compaciscenten einer anderen Allianzgruppe schloß, aus
2859 3240 3355 3301 Ob auch von den im Tri
1648 3254 2844 3305 dem Dreibunde ausgetreten? Und hatte nicht Deutschland ein
447 3267 1656 3329 schaftlichkeit, während Herr Bassermann die Selbstgefälligkeit
1678 3291 2853 3336 Separat=Abkommen mit Rußland? Muß also Italien dem Drei¬
2855 3287 3366 3342 Aerzten, deren Zahl nicht
445 3318 1668 3363 des berühmten Dichters und seine Klagen, daß ihm die jüngste Gene¬
1657 3323 2853 3397 #nde untreu werden, weil es sich betreffs seiner Mittelmeer¬
2854 3328 3332 3399 bation verlangt wird,
448 3343 1651 3406 ration über den Kopf wachse, in seiner durch einen mächtigen schwar¬
1679 3362 2848 3413 ##teressen mit Frankreich abgefunden hat? Nein. Italien wird
2858 3373 3033 3441 sichtlich.
450 3381 1653 3432 zen Bart charakterisirten Maske mit würdevoller Lächerlichkeit aus¬
1673 3398 2855 3461 i# Dreibunde bleiben, dabei aber auch in gutem Einvernehmen
2927 3401 3361 3477 Nach einem Teleg
446 3417 1663 3486 drückte. In „Literatur“ brachte Herr Rittner einen modernen
1662 3441 1967 3507 #t Frankreich.“
2848 3442 3369 3524 [Pretoria wurde ein
446 3459 1654 3525 Bohémetypus der Poesie in einer sprechenden, an Hartleben er¬
1732 3470 2857 3541 Der Wiener „Politischen Korrepondenz“ wird aus Rom
2860 3503 3368 3570 auf dem Marsche von Bru#
443 3496 1667 3579 innernden Physiognomie wirkungsvoll zur Gestaltung, während
1653 3523 1877 3603 bfrichtet:
445 3541 1654 3610 Fräulein Triesch ihrer Rolle, die jenseits von Wahrheit und
2848 3548 3362 3610 befand, von Boeren ü
1723 3550 2853 3621 Die Ansprache, die der französische Botschafter beim Quirinal,
440 3573 1664 3640 Lüge, von Sinn und Unsinn, von Tugend und Laster steht, nicht die
2858 3593 3330 3652 13 Verwundete; nach
1656 3611 2852 3667 Birrère, anläßlich des Neujahrsempfanges der französischen Kolonie
456 3626 1664 3683 rechte Naivetät des Empfindens gab, sondern mehr ihrer selbst zu
2854 3631 3356 3710 Fend, der ebenfalls ein
456 3684 2860 3732 spotten, als an die lebensprühende Ueberspanntheit, die der Dichter ghalten hat, ist als eine Bekräftigung der Erklärungen zu be¬
1479 3666 3355 3770 E. Z. nachten, die aus dem Munde des italienischen Ministers des Nach einer Meldun
448 3705 1308 3790 vorgeschrieben hat, wirklich zu glauben schien.
