3484 4224
245 149 1911 269 16.1. Lebendige Stunden—zyklus
672 1028 1153 1169 mar Coldse
1151 1078 1356 1250 %
804 1136 1134 1224 Bureau für
1309 1182 1385 1255 *
546 1160 653 1252 O
592 1210 1298 1280 Zeitungsausschnitte und Verlag
600 1280 1294 1355 der Wissenschaftlichen Revue.
518 1318 1414 1424 BERLIN N., Augustetr. 87 part.
681 1383 1245 1460 Telephon Amt III. No. 3051.
809 1489 1139 1565 Ausschnitt
439 1501 785 1571 Pelenaumm Aiener
909 1553 1018 1626 aus
414 1551 805 1631 G010SCHMIDT. Augusistr 67.
594 1703 1310 1818 Freisinnige Zeitung, Berlin
822 1843 1142 1938 —5. 1. 02
378 2287 1532 2400 Deutsches Theater. Von Artbur Schnitzler sind am
322 2357 1527 2438 Sonnabend vier Akte und vier Stücke Aufgeführr worden mit
1361 2392 1537 2448 starken,
321 2404 1362 2490 verschiedener Wirkung, doch im ganzen mit einem so
312 2430 1533 2519 rauschenden Erfolge, wie ihn seit dem „Rosenmontag“ diese Bühne
316 2468 1539 2548 nicht erlebt hat. „Lebendige Stunden", — der erste Akt.
326 2512 1549 2601 soll gewissenmaßen den Grundton angeben. Im ganzen Cyklus ist
325 2556 1550 2630 von Litteratur und Kunst die Rede, und der Autor will sagen:
325 2588 1544 2683 Das Leben selbst, auf irgend einem Höhepunkte erfaßt, ist besser
327 2629 1552 2708 als alles Dichten vom Leben. Ein junger Mann, ringender Poet,
407 2670 1547 2759 die Ruhe seiner Seele wieder haben; darum geht die ewig
1015 2708 1536 2773 wird die Frage gestellt,
333 2724 1023 2808 Feche Mutter in den Tod. Es
410 2741 1551 2827 das ganze künftige Schaffen des Sohnes auch nur
321 2787 1566 2869 eine Lebensstunde der Mutter aufwiegen kann. Die „Frau mit
333 2826 1545 2910 dem Dolche“ sucht eine lebendige Stunde der Liebe; was ihr
330 2857 1556 2944 und ihm das Schicksal bringen mag. das bedeutet der Renaissance¬
324 2889 1555 2996 haften wenig. Dieser Akt ist übrigens in der Form teilweise eine
332 2951 1480 3029 neue Gattung von Traumdrama Im dritten Stück wird
342 2953 1560 3069 schildert, wie das Leben selbst Theater spielen und seine Maslen
344 3015 1567 3110 annehmen kann, und das noch in der letzten Stunde — „die
331 3062 1543 3146 letzten Masken“. Der vierte Alt, der den Titel „Litteratur“
341 3088 1563 3191 führt, ist das Muster einer kleinen satirischen Komödie. Er ist
339 3137 1561 3234 voll Esprit und Anmut. Der Litterat als Cabotin und Selbst¬
337 3179 1566 3263 betrüger. Der paralistische Geist wurde außerordentlich fein von
339 3221 1562 3300 Frl. Triesch und den Herren Bassermann und Rittner
350 3260 1571 3340 entdeckt, wie denn in dem ganzen Cyllus der Dichter seine echten
1378 3301 1529 3354 —1u—
332 3322 819 3397 Darsteller gefunden hat.
2065 130 2462 217 box 21/2
2191 796 2664 958 dar Goldse
2658 846 2784 967 %
2326 924 2696 1021 Bureau für 4
2755 927 2833 1023 7
2074 935 2197 1036 I7
2117 1009 2817 1093 Zeitungsausschnitte und Verlag
2117 1067 2819 1140 der Wissenschaftlichen Revue.
2036 1113 2936 1214 BERLIN N., Augustetr. 87 part.
2203 1184 2775 1253 Telephon Amt III, No. 3051.
1987 1218 2989 1314 Ss
2329 1287 2661 1367 Ausschnitt
1948 1277 2302 1353 Teieramm Adrese:
1927 1340 2314 1416 TcOLbschMIDT.Auguststr. 67.
2431 1350 2544 1418 aus
2155 1501 2598 1599 Die Post, Berlin
2258 1702 2524 1792 -5. 1. 22.
2122 1873 2703 1976 Deutsches Theater.
2012 1942 2895 2013 Zum ersten Male: „Lebendige Stun¬
1927 1991 2882 2073 den“ vier Einakter von Arthur Schnitzler.
2011 2042 2890 2116 Zu später Stunde ging der etwas reichliche
1933 2075 2896 2144 Einakter=Abend zu Ende, dem Arthur Schnitzler,
1933 2121 2901 2199 der liebenswürdige Dichter der Anatol=Scenen
1941 2174 2890 2249 und der „Liebelei“, den etwas gezierten Gesammt¬
1941 2205 2886 2289 titel „Lebendige Stunden“ gegeben. Als Ganzes
1931 2242 2895 2336 werden diese Lebendigen Stunden vielleicht nicht
1932 2312 2878 2374 allzu lange lebendig bleiben. Die beiden letzten
1928 2335 2893 2430 Stückchen aber, das ernste Schauspiel: „Die
1926 2400 2890 2461 letzten Masken“ und der Schwank: „Lite¬
1933 2435 2883 2499 ratur“ verdienen unzweifelhaft ein langes
1931 2460 2878 2551 Leben. Der Erfolg bewegte sich überhaupt in
1918 2507 2887 2589 aufsteigender Linie, die für den Autor wie für
1911 2559 2873 2628 das Publikum die willkommenste ist. Das Problem
1924 2603 2864 2681 des ersten Stückchens interessirte, ohne tief zu
1924 2644 2871 2716 wirken, Das zweite Schauspielchen: „Die
1924 2693 2866 2773 Frau mit dem Dolch“ ist ein nicht neuer
1918 2740 2865 2826 feenischer Einfall, in eine etwas verwor¬
1928 2790 2866 2867 cene Philosophie getaucht. „Die letzten Mas¬
1925 2816 2867 2898 ken“ brachten den ehrlichen Beifall und das
1923 2869 2861 2948 tolle Schwänkchen am Schluß gehört in seiner
1913 2904 2861 3006 spreuldelnden Laupe und mit seinen vorzüglichen
1908 2971 2864 3050 Bemerkungen einfach zum Amüsamesiten, das in
1912 3014 2852 3091 diesem Geure seit langer Zeit geschrieben#w#irde.
1897 3053 2849 3132 Schnitzler konnte nach jedem Stückchen vor der
1902 3095 2841 3163 Rampe erscheinen. Oft und besonders geehrt nach
1903 3134 2844 3206 dem prächtigen Humor des Schluß=Schwankes¬
1904 3188 2840 3260 Um den unbestrittenen Erfolg des Abends machten
1899 3234 2833 3289 sich neben Rudolph Rittner, Max Reus
1906 3268 2825 3339 hardt und Hans Fischer ganz besonders=Irene
1898 3316 2830 3385 Triesch und Albert Bassermanns#ewient
1899 3356 2836 3425 die im letzten Stückchen in glänzendem Zusammen¬
1885 3407 2833 3469 spiel mehrfach bei offener Seene applaudirk wur¬
1906 3436 2798 3510 den. Ueber Werth und Schwächen dieses Ein
1891 3479 2834 3564 akter=Abends, vor allem über seine zweite und
1893 3529 2840 3591 bessere Hälfte, sowie über die verdienstvolle Dar¬
1899 3583 2831 3651 stellung wird noch ausführlich an dieser Stelle zu
1902 3617 2820 3696 reden sein. Um Mitternacht lassen sich vier „Le¬
1890 3650 2523 3734 bendige Stunden“ nicht abthun.
2631 3677 2796 3745 R. P.
