3436 4224
2077 157 2518 243 box 21/2
264 187 1921 273 16. 1. Lebendige Stunden zyklus
1218 697 1699 817 Max —
1722 741 1886 875 %
1218 786 1705 874 4 Bureau für +
1860 826 1953 898 *
1124 849 1163 895 C
1151 855 1857 940 Zeitungsausschnitte und Verlag
1149 914 1862 985 der Wissenschaftlichen Revue.
1067 971 1969 1054 BERLIN N., Auguststr. 87 part.
1233 1030 1802 1108 Telephon Amt III. No. 3051.
1025 1084 2028 1150 S
1355 1131 1697 1210 Ausschnitt
1000 1169 1341 1213 Telegramm Adresse:
1464 1189 1578 1262 aus
984 1180 1341 1258 G0LoSCHMIDT. Auguststr. 87.
1192 1296 1822 1407 Deutsche Warte, Berlin
977 1459 1084 1507 S
1344 1456 1635 1554 -S. 1. 02
1827 1727 2793 1790 indes verzeiht ihr den Fehltritt, weil sie ihre Sünde
1838 1760 2540 1818 bekannt und ihm das Leben gerettet hat.
869 1741 1792 1853 Warte für Kunst, Wissenschaft und Litteratur.
1894 1783 2768 1858 Das Schauspiel „Die letzten Masken“ spielt in
1827 1833 2777 1894 einem Krankenhause. Ein sterbender Journalist (Herr
1825 1880 2769 1930 Reinhardt) unterhält sich mit einem schwindsüchtigen
1082 1876 1577 1951 Deutsches Theater.
1828 1917 2770 1972 Schauspieler (Herrn Hanns Fischer) und verlangt als
1010 1926 1806 2005 Zum ersten Male: „Lebendige Stunden“
1821 1957 2775 2001 letzte Ganst des Schicksals, einen stets von Glück und
1382 1982 1816 2033 . Lebendige Stunden.
856 1973 1331 2042 von Arthur Schnitzler.
1820 1992 2776 2060 Ersolg begünstigten Dichter Namens Weihgast
866 2009 1808 2081 Schauspiel in einem Aufzug; 2. Die Frau mit
2324 2033 2776 2085 sprechen, um noch
1828 2034 2252 2091 (Herrn Bassermann)
860 2055 1820 2115 dem Dolche. Schauspiel in einem Aufzug; 3. Die
1849 2060 2821 2124 in seiner Todesstunde das Wohlgefühl der Rache zu 1
1459 2094 1807 2157 1 einem Aufzug;
858 2097 1447 2156 letzten Masken. Schauspiel i
1823 2114 2771 2165 genießen, Mit dem Schauspieler übt er die Worte ein,
863 2143 1805 2190 4. Litteratur. Schwank in einem Aufzug. — Der Wiener
1823 2151 2766 2193 die er seinem tiefgehaßten Feinde ins Gesicht schleudern
870 2169 1809 2226 Dichter hat mit seinen neuen Einaktern seine und geistreiche
1825 2184 2774 2245 will; vor Allem will er ihm sagen, daß er jahrelang der
863 2214 1805 2268 psychologische Skizzen geliefert, Seelengemälde von be¬
1822 2220 2774 2279 heimliche Liebhaber seiner Frau gewesen sei. Als der Dichter
866 2248 1810 2299 deutender Diefe, Bilder, die dem Leben abgelauscht und
1815 2254 2773 2324 jedoch erscheint und mit selbstgefälliger, affektirter Miene
873 2294 1813 2345 wie mit dem Pastellstift hingehaucht sind, dramatische
1818 2310 2771 2352 und gönnerhafter Herablassung das Gespräch beginnt,
872 2331 1810 2372 Dekorationsarbeit, die sich um ein Leitmotiv schlingt und
1824 2348 2775 2399 verstummt der Sterbende — sein Entschluß war das
868 2371 1809 2418 in immer kunstvolleren Ranken weiterspinnt, aber durch
1816 2376 2772 2449 letzte Aufflackern seines Lebensmutes, aber er findet
869 2404 1817 2458 ihren sinnreichen Zauber das Interesse des Zuhörers nie
1830 2416 2497 2475 nicht mehr die Kraft, ihn auszuführen.
860 2460 1807 2498 erschlaffen läßt. In dem einleitenden Schauspiel
1903 2441 2760 2516 Der Schwank „Litteratur“ war das lustige Saiyr¬
867 2485 1806 2539 „Lebendige Stunden“, entwirft der Verfasser ein Bild
1831 2501 2764 2545 spiel, das auf die tragischen und ernsten Verwickelungen
863 2523 1819 2573 von dem naiven und starken Egoismus einer Künstler¬
1822 2540 2772 2601 folgte. Eine Dichterin, die bisher in Münchener
861 2574 1810 2615 natur. Um ihrem Sohne das künstlerische Schaffen
1820 2573 2766 2633 Künstlerkreisen verkehrt hat, heiratet einen adligen
863 2600 1805 2648 zu erleichtern und ihn zu großen Leistungen anzuspornen,
1827 2616 2767 2675 Jüngling, „mit wohlgepflegten Händen und einem
873 2644 1806 2693 vergiftet eine leidende Mutter sich mit Morphium. Sie ver¬
1821 2647 2777 2707 ungepflegten Gehirn.“ Dieser Ehegatte empfindet
866 2683 1808 2736 traut das Geheimnis ihres Opfertodes einem Briefe an,
1820 2696 2776 2755 einen Abscheu vor den Gedichten im Allgemeinen
863 2723 1803 2770 den sie einem befreundeten pensionirten Beamten über¬
1822 2741 2771 2787 und denjenigen seiner Frau im Besonderen.
865 2765 1808 2811 giebt, aber mit der ausdrücklichen Aufforderung, den
1828 2782 2772 2827 Er faßt die Litteratur lediglich als Memoiren¬
863 2797 1805 2846 Brief nicht ihren Sohn lesen zu lassen. Der Beamte
1831 2816 2768 2865 werk auf, und ohne Verständnis für litterarische
876 2833 1814 2888 jedoch verletzt dies Verbot und behält Recht mit seiner
1821 2855 2768 2909 Erzeugnisse, wie er ist, betrachtet er alle Gedichte und
863 2873 1817 2931 Annahme, daß der junge Künstler in dem Hochgefühl
1823 2888 2762 2941 Romane als den Ausdruck platter Realitäten. Seine
872 2917 1809 2964 seines Könnens sich durch den Eindruck dieser
1817 2933 2773 2980 Frau hat es fast mit ihm verdorben, als
874 2948 1813 3009 Offenbarung nicht niederdrücken läßt, sondern seine
1820 2966 2776 3020 sie gesteht, daß sie noch ohne sein Wissen
870 2985 1811 3049 Ueberlegenheit über die schmerzvollen Gesühle des
1817 3005 2762 3060 einen Roman aus ihrem Leben geschrieben hat.
872 3029 1562 3090 Durchschnittsmenschen an den Tag legt.
1820 3045 2765 3103 Der Held dieses Romans ist ein Bekannter Namens
942 3050 1807 3118 Noch mehr Beifall fand das romantische drei¬
1817 3086 2761 3133 Bilbert aus ihrer Münchener Zeit. Gilbert erscheint
862 3098 1817 3149 teilige Schauspiel „Die Frau mit dem Dolche“.
1825 3128 2773 3180 und verrät, daß ergleichfalls einen Roman verfaßt hat,
861 3142 1807 3202 Sie führt den Namen Pauline, und ihr Bild thront in
1826 3165 2774 3219 der ihren beiderseitigen Briefwechsel enthält. Die
864 3193 1816 3238 der Mitte einer Reihe von Gemälden. Der Maler
1828 3199 2759 3255 Schriftstellerin ist aufs Höchste bestürzt, da sie gleich¬
864 3235 1803 3280 (Herr Hahn) ist der Anbeter und Liebhaber Paulinens
1812 3234 2754 3297 falls denselben Briefwechsel in ihren Roman auf¬
866 3269 1805 3320 (Frl. Jrene Triesch). Pauline, die Frau mit
1824 3277 2761 3335 genommen hat. Die heitere Lösung wird dadurch
873 3305 1815 3354 dem eisigen Herzen und den sirenenhaften
1826 3311 2782 3371 herbeigeführt, daß sie ihren Roman, den ihr Gatte
856 3348 1812 3400 Reizen, flößt ihrem Liebhaber Gefühle ein, die
1830 3364 2764 3409 ihr ins Haus briügt, vor den Augen Gilberts ver¬
871 3384 1804 3440 wie stahlscharfe Klingen verwunden und mit der unfehl¬
1812 3389 2772 3440 brennt. Nun können Beide eine glückliche Ehe führen.
865 3419 1807 3487 baren Sicherheit des Dolches töten. Sie steht gerade im
1854 3438 2779 3491 — Der Dichter wurde nach jedem Stück gerufen und
857 3461 1796 3517 Begriff, mit ihrem Gemahl Remigio (Herrn ### Sommer¬
2573 3468 2755 3539 v. H.
1825 3478 2249 3539 mit Beifall überschüttet.
874 3502 1812 3537 sterff) nach Italien zu reisen, und gönnt ihrem Anbeter eine
859 3533 1805 3582 Nacht zum Abschied. Der zweite Teil des Schauspiels
862 3577 1805 3618 ist in wundervoller Verssprache geschrieben und schildert
866 3614 1822 3655 die Liebesnacht, während deren die Bühne in mystisches
860 3650 1810 3702 Dämmerlicht getaucht ist. Im Morgengrauen überrascht
867 3695 1816 3741 Remigio die Liebenden. Pauline gesteht den Ehebruch,
867 3733 1810 3783 Leonhard verlangt den Tod, und da Remigio sich
872 3761 1809 3817 weigert, ihn zu töten, droht er mit der Enthüllung
863 3813 1810 3861 seiner Schande. Da stürzt Pauline mit einem Dolch
852 3849 1820 3911 auf ihren Liebhaber los und ersticht ihn, der Gatte
