3392 4320
2022 209 2485 304 box 21/2
231 226 1878 330 16.1. Lebendige Stunden Zyklus
419 999 3263 1144 Tutatel ihres Mäudigers begeben muß; sie darf ohns Zmmm= denge sich een. ssnelcen. Joche nicht. Weni. adrun leger er ist, nicht den E.
409 1072 3272 1179 mung der Deutschen Bank kein neues Anlehen aufnehmen. Redner lpeu werden, wir bleiben ewig treu! Stürmischer Beifall!) Revolverjournalisten den A
424 1174 3283 1285 dieses lebendige Empfinden vielleicht gerade im joup Inenschenfreundliche Arzt kann es nicht über sich bringen, und Weihgast oben ges
420 1222 2796 1282 nalistischen Beruf gelernt hat, wo unablässig das Lebenn dem Sterbenden diesen letzten Wunsch abzuschlagen, und
2790 1256 3282 1329 in dem Stück enthalten
416 1282 2796 1382 seiner Fülle auf ihn eingewirkt hat — welcher stets be¬ geht selbst Weihgast holen, den er zufälligerweise persön¬
2789 1307 3281 1382 denken. Das Drama
417 1323 1627 1409 müht gewesen ist, die Charaktere und die Erscheinungen
1608 1337 2793 1421 lich kennt. Währenddem hält Florian Jackwerth, der Co¬
2792 1355 3273 1428 reif ist, geschrieben zu
404 1375 1614 1449 in ihrer Tiefe zu erfassen — und welcher in Tausenden
1608 1384 2800 1470 mödiant, mit Rademacher eine Art Generalprobe ab, da¬
2782 1399 3274 1474 angedeutet. Allerdings,
404 1422 1620 1497 von Artikeln, die mit dem Tage entstanden, mit dem Tage
1611 1432 2771 1505 mit dieser nur ja nichts vergißt von Allem, was er zu
2789 1441 3292 1522 Ausbreitung und zur #
414 1466 1609 1550 dahingegangen sind, eine Persönlichkeit kundgegeben hat,
1605 1475 2790 1565 sagen hat. O, es sind zerschmetternde Worte. Weihgast's
2786 1497 3293 1569 kann eben nicht mehr
402 1522 1612 1585 deren Werth das Publicum nicht begriffen hat, veil das
1609 1524 2794 1605 Glück wird in Trümmer gehen bei diesem Besuche im
2788 1545 3290 1611 Darum soll aber ein D
409 1568 1618 1645 Publicum in seiner Blindheit für die Persönlichkeit nur
1611 1581 2796 1649 Hospital. Und er kommt. Er kommt in seinem eleganten
2791 1592 3283 1662 sich nicht damit begnüg
402 1619 1600 1669 denjenigen beachtet, der durch die Etikette „literarisch“
1608 1622 2768 1700 Pelze, mit seinem glänzend gebügelten Cylinder. Er ist
2780 1642 3276 1710 Einacter=Cyklen. Und
406 1653 1609 1727 kenntlich gemacht ist, und weil es heutzutage nun ein¬
1599 1669 2794 1744 voll herablassender Freundlichkeit. Wie traurig, den
2777 1686 3248 1756 nach dem Höchsten z
411 1696 1606 1784 mal ausgemacht ist, daß der Journalismus nicht zur
1597 1713 2782 1785 Jugendfreund so wiederzufinden! Aber es hätte nicht da¬
2776 1730 3234 1803 Dramatikern seiner
401 1734 1610 1815 Literatur gehört. Alexander Weihgast hingegen hat alle
1599 1766 2780 1835 hin zu kommen brauchen. Er hätte in jeder Weise zur
2775 1769 3239 1857 er ein geistvoller
408 1815 1603 1877 Ehren genossen, weil er keine Zeitungsartikel geschrieben
1601 1809 2783 1889 Verfügung gestanden. Und noch jetzt ist er bereit, Alles
2772 1815 3236 1902 da seine Technik,
399 1851 1594 1913 hat, sondern Bücher oder Theaterstücke, weil er die Ge¬
1593 1871 2778 1936 zu thun, was in seinen Kräften steht. Er wird Billette
2767 1872 3244 1942 zur vollen Reife
405 1886 1604 1977 schicklichkeit besessen hat, in seinen Romanen oder in seinen
1592 1910 2787 1979 zu seiner nächsten Première schicken obwol das Blatt, dem
2775 1921 3268 1981 neuen Werke wieder
410 1950 1598 2006 Dramen den Geschmack des Publicums zu treffen, und
1602 1963 2776 2039 Rademacher angehört, sich gar nicht freundlich gegen ihn
2778 1969 3295 2039 Saison am „Deutschen
391 1978 1604 2067 weil es ihm, indem er als Romancier oder Dramatiker
1598 2001 2789 2083 benimmt. Und wenn er mit Geld dienen kann, so soll
2774 2009 3284 2100 da Talent und Erfolg
407 2037 1588 2109 sich bethätigte, gelungen ist, für die Armseligkeit seiner
1596 2048 2778 2129 Rademacher sich nur ja keinen Zwang auferlegen. Rade¬
2761 2058 3292 2135 jetzt die Zeit gekommen,
402 2086 1586 2163 Gedanken und für die Flachheit seiner Weltanschauung
1596 2100 2780 2180 macher hat mehrmals die Lippen geöffnet, als wolle er
2778 2097 3295 2188 Stunden“ wird versuchen
389 2140 1584 2212 eine literarische Form zu finden. Rademacher, der Jour¬
1588 2140 2788 2231 reden. Doch er bringt nur gleichgiltige Worte heraus. Was
2769 2166 3303 2230 Styls etwar vom Geistel
399 2178 1587 2263 nalist, und Weihgast, der Schriftsteller — es ist selbstver¬
1589 2194 2778 2265 er sagen wollte, bleibt ungesagt; und Weihgast geht und
2765 2195 3282 2277 bringen. Das ann ein
393 2235 1592 2310 ständlich, daß die Welt sich für Weihgast entschieden hat.
1575 2254 2778 2316 kann es sich nicht erklären, warum Rademacher ihn hat
2767 2251 3277 2318 sein. Der vierte, so viel
398 2271 1568 2344 Und nie hat Jemand bemerkt, daß da ein Unrecht ge¬
1585 2288 2770 2364 rufen lassen. Florian Jackwerth, der Comödiant, eilt durch
2765 2301 3282 2376 Schwank „Lileratur“, der
395 2323 1591 2396 schehen ist. Oder doch, Jemand hat es bemerkt: Weih¬
1578 2334 2766 2421 die Thür, in höchster Spannung. „Also, was ist gewesen?“
2761 2344 3299 2425 zeigt (es ist leider nicht
395 2373 1594 2450 gast's Frau. Sie hat die Nichtigkeit und Hohlheit ihres
1583 2378 2775 2458 Es zeigt sich, daß gar nichts gewesen ist. Florian Jack¬
2769 2386 3279 2471 dieses Stück ausführlich
395 2424 1598 2495 Mannes erkannt, sie hat erkannt, daß der Andere, der
1576 2425 2761 2496 werth ist verblüfft. „Wie? Sie haben ihn gehen lassen?“
2757 2441 3288 2507 Weg des Lustspiels. Jeden
388 2459 2771 2560 Journalist, ein Mensch, ein echter Mensch war, und sie ist Und Rademacher sagt: Was hab' ich mit ihm zu schaffen?
2768 2492 3295 2558 nach seinem anmuthreichen
382 2516 1584 2594 seine Geliebte gewesen, zwei Jahre lang. Und wie Rade¬
1572 2522 2779 2619 Was geht mich sein Glück, was geh'n mich seine Sorgen
2757 2541 3298 2615 starke Werk seiner Mannes
388 2567 1587 2637 macher in seinen letzten Stunden das Alles bedenkt; wie
1571 2574 2759 2645 an? Was haben wir Zwei mit einander zu reden ge¬
2760 2583 3266 2658 Kunst sich auch von den
386 2600 1581 2683 er sein Leben mit dem des Jugendfreundes vergleicht;
1579 2620 2757 2694 habt? He! Was?“. .. Was hat Unsereiner mit den
2761 2629 3288 2702 denen sie, wie zum Thei
374 2656 1587 2734 wie er sich den Anderen vergegenwärtigt, in seinem schönen
1573 2670 2755 2748 Leuten zu schaffen, die morgen noch auf der Welt sein
2760 2679 3294 2767 Cyklus darthut, immer noch
389 2717 1581 2780 Heim, von der Wärme und dem Behagen der Familie
1572 2720 2756 2798 werden?“ Dann sinkt er in seinen Sessel zurück und stirbt.
2746 2727 3274 2797 Dichtungen handeln sast
380 2755 1586 2831 umgeben, während er selbst einsam und verlassen im
1575 2769 2746 2839 Er hat geschwiegen, weil er den Tod so nahe fühlte. Es
2751 2775 3303 2846 schaft und von allem And
375 2812 2751 2901 Hospital zu Grunde gehen muß, da flammt der Haß in kann keinen Haß, mehr geben im Augenblicke des Todes.
2752 2822 3272 2891 Kunst unter Variirung
383 2848 2745 2949 ihm auf. Wenn das Schicksal keine Gerechtigkeit geübt! Denn der Haß gehört zum Leben; und für denjenigen,
2748 2867 3304 2936 Wesens der Kunst definire
375 2893 1578 2967 hat, er will sie üben. Er will dem Andern seinen Un¬
1568 2903 2619 2975 der stirbt ist das Leben so unendlich gleichgiltig!
2749 2929 3291 2986 vu à travers une amoureg
379 2942 1571 3016 werth ins Gesicht schreien. Er will Abrechnung mit ihm
1656 2954 2752 3025 Dieses Stück hat eine besonders starke Wirkung aus¬
2748 2962 3300 3036 jedoch gibt ein unrichtiges
376 2982 1578 3051 halten. Und jenes Behagen, jenes unverdiente Behagen,
1576 2991 2751 3085 geübt, weil es in seiner Handlung und in seinem Dialog,
2744 3012 3296 3087 sie eine nicht unwichtige A
368 3032 1567 3111 er will es auf immer stören durch die Worte: „Deine
1564 3039 2741 3121 der wieder reich ist an feinen und bedeutenden Worten,
2751 3062 3292 3123 ist doch immer nur eine
376 3077 1567 3146 Frau ist meine Geliebte gewesen.“ Dieses Werk des Hasses
1572 3094 2756 3153 das Allermenschlichste berührt. Freilich wird aber Alles nur
2743 3106 3303 3176 Arthur Schnitzler's Schrift
379 3124 2744 3228 soll sein letztes Werk sein. „Rufen Sie Weihgast zu mir,“ berührt. Die großen Probleme werden lediglich gestreift,
2736 3151 3295 3243 eine Episode in der Liebe
369 3175 2770 3287 bittet er den Doctor, der zur Nachtvisite kommt. Der die Charaktere skizzenhaft umrissen. Was über Rademacher
