<?xml version="1.0" encoding="UTF-8" standalone="yes"?>
<PcGts xmlns="http://schema.primaresearch.org/PAGE/gts/pagecontent/2013-07-15" xmlns:xsi="http://www.w3.org/2001/XMLSchema-instance" xsi:schemaLocation="http://schema.primaresearch.org/PAGE/gts/pagecontent/2013-07-15 http://schema.primaresearch.org/PAGE/gts/pagecontent/2013-07-15/pagecontent.xsd">
    <Metadata>
        <Creator>prov=University of Rostock/Institute of Mathematics/CITlab/Gundram Leifert/gundram.leifert@uni-rostock.de:name=ONB_Newseye_GT_M1+(htr_id=10810)::::v=2.4.2
prov=University of Rostock/Institute of Mathematics/CITlab/Tobias Gruening/tobias.gruening@uni-rostock.de:name=de.uros.citlab.module.baseline2polygon.B2PSeamMultiOriented:v=2.4.2
prov=University of Rostock/Institute of Mathematics/CITlab/Tobias Gruening/tobias.gruening@uni-rostock.de:name=/mnt/transkribus/LA/DEA/URO/LA_news_onb_att.pb:de.uros.citlab.segmentation.CITlab_LA_ML:v=2.4.2
Transkribus</Creator>
        <Created>2019-10-07T11:34:21.637+02:00</Created>
        <LastChange>2019-10-08T14:39:26.917+02:00</LastChange>
        <TranskribusMetadata docId="223975" pageId="9500927" pageNr="206" tsid="16592782" status="IN_PROGRESS" userId="40391" imgUrl="https://files.transkribus.eu/Get?id=GKRFWTOHVQIXIAVTZURPGNPB&amp;fileType=view" xmlUrl="https://files.transkribus.eu/Get?id=QZWEUZENOURQGUTHNSHYMBLI" imageId="6191149"/>
    </Metadata>
    <Page imageFilename="223975_0206.jpeg" imageWidth="3532" imageHeight="4320">
        <ReadingOrder>
            <OrderedGroup id="ro_1711449767241" caption="Regions reading order">
                <RegionRefIndexed index="0" regionRef="r1"/>
                <RegionRefIndexed index="1" regionRef="r2"/>
            </OrderedGroup>
        </ReadingOrder>
        <TextRegion orientation="0.0" id="r1" custom="readingOrder {index:0;}">
            <Coords points="149,267 149,3235 2071,3235 2071,267"/>
            <TextLine id="r1l1" custom="readingOrder {index:0;}">
                <Coords points="236,284 1745,331 1941,309 1941,234 236,261"/>
                <Baseline points="247,291 331,292 415,293 499,294 583,295 667,295 751,295 836,296 920,296 1004,296 1088,296 1172,295 1256,295 1340,295 1425,294 1509,294 1593,293 1677,292 1761,292 1845,291 1930,290"/>
                <TextEquiv>
                    <Unicode>16. 1. Lebendige Stunden zyklus</Unicode>
                </TextEquiv>
            </TextLine>
            <TextLine id="r1l2" custom="readingOrder {index:1;}">
                <Coords points="955,1526 2071,1517 2035,1477 955,1471"/>
                <Baseline points="965,1522 1019,1521 1074,1521 1129,1521 1184,1520 1238,1520 1293,1520 1348,1520 1403,1520 1457,1520 1512,1520 1567,1520 1622,1520 1676,1520 1731,1520 1786,1519 1841,1519 1895,1519 1950,1519 2005,1518 2060,1518"/>
                <TextEquiv>
                    <Unicode>sporadisch aufgetaucht waren, vereinten sich in diesem dreiactigen</Unicode>
                </TextEquiv>
            </TextLine>
            <TextLine id="r1l3" custom="readingOrder {index:2;}">
                <Coords points="154,1576 221,1590 299,1558 349,1585 497,1557 625,1579 730,1553 846,1556 912,1590 943,1581 942,1482 854,1502 801,1481 730,1509 357,1496 307,1524 208,1497 153,1525"/>
                <Baseline points="164,1558 202,1559 240,1560 279,1561 317,1561 356,1560 394,1560 432,1559 471,1558 509,1557 548,1556 586,1555 624,1554 663,1554 701,1553 740,1554 778,1554 816,1555 855,1557 893,1559 932,1562"/>
                <TextEquiv>
                    <Unicode>Aus Perlin. ###</Unicode>
                </TextEquiv>
            </TextLine>
            <TextLine id="r1l4" custom="readingOrder {index:3;}">
                <Coords points="947,1574 2050,1583 2071,1529 946,1532"/>
                <Baseline points="957,1573 1012,1573 1067,1573 1122,1573 1177,1573 1232,1573 1287,1573 1343,1574 1398,1574 1453,1574 1508,1574 1563,1574 1618,1574 1673,1574 1729,1574 1784,1574 1839,1573 1894,1573 1949,1572 2004,1571 2060,1570"/>
                <TextEquiv>
                    <Unicode>Bild aus dem Leben Jung=Wiens und der Welt zu einem</Unicode>
                </TextEquiv>
            </TextLine>
            <TextLine id="r1l5" custom="readingOrder {index:4;}">
                <Coords points="643,1613 666,1613 687,1626 710,1622 742,1641 792,1614 811,1612 830,1629 872,1623 873,1562 843,1557 820,1576 782,1557 742,1563 730,1553 708,1567 696,1557 673,1569 660,1559 643,1565"/>
                <Baseline points="653,1607 679,1605 705,1605 731,1604 757,1604 783,1604 809,1605 835,1606 862,1608"/>
                <TextEquiv>
                    <Unicode>A-</Unicode>
                </TextEquiv>
            </TextLine>
            <TextLine id="r1l6" custom="readingOrder {index:5;}">
                <Coords points="181,1601 240,1629 267,1622 299,1639 318,1628 373,1641 476,1639 533,1617 532,1567 518,1565 495,1584 400,1567 356,1584 282,1589 221,1566 181,1572"/>
                <Baseline points="192,1614 217,1613 242,1613 268,1612 293,1612 319,1612 344,1612 370,1612 395,1613 421,1613 446,1613 472,1612 497,1612 523,1611"/>
                <TextEquiv>
                    <Unicode>(Nachdruck verboten.)</Unicode>
                </TextEquiv>
            </TextLine>
            <TextLine id="r1l7" custom="readingOrder {index:6;}">
                <Coords points="952,1639 2080,1621 2080,1583 2013,1573 952,1580"/>
                <Baseline points="963,1617 1018,1619 1073,1620 1129,1622 1184,1622 1239,1623 1295,1623 1350,1624 1405,1624 1461,1623 1516,1623 1571,1623 1627,1622 1682,1622 1737,1621 1793,1620 1848,1619 1903,1619 1959,1618 2014,1617 2070,1617"/>
                <TextEquiv>
                    <Unicode>träumerischen Moll=Accord von ergreifendem Klangreiz. Ein</Unicode>
                </TextEquiv>
            </TextLine>
            <TextLine id="r1l8" custom="readingOrder {index:7;}">
                <Coords points="947,1675 2073,1682 2073,1627 947,1639"/>
                <Baseline points="957,1665 1012,1666 1067,1666 1122,1667 1178,1667 1233,1668 1288,1668 1343,1668 1399,1668 1454,1668 1509,1668 1564,1668 1620,1668 1675,1668 1730,1668 1785,1667 1841,1667 1896,1666 1951,1665 2006,1665 2062,1664"/>
                <TextEquiv>
                    <Unicode>durch Thränen lächelnder Humor glänzte über dem Drama.</Unicode>
                </TextEquiv>
            </TextLine>
            <TextLine id="r1l9" custom="readingOrder {index:8;}">
                <Coords points="157,1673 904,1676 929,1672 929,1611 645,1645 561,1623 304,1641 190,1601 156,1612"/>
                <Baseline points="167,1669 204,1669 242,1669 279,1669 317,1669 355,1669 392,1669 430,1669 467,1669 505,1669 543,1669 580,1669 618,1669 655,1668 693,1668 731,1668 768,1667 806,1667 843,1666 881,1666 919,1665"/>
                <TextEquiv>
                    <Unicode>ahren konnte man fast von einer Einacter¬</Unicode>
                </TextEquiv>
            </TextLine>
            <TextLine id="r1l10" custom="readingOrder {index:9;}">
                <Coords points="947,1725 2073,1724 2073,1682 1951,1669 947,1675"/>
                <Baseline points="957,1713 1012,1714 1067,1715 1122,1715 1178,1716 1233,1716 1288,1717 1344,1717 1399,1717 1454,1717 1510,1717 1565,1716 1620,1716 1675,1716 1731,1716 1786,1715 1841,1715 1897,1714 1952,1714 2007,1714 2063,1713"/>
                <TextEquiv>
                    <Unicode>Er milderte das Tieftraurige des Vorgangs, den Gegensatz</Unicode>
                </TextEquiv>
            </TextLine>
            <TextLine id="r1l11" custom="readingOrder {index:10;}">
                <Coords points="163,1724 931,1732 918,1671 163,1676"/>
                <Baseline points="173,1717 210,1717 247,1718 285,1719 322,1719 360,1720 397,1720 434,1720 472,1720 509,1720 547,1720 584,1720 621,1720 659,1720 696,1719 734,1719 771,1719 808,1718 846,1718 883,1718 921,1717"/>
                <TextEquiv>
                    <Unicode>ie dramatischen Einfälle schienen sich nur</Unicode>
                </TextEquiv>
            </TextLine>
            <TextLine id="r1l12" custom="readingOrder {index:11;}">
                <Coords points="940,1777 2064,1770 2064,1730 2024,1720 940,1730"/>
                <Baseline points="951,1765 1006,1765 1061,1765 1116,1765 1171,1765 1226,1765 1281,1764 1336,1764 1391,1763 1446,1763 1502,1762 1557,1762 1612,1761 1667,1761 1722,1761 1777,1761 1832,1761 1887,1761 1942,1762 1997,1762 2053,1763"/>
                <TextEquiv>
                    <Unicode>zwischen dem jungen anatolähnlichen Helden, der nur liebelt,</Unicode>
                </TextEquiv>
            </TextLine>
            <TextLine id="r1l13" custom="readingOrder {index:12;}">
                <Coords points="157,1769 856,1783 940,1772 940,1723 696,1720 654,1742 614,1723 157,1727"/>
                <Baseline points="167,1765 205,1766 243,1768 281,1768 319,1769 357,1769 395,1769 433,1769 471,1769 509,1768 548,1768 586,1767 624,1767 662,1766 700,1766 738,1765 776,1765 814,1764 852,1764 890,1765 929,1765"/>
                <TextEquiv>
                    <Unicode>Gedankensplitter einzustellen. Am brolligsten</Unicode>
                </TextEquiv>
            </TextLine>
            <TextLine id="r1l14" custom="readingOrder {index:13;}">
                <Coords points="951,1826 2071,1815 2071,1781 1987,1766 951,1772"/>
                <Baseline points="962,1812 1016,1811 1071,1811 1126,1811 1181,1810 1236,1810 1291,1810 1346,1810 1401,1810 1456,1810 1511,1810 1565,1810 1620,1810 1675,1810 1730,1810 1785,1810 1840,1810 1895,1810 1950,1810 2005,1810 2060,1810"/>
                <TextEquiv>
                    <Unicode>und dem einfachen schlichten Mädchen aus dem Volke, dieser</Unicode>
                </TextEquiv>
            </TextLine>
            <TextLine id="r1l15" custom="readingOrder {index:14;}">
                <Coords points="170,1825 526,1835 627,1809 839,1832 940,1813 909,1773 797,1767 313,1789 170,1772"/>
                <Baseline points="181,1813 218,1814 255,1816 293,1817 330,1817 368,1818 405,1818 442,1819 480,1819 517,1818 555,1818 592,1818 629,1817 667,1817 704,1817 742,1816 779,1816 816,1815 854,1815 891,1814 929,1814"/>
                <TextEquiv>
                    <Unicode>abgelaufene Jahrhundert in dem Spiegel</Unicode>
                </TextEquiv>
            </TextLine>
            <TextLine id="r1l16" custom="readingOrder {index:15;}">
                <Coords points="958,1862 2010,1882 2065,1861 2065,1825 957,1822"/>
                <Baseline points="968,1860 1022,1859 1076,1859 1131,1858 1185,1858 1239,1858 1294,1858 1348,1859 1402,1859 1457,1859 1511,1859 1565,1859 1620,1859 1674,1859 1728,1859 1783,1859 1837,1859 1891,1858 1946,1858 2000,1857 2055,1855"/>
                <TextEquiv>
                    <Unicode>Christine, welche in der resoluten und doch weichen, hingebungs¬</Unicode>
                </TextEquiv>
            </TextLine>
            <TextLine id="r1l17" custom="readingOrder {index:16;}">
                <Coords points="159,1873 679,1883 852,1859 894,1878 938,1863 938,1815 692,1832 622,1811 568,1837 159,1823"/>
                <Baseline points="170,1863 207,1863 245,1863 283,1864 321,1864 359,1864 397,1865 435,1865 473,1865 511,1865 549,1865 586,1865 624,1865 662,1865 700,1865 738,1864 776,1864 814,1863 852,1862 890,1861 928,1860"/>
                <TextEquiv>
                    <Unicode>fangen. Das Berliner Theater brachte den</Unicode>
                </TextEquiv>
            </TextLine>
            <TextLine id="r1l18" custom="readingOrder {index:17;}">
                <Coords points="940,1919 2040,1929 2078,1925 2078,1874 939,1877"/>
                <Baseline points="951,1911 1006,1910 1062,1909 1118,1909 1174,1908 1230,1908 1285,1908 1341,1908 1397,1907 1453,1907 1509,1907 1564,1907 1620,1907 1676,1907 1732,1907 1788,1907 1843,1907 1899,1907 1955,1907 2011,1907 2067,1907"/>
                <TextEquiv>
                    <Unicode>vollen Art, ihr Herz in Liebe auszuströmen, an Klärchen und</Unicode>
                </TextEquiv>
            </TextLine>
            <TextLine id="r1l19" custom="readingOrder {index:18;}">
                <Coords points="161,1924 929,1923 929,1875 854,1861 500,1885 161,1871"/>
                <Baseline points="171,1911 208,1911 245,1911 283,1911 320,1912 358,1912 395,1912 432,1912 470,1912 507,1912 545,1911 582,1911 619,1911 657,1911 694,1911 732,1911 769,1910 806,1910 844,1910 881,1909 919,1909"/>
                <TextEquiv>
                    <Unicode>us am Sylvester des Jahrhunderts. Aber</Unicode>
                </TextEquiv>
            </TextLine>
            <TextLine id="r1l20" custom="readingOrder {index:19;}">
                <Coords points="955,1962 2028,1973 2068,1958 2068,1914 955,1927"/>
                <Baseline points="966,1959 1020,1959 1075,1958 1129,1958 1184,1958 1238,1957 1293,1957 1347,1957 1402,1957 1456,1956 1511,1956 1566,1956 1620,1956 1675,1956 1729,1956 1784,1956 1838,1955 1893,1955 1947,1955 2002,1955 2057,1954"/>
                <TextEquiv>
                    <Unicode>Gretchen erinnerte. Schnitzler war in der „Liebelei“ eine un¬</Unicode>
                </TextEquiv>
            </TextLine>
            <TextLine id="r1l21" custom="readingOrder {index:20;}">
                <Coords points="161,1979 218,1958 294,1983 940,1963 940,1928 898,1913 161,1924"/>
                <Baseline points="171,1961 208,1961 246,1960 284,1959 322,1959 360,1959 398,1960 436,1960 474,1960 512,1961 550,1961 587,1961 625,1962 663,1962 701,1962 739,1962 777,1962 815,1961 853,1960 891,1960 929,1958"/>
                <TextEquiv>
                    <Unicode>te scheint dieses kühne Wagniß auch als</Unicode>
                </TextEquiv>
            </TextLine>
            <TextLine id="r1l22" custom="readingOrder {index:21;}">
                <Coords points="945,2013 2021,2023 2075,2010 2075,1970 945,1973"/>
                <Baseline points="955,2009 1010,2009 1066,2008 1121,2008 1177,2008 1232,2008 1288,2007 1343,2007 1399,2007 1454,2006 1510,2006 1565,2006 1621,2005 1676,2005 1732,2005 1787,2004 1843,2004 1898,2003 1954,2003 2009,2003 2065,2002"/>
                <TextEquiv>
                    <Unicode>endlich ergreifende Variation auf die unendliche Melodie ge¬</Unicode>
                </TextEquiv>
            </TextLine>
            <TextLine id="r1l23" custom="readingOrder {index:22;}">
                <Coords points="156,2023 931,2026 930,1971 905,1965 339,1966 301,1988 156,1971"/>
                <Baseline points="167,2009 204,2010 242,2011 279,2011 317,2011 355,2011 392,2011 430,2011 468,2010 505,2010 543,2009 581,2008 618,2007 656,2006 694,2006 731,2005 769,2004 807,2004 844,2003 882,2003 920,2003"/>
                <TextEquiv>
                    <Unicode>fassen. Die Einacter mit der Ewigkeits¬</Unicode>
                </TextEquiv>
            </TextLine>
            <TextLine id="r1l24" custom="readingOrder {index:23;}">
                <Coords points="949,2062 2050,2068 2077,2013 948,2022"/>
                <Baseline points="960,2056 1015,2056 1070,2056 1125,2056 1181,2056 1236,2056 1291,2056 1347,2056 1402,2055 1457,2055 1513,2055 1568,2054 1623,2054 1678,2054 1734,2054 1789,2053 1844,2053 1900,2053 1955,2053 2010,2053 2066,2053"/>
                <TextEquiv>
                    <Unicode>lungen, in welcher die Dichter aller Zeiten die Liebe zwischen</Unicode>
                </TextEquiv>
            </TextLine>
            <TextLine id="r1l25" custom="readingOrder {index:24;}">
                <Coords points="148,2058 207,2069 268,2064 279,2074 334,2062 490,2065 489,2023 446,2016 240,2027 219,2016 181,2026 147,2014"/>
                <Baseline points="159,2060 185,2059 212,2058 239,2058 265,2057 292,2057 319,2056 345,2056 372,2056 399,2055 425,2054 452,2053 479,2051"/>
                <TextEquiv>
                    <Unicode>orben, gestorben.</Unicode>
                </TextEquiv>
            </TextLine>
            <TextLine id="r1l26" custom="readingOrder {index:25;}">
                <Coords points="940,2103 2071,2114 2071,2059 940,2057"/>
                <Baseline points="951,2101 1006,2102 1062,2102 1117,2102 1173,2102 1228,2102 1284,2103 1339,2103 1395,2103 1450,2103 1506,2103 1561,2103 1617,2103 1672,2103 1728,2102 1783,2102 1839,2102 1894,2101 1950,2100 2005,2099 2061,2099"/>
                <TextEquiv>
                    <Unicode>dem Prinzen und der Hirtin besungen haben. Sociale Klüfte</Unicode>
                </TextEquiv>
            </TextLine>
            <TextLine id="r1l27" custom="readingOrder {index:26;}">
                <Coords points="150,2110 927,2120 926,2065 844,2037 711,2066 570,2069 528,2042 469,2068 149,2057"/>
                <Baseline points="161,2109 198,2109 236,2109 274,2109 311,2108 349,2108 387,2108 424,2107 462,2107 500,2106 538,2106 575,2105 613,2105 651,2104 688,2104 726,2104 764,2103 801,2103 839,2102 877,2102 915,2101"/>
                <TextEquiv>
                    <Unicode>er, der Dichter Neu=Wiens, ist ins Bühnen¬</Unicode>
                </TextEquiv>
            </TextLine>
            <TextLine id="r1l28" custom="readingOrder {index:27;}">
                <Coords points="948,2161 2082,2153 2038,2113 1840,2105 948,2121"/>
                <Baseline points="959,2150 1014,2151 1070,2152 1125,2152 1181,2152 1237,2152 1292,2152 1348,2152 1403,2152 1459,2151 1515,2151 1570,2151 1626,2150 1681,2150 1737,2149 1793,2149 1848,2149 1904,2149 1959,2149 2015,2149 2071,2150"/>
                <TextEquiv>
                    <Unicode>thun sich auf; aber die Liebe überbrückt sie. Doch die zarte</Unicode>
                </TextEquiv>
            </TextLine>
            <TextLine id="r1l29" custom="readingOrder {index:28;}">
                <Coords points="160,2180 218,2156 623,2175 738,2154 848,2176 928,2165 928,2121 159,2117"/>
                <Baseline points="169,2153 206,2154 243,2155 281,2155 318,2155 356,2155 393,2155 430,2155 468,2155 505,2155 543,2154 580,2154 617,2154 655,2153 692,2153 730,2152 767,2152 804,2152 842,2151 879,2151 917,2151"/>
                <TextEquiv>
                    <Unicode>ol=Cyclus, einer fast unendlichen Kette von</Unicode>
                </TextEquiv>
            </TextLine>
            <TextLine id="r1l30" custom="readingOrder {index:29;}">
                <Coords points="952,2213 2038,2212 2076,2204 2076,2156 952,2160"/>
                <Baseline points="963,2198 1018,2198 1073,2199 1128,2199 1183,2199 1238,2199 1293,2200 1348,2199 1403,2199 1458,2199 1514,2199 1569,2199 1624,2198 1679,2198 1734,2198 1789,2198 1844,2197 1899,2197 1954,2197 2009,2197 2065,2197"/>
                <TextEquiv>
                    <Unicode>Blume der Liebe muß welken am Gegensatz der Lebenssphären</Unicode>
                </TextEquiv>
            </TextLine>
            <TextLine id="r1l31" custom="readingOrder {index:30;}">
                <Coords points="194,2198 832,2221 941,2199 941,2159 844,2176 739,2154 714,2180 644,2157 621,2176 194,2165"/>
                <Baseline points="204,2200 240,2203 276,2204 312,2205 349,2206 385,2207 421,2207 458,2207 494,2207 530,2207 567,2206 603,2205 639,2205 675,2204 712,2203 748,2202 784,2201 821,2201 857,2200 893,2199 930,2199"/>
                <TextEquiv>
                    <Unicode>Anatol ist der Held einer Reibe von</Unicode>
                </TextEquiv>
            </TextLine>
            <TextLine id="r1l32" custom="readingOrder {index:31;}">
                <Coords points="956,2262 2068,2264 2068,2205 957,2211"/>
                <Baseline points="967,2244 1021,2244 1076,2244 1130,2245 1185,2245 1239,2246 1294,2246 1348,2247 1403,2247 1457,2248 1512,2248 1567,2249 1621,2249 1676,2249 1730,2249 1785,2249 1839,2248 1894,2248 1948,2247 2003,2246 2058,2245"/>
                <TextEquiv>
                    <Unicode>der verschiedenen Lebensauffassung, der trenne. en Schicksale.</Unicode>
                </TextEquiv>
            </TextLine>
            <TextLine id="r1l33" custom="readingOrder {index:32;}">
                <Coords points="166,2261 395,2267 433,2244 524,2264 553,2238 585,2261 875,2265 943,2245 942,2197 782,2221 165,2196"/>
                <Baseline points="177,2252 214,2253 252,2253 290,2254 327,2254 365,2254 403,2254 440,2253 478,2253 516,2253 554,2252 591,2252 629,2252 667,2251 704,2250 742,2249 780,2249 817,2248 855,2247 893,2247 931,2246"/>
                <TextEquiv>
                    <Unicode>frivolen Art, deren Schilderung in der</Unicode>
                </TextEquiv>
            </TextLine>
            <TextLine id="r1l34" custom="readingOrder {index:33;}">
                <Coords points="1021,2301 2080,2303 2053,2261 1882,2248 1021,2248"/>
                <Baseline points="1031,2292 1085,2293 1140,2294 1195,2295 1249,2295 1304,2296 1359,2296 1413,2296 1468,2296 1523,2295 1577,2295 1632,2295 1687,2294 1741,2294 1796,2294 1851,2294 1905,2294 1960,2294 2015,2295 2070,2295"/>
                <TextEquiv>
                    <Unicode>Was in diesem von Schnitzler unübertroffinen Werke den</Unicode>
                </TextEquiv>
            </TextLine>
            <TextLine id="r1l35" custom="readingOrder {index:34;}">
                <Coords points="163,2308 801,2318 834,2294 940,2294 939,2262 912,2254 655,2254 630,2275 438,2243 396,2268 163,2260"/>
                <Baseline points="174,2302 211,2301 249,2301 287,2301 325,2301 362,2301 400,2301 438,2301 476,2301 513,2301 551,2301 589,2301 627,2301 664,2301 702,2300 740,2299 778,2299 815,2297 853,2296 891,2295 929,2293"/>
                <TextEquiv>
                    <Unicode>=Literatur vor etwa zehn Jahren zu den</Unicode>
                </TextEquiv>
            </TextLine>
            <TextLine id="r1l36" custom="readingOrder {index:35;}">
                <Coords points="944,2365 2077,2353 2064,2302 944,2300"/>
                <Baseline points="955,2346 1010,2346 1066,2346 1121,2346 1177,2346 1233,2345 1288,2345 1344,2345 1399,2345 1455,2345 1511,2345 1566,2345 1622,2345 1677,2345 1733,2345 1789,2345 1844,2345 1900,2345 1955,2345 2011,2344 2067,2344"/>
                <TextEquiv>
                    <Unicode>Norddeutschen, den Berliner besonders anmathete, war das</Unicode>
                </TextEquiv>
            </TextLine>
            <TextLine id="r1l37" custom="readingOrder {index:36;}">
                <Coords points="159,2367 927,2348 926,2312 838,2294 796,2313 158,2308"/>
                <Baseline points="168,2352 205,2352 242,2351 280,2351 317,2350 355,2350 392,2350 430,2350 467,2350 505,2350 542,2350 579,2349 617,2349 654,2349 692,2348 729,2347 767,2347 804,2346 842,2344 879,2343 917,2341"/>
                <TextEquiv>
                    <Unicode>fernissen jugendlichen Dichterruhms gehörte.</Unicode>
                </TextEquiv>
            </TextLine>
            <TextLine id="r1l38" custom="readingOrder {index:37;}">
                <Coords points="952,2406 2050,2414 2080,2359 952,2366"/>
                <Baseline points="963,2392 1018,2392 1073,2391 1128,2391 1184,2392 1239,2392 1294,2392 1350,2392 1405,2393 1460,2393 1516,2393 1571,2394 1626,2394 1681,2394 1737,2394 1792,2394 1847,2394 1903,2393 1958,2393 2013,2392 2069,2391"/>
                <TextEquiv>
                    <Unicode>wienerische Colorit. Es ist bekannt, daß der Berliner nichts</Unicode>
                </TextEquiv>
            </TextLine>
            <TextLine id="r1l39" custom="readingOrder {index:38;}">
                <Coords points="159,2403 926,2415 925,2358 887,2352 159,2365"/>
                <Baseline points="170,2398 207,2398 244,2398 281,2398 319,2397 356,2397 393,2397 430,2397 468,2397 505,2396 542,2396 579,2396 617,2396 654,2395 691,2395 728,2394 766,2394 803,2393 840,2393 877,2392 915,2391"/>
                <TextEquiv>
                    <Unicode>den ungemüthlich, wenn man sie nicht auch</Unicode>
                </TextEquiv>
            </TextLine>
            <TextLine id="r1l40" custom="readingOrder {index:39;}">
                <Coords points="948,2453 2078,2448 2078,2406 1952,2393 948,2396"/>
                <Baseline points="959,2441 1014,2440 1069,2440 1125,2439 1180,2439 1236,2439 1291,2440 1346,2440 1402,2441 1457,2441 1513,2442 1568,2442 1623,2443 1679,2443 1734,2443 1790,2443 1845,2443 1900,2443 1956,2442 2011,2441 2067,2440"/>
                <TextEquiv>
                    <Unicode>lieber hört, als das Plauschen eines echten Weaners. Gerade</Unicode>
                </TextEquiv>
            </TextLine>
            <TextLine id="r1l41" custom="readingOrder {index:40;}">
                <Coords points="138,2455 938,2442 937,2407 845,2399 470,2401 428,2427 137,2394"/>
                <Baseline points="149,2447 187,2447 226,2446 265,2446 304,2445 343,2445 382,2444 421,2444 460,2444 499,2443 538,2443 576,2443 615,2442 654,2442 693,2441 732,2441 771,2441 810,2440 849,2439 888,2439 927,2438"/>
                <TextEquiv>
                    <Unicode>ns ästimirte. Der Inhalt des cyclischen</Unicode>
                </TextEquiv>
            </TextLine>
            <TextLine id="r1l42" custom="readingOrder {index:41;}">
                <Coords points="947,2496 2068,2509 2069,2455 947,2451"/>
                <Baseline points="957,2491 1012,2490 1067,2490 1122,2489 1177,2489 1232,2489 1287,2489 1342,2489 1397,2490 1452,2490 1508,2490 1563,2490 1618,2491 1673,2491 1728,2491 1783,2491 1838,2491 1893,2491 1948,2490 2003,2490 2059,2489"/>
                <TextEquiv>
                    <Unicode>weil seinem eigenen Naturell dieses Weiche, Einschmeichelnde,</Unicode>
                </TextEquiv>
            </TextLine>
            <TextLine id="r1l43" custom="readingOrder {index:42;}">
                <Coords points="144,2514 934,2499 933,2459 872,2450 144,2455"/>
                <Baseline points="155,2497 193,2497 231,2496 270,2496 308,2495 347,2495 385,2494 423,2494 462,2493 500,2493 539,2492 577,2492 615,2491 654,2491 692,2490 731,2490 769,2489 807,2489 846,2488 884,2488 923,2487"/>
                <TextEquiv>
                    <Unicode>es Schnitzler entrollte, bestand in einem</Unicode>
                </TextEquiv>
            </TextLine>
            <TextLine id="r1l44" custom="readingOrder {index:43;}">
                <Coords points="947,2542 2075,2555 2075,2498 947,2496"/>
                <Baseline points="957,2538 1012,2538 1067,2538 1123,2538 1178,2538 1234,2538 1289,2539 1344,2539 1400,2539 1455,2539 1511,2540 1566,2540 1621,2540 1677,2540 1732,2540 1788,2540 1843,2540 1898,2540 1954,2539 2009,2539 2065,2538"/>
                <TextEquiv>
                    <Unicode>Liebenswürdige so fern liegt, bewundert er es bei dem Collegen</Unicode>
                </TextEquiv>
            </TextLine>
            <TextLine id="r1l45" custom="readingOrder {index:44;}">
                <Coords points="153,2566 689,2540 906,2558 942,2518 811,2488 152,2507"/>
                <Baseline points="163,2546 201,2546 239,2546 278,2545 316,2545 355,2544 393,2544 431,2543 470,2543 508,2542 547,2542 585,2541 623,2540 662,2540 700,2539 739,2539 777,2538 815,2538 854,2537 892,2537 931,2537"/>
                <TextEquiv>
                    <Unicode>= und Antwortspiel zwischen Anatol, dem</Unicode>
                </TextEquiv>
            </TextLine>
            <TextLine id="r1l46" custom="readingOrder {index:45;}">
                <Coords points="943,2583 2073,2598 2058,2555 1711,2537 943,2558"/>
                <Baseline points="954,2584 1009,2584 1064,2584 1120,2584 1175,2584 1231,2585 1286,2585 1341,2585 1397,2586 1452,2586 1508,2587 1563,2587 1618,2588 1674,2588 1729,2588 1785,2589 1840,2589 1895,2588 1951,2588 2006,2588 2062,2587"/>
                <TextEquiv>
                    <Unicode>von der Donau. Die Berliner Bühnen sind von Oesterreichern</Unicode>
                </TextEquiv>
            </TextLine>
            <TextLine id="r1l47" custom="readingOrder {index:46;}">
                <Coords points="146,2617 487,2589 512,2610 872,2607 931,2590 931,2552 145,2562"/>
                <Baseline points="157,2594 195,2594 233,2593 271,2593 309,2593 348,2592 386,2592 424,2592 462,2591 500,2591 539,2591 577,2590 615,2590 653,2589 691,2589 730,2588 768,2587 806,2586 844,2585 882,2584 921,2583"/>
                <TextEquiv>
                    <Unicode>rzens und einem gleichgesinnten Genossen</Unicode>
                </TextEquiv>
            </TextLine>
            <TextLine id="r1l48" custom="readingOrder {index:47;}">
                <Coords points="949,2638 2071,2652 2071,2597 949,2590"/>
                <Baseline points="959,2635 1014,2634 1069,2634 1124,2634 1179,2633 1234,2633 1289,2634 1344,2634 1399,2634 1454,2634 1509,2635 1564,2635 1619,2635 1674,2636 1729,2636 1784,2636 1839,2636 1894,2636 1949,2636 2004,2636 2060,2635"/>
                <TextEquiv>
                    <Unicode>überschwemmt und die Wiener Walzer finden nirgends eine</Unicode>
                </TextEquiv>
            </TextLine>
            <TextLine id="r1l49" custom="readingOrder {index:48;}">
                <Coords points="162,2657 905,2653 943,2631 942,2604 818,2595 162,2609"/>
                <Baseline points="173,2643 212,2642 252,2641 292,2640 332,2639 372,2639 412,2639 452,2638 492,2638 532,2638 572,2638 612,2637 652,2637 692,2637 732,2636 772,2636 812,2635 852,2634 892,2633 932,2632"/>
                <TextEquiv>
                    <Unicode>sphäre war erfüllt von Patschouli, Iris und</Unicode>
                </TextEquiv>
            </TextLine>
            <TextLine id="r1l50" custom="readingOrder {index:49;}">
                <Coords points="945,2691 2073,2698 2073,2650 1987,2641 945,2632"/>
                <Baseline points="955,2681 1010,2681 1065,2681 1121,2681 1176,2681 1232,2682 1287,2682 1342,2682 1398,2683 1453,2684 1509,2684 1564,2685 1619,2685 1675,2685 1730,2686 1786,2686 1841,2686 1896,2685 1952,2685 2007,2684 2063,2683"/>
                <TextEquiv>
                    <Unicode>ledhaftere Begeisterung, als an der Spree. Schnitzler hatte</Unicode>
                </TextEquiv>
            </TextLine>
            <TextLine id="r1l51" custom="readingOrder {index:50;}">
                <Coords points="169,2701 855,2698 941,2684 941,2648 168,2657"/>
                <Baseline points="179,2687 216,2688 254,2688 291,2689 329,2689 367,2689 404,2689 442,2689 479,2689 517,2689 555,2688 592,2688 630,2687 667,2686 705,2686 743,2685 780,2684 818,2683 855,2681 893,2681 931,2679"/>
                <TextEquiv>
                    <Unicode>von Zeit zu Zeit, wie ein lichter Streifen</Unicode>
                </TextEquiv>
            </TextLine>
            <TextLine id="r1l52" custom="readingOrder {index:51;}">
                <Coords points="944,2718 1100,2753 2076,2749 2077,2694 944,2693"/>
                <Baseline points="955,2729 1010,2729 1066,2729 1121,2730 1177,2730 1232,2731 1288,2731 1343,2731 1399,2732 1454,2732 1510,2733 1566,2733 1621,2734 1677,2734 1732,2734 1788,2734 1843,2734 1899,2734 1954,2734 2010,2733 2066,2733"/>
                <TextEquiv>
                    <Unicode>eber nicht nur das Liebenswürdige und Gewinnende des</Unicode>
                </TextEquiv>
            </TextLine>
            <TextLine id="r1l53" custom="readingOrder {index:52;}">
                <Coords points="163,2739 933,2755 933,2683 886,2702 501,2685 162,2706"/>
                <Baseline points="174,2734 211,2735 248,2736 286,2736 323,2736 361,2736 398,2736 435,2735 473,2735 510,2734 548,2733 585,2733 622,2732 660,2731 697,2731 735,2730 772,2730 809,2730 847,2730 884,2730 922,2731"/>
                <TextEquiv>
                    <Unicode>einem wolkendunklen schwülen Sommertag,</Unicode>
                </TextEquiv>
            </TextLine>
            <TextLine id="r1l54" custom="readingOrder {index:53;}">
                <Coords points="946,2791 2080,2795 2043,2742 1655,2727 1400,2764 946,2721"/>
                <Baseline points="956,2777 1011,2778 1067,2778 1123,2778 1178,2778 1234,2779 1290,2779 1345,2779 1401,2780 1457,2780 1513,2781 1568,2781 1624,2781 1680,2782 1735,2782 1791,2782 1847,2783 1902,2783 1958,2783 2014,2783 2070,2783"/>
                <TextEquiv>
                    <Unicode>Wiener Temveraments. Seinem Wesen wohnte auch die</Unicode>
                </TextEquiv>
            </TextLine>
            <TextLine id="r1l55" custom="readingOrder {index:54;}">
                <Coords points="147,2799 457,2803 610,2777 665,2802 716,2780 850,2798 937,2772 936,2747 865,2737 147,2755"/>
                <Baseline points="157,2783 195,2783 234,2783 272,2783 311,2782 349,2782 388,2782 426,2782 465,2782 503,2782 542,2782 580,2782 619,2781 657,2781 696,2781 734,2780 773,2780 811,2779 850,2778 888,2778 927,2777"/>
                <TextEquiv>
                    <Unicode>Natur, Anmuts, Grazie durch und machte</Unicode>
                </TextEquiv>
            </TextLine>
            <TextLine id="r1l56" custom="readingOrder {index:55;}">
                <Coords points="942,2830 2066,2839 2066,2797 1991,2786 942,2801"/>
                <Baseline points="953,2828 1008,2827 1063,2827 1118,2826 1173,2826 1228,2826 1283,2826 1339,2826 1394,2827 1449,2827 1504,2828 1559,2828 1614,2829 1669,2830 1725,2830 1780,2831 1835,2831 1890,2831 1945,2831 2000,2831 2056,2831"/>
                <TextEquiv>
                    <Unicode>Aeußerlichkeit, die Koketterie, die Gefallsucht, welche sich so oft</Unicode>
                </TextEquiv>
            </TextLine>
            <TextLine id="r1l57" custom="readingOrder {index:56;}">
                <Coords points="144,2853 299,2832 542,2853 800,2850 840,2828 895,2847 931,2827 930,2779 850,2799 143,2796"/>
                <Baseline points="155,2832 193,2833 231,2833 269,2834 308,2834 346,2834 384,2833 422,2833 461,2833 499,2832 537,2832 575,2831 614,2830 652,2830 690,2829 728,2828 767,2828 805,2827 843,2827 881,2826 920,2826"/>
                <TextEquiv>
                    <Unicode>iesem, von schweren Seidengardinen ver¬</Unicode>
                </TextEquiv>
            </TextLine>
            <TextLine id="r1l58" custom="readingOrder {index:57;}">
                <Coords points="950,2888 2072,2891 2073,2845 951,2856"/>
                <Baseline points="961,2876 1016,2875 1071,2874 1126,2874 1181,2874 1236,2874 1291,2875 1346,2875 1401,2876 1456,2877 1511,2878 1566,2879 1621,2880 1676,2880 1731,2881 1786,2881 1841,2882 1896,2882 1951,2881 2006,2880 2061,2880"/>
                <TextEquiv>
                    <Unicode>als Danaergeschenk neben Anmuth und Grazie einstellt, inne.</Unicode>
                </TextEquiv>
            </TextLine>
            <TextLine id="r1l59" custom="readingOrder {index:58;}">
                <Coords points="161,2897 942,2878 941,2838 844,2830 777,2850 160,2849"/>
                <Baseline points="171,2883 209,2882 247,2881 285,2881 323,2881 361,2880 399,2880 437,2880 475,2880 513,2880 551,2880 589,2879 627,2879 665,2879 703,2878 741,2878 779,2877 817,2877 855,2876 893,2875 932,2873"/>
                <TextEquiv>
                    <Unicode>igen Polstermöbeln gefüllten Junggesellen¬</Unicode>
                </TextEquiv>
            </TextLine>
            <TextLine id="r1l60" custom="readingOrder {index:59;}">
                <Coords points="949,2920 2033,2945 2066,2941 2067,2890 949,2887"/>
                <Baseline points="959,2925 1013,2924 1068,2924 1123,2924 1178,2924 1233,2924 1287,2924 1342,2924 1397,2925 1452,2925 1507,2926 1561,2926 1616,2927 1671,2927 1726,2927 1781,2927 1835,2927 1890,2927 1945,2926 2000,2926 2055,2925"/>
                <TextEquiv>
                    <Unicode>In der Liebelei machte die Tragik des Sujets Vieles in den</Unicode>
                </TextEquiv>
            </TextLine>
            <TextLine id="r1l61" custom="readingOrder {index:60;}">
                <Coords points="153,2942 915,2944 940,2938 940,2889 152,2898"/>
                <Baseline points="164,2929 202,2929 240,2929 278,2929 317,2929 355,2929 393,2929 432,2929 470,2929 508,2929 547,2928 585,2928 623,2928 661,2928 700,2927 738,2927 776,2927 815,2926 853,2926 891,2925 930,2925"/>
                <TextEquiv>
                    <Unicode>venn auch nur für Augenblicke, erträglich.</Unicode>
                </TextEquiv>
            </TextLine>
            <TextLine id="r1l62" custom="readingOrder {index:61;}">
                <Coords points="958,2980 1945,2993 2067,2985 2068,2932 958,2934"/>
                <Baseline points="968,2971 1022,2971 1077,2971 1131,2972 1186,2972 1240,2972 1295,2973 1349,2973 1404,2973 1458,2974 1513,2974 1567,2974 1622,2974 1676,2974 1731,2975 1785,2975 1840,2975 1894,2975 1949,2975 2003,2975 2058,2974"/>
                <TextEquiv>
                    <Unicode>Charakteren der weichlichen, nur vom Verhältniß zur Liebelei</Unicode>
                </TextEquiv>
            </TextLine>
            <TextLine id="r1l63" custom="readingOrder {index:62;}">
                <Coords points="158,2999 333,2975 933,2980 933,2940 865,2934 703,2958 667,2933 158,2938"/>
                <Baseline points="169,2976 206,2976 244,2977 281,2977 319,2977 357,2977 394,2977 432,2977 470,2977 507,2976 545,2976 583,2976 620,2975 658,2975 696,2975 733,2974 771,2974 809,2974 846,2973 884,2973 922,2973"/>
                <TextEquiv>
                    <Unicode>8 Anatol wurde erst bekannt, nachdem der</Unicode>
                </TextEquiv>
            </TextLine>
            <TextLine id="r1l64" custom="readingOrder {index:63;}">
                <Coords points="952,3037 2015,3043 2078,3033 2079,2981 953,2982"/>
                <Baseline points="962,3019 1017,3019 1072,3020 1127,3020 1183,3021 1238,3021 1293,3022 1348,3023 1404,3023 1459,3024 1514,3024 1569,3025 1625,3025 1680,3025 1735,3025 1790,3025 1846,3025 1901,3025 1956,3025 2011,3025 2067,3024"/>
                <TextEquiv>
                    <Unicode>tändelnden Männergestalten vergessen. Aber Schnitzler hat</Unicode>
                </TextEquiv>
            </TextLine>
            <TextLine id="r1l65" custom="readingOrder {index:64;}">
                <Coords points="157,3032 928,3036 927,2985 858,2969 814,2990 470,2980 393,3003 336,2978 157,2986"/>
                <Baseline points="168,3023 205,3024 243,3025 280,3026 318,3026 355,3026 393,3026 430,3026 468,3025 505,3025 543,3024 580,3024 618,3023 655,3022 693,3022 730,3022 768,3021 805,3021 843,3021 880,3022 918,3023"/>
                <TextEquiv>
                    <Unicode>en stärksten und ehrlichsten Bühnenerfolg</Unicode>
                </TextEquiv>
            </TextLine>
            <TextLine id="r1l66" custom="readingOrder {index:65;}">
                <Coords points="954,3067 2080,3092 2080,3027 954,3037"/>
                <Baseline points="964,3068 1019,3069 1074,3069 1129,3070 1185,3070 1240,3071 1295,3071 1351,3072 1406,3073 1461,3073 1517,3074 1572,3074 1627,3075 1682,3075 1738,3075 1793,3075 1848,3075 1904,3075 1959,3074 2014,3074 2070,3073"/>
                <TextEquiv>
                    <Unicode>nicht wieder einen Vorwurf gefunden, der seiner Eigenart so</Unicode>
                </TextEquiv>
            </TextLine>
            <TextLine id="r1l67" custom="readingOrder {index:66;}">
                <Coords points="156,3093 375,3071 893,3087 943,3042 155,3029"/>
                <Baseline points="167,3077 205,3077 243,3078 281,3078 320,3078 358,3077 396,3077 435,3076 473,3075 511,3075 550,3074 588,3073 626,3072 664,3072 703,3071 741,3071 779,3070 818,3070 856,3070 894,3070 933,3071"/>
                <TextEquiv>
                    <Unicode>ngen hatte. In diesem Drama hatte der</Unicode>
                </TextEquiv>
            </TextLine>
            <TextLine id="r1l68" custom="readingOrder {index:67;}">
                <Coords points="162,3131 916,3136 930,3083 543,3094 389,3069 345,3093 162,3089"/>
                <Baseline points="173,3122 210,3122 247,3122 284,3121 322,3121 359,3121 396,3120 434,3120 471,3120 508,3119 546,3119 583,3119 620,3119 657,3119 695,3118 732,3118 769,3118 807,3118 844,3119 881,3119 919,3119"/>
                <TextEquiv>
                    <Unicode>blichen Fortschritt gemacht. Die feinsinnige</Unicode>
                </TextEquiv>
            </TextLine>
            <TextLine id="r1l69" custom="readingOrder {index:68;}">
                <Coords points="955,3126 1701,3108 2071,3143 2071,3090 2019,3082 956,3069"/>
                <Baseline points="965,3121 1019,3121 1074,3120 1129,3120 1184,3120 1238,3121 1293,3121 1348,3121 1403,3122 1457,3122 1512,3123 1567,3123 1622,3123 1676,3124 1731,3124 1786,3124 1841,3124 1895,3124 1950,3124 2005,3123 2060,3123"/>
                <TextEquiv>
                    <Unicode>lag, wie dieses stimmungsvolle Stück. Seine Fehler und</Unicode>
                </TextEquiv>
            </TextLine>
            <TextLine id="r1l70" custom="readingOrder {index:69;}">
                <Coords points="153,3184 620,3185 668,3164 696,3187 820,3165 929,3190 944,3133 152,3134"/>
                <Baseline points="164,3169 202,3170 241,3171 279,3172 318,3172 356,3172 395,3171 433,3171 472,3171 510,3170 549,3170 587,3170 626,3169 664,3169 703,3168 741,3168 780,3168 818,3169 857,3169 895,3170 934,3171"/>
                <TextEquiv>
                    <Unicode>thvolle Stimmungsmalerei, der leise Hang</Unicode>
                </TextEquiv>
            </TextLine>
            <TextLine id="r1l71" custom="readingOrder {index:70;}">
                <Coords points="951,3158 1888,3201 2077,3190 2078,3141 951,3127"/>
                <Baseline points="962,3172 1017,3170 1072,3170 1127,3169 1183,3170 1238,3170 1293,3171 1348,3172 1404,3174 1459,3175 1514,3176 1569,3178 1625,3179 1680,3180 1735,3180 1790,3180 1846,3180 1901,3179 1956,3177 2011,3175 2067,3171"/>
                <TextEquiv>
                    <Unicode>Schwächen wurden deutlicher, seine Vorzüge verloren sich in</Unicode>
                </TextEquiv>
            </TextLine>
            <TextLine id="r1l72" custom="readingOrder {index:71;}">
                <Coords points="155,3221 269,3246 1130,3231 1130,3183 966,3162 841,3193 155,3183"/>
                <Baseline points="165,3219 212,3219 260,3220 308,3220 355,3221 403,3222 451,3222 498,3222 546,3223 594,3223 642,3224 689,3224 737,3224 785,3224 832,3223 880,3223 928,3222 975,3221 1023,3220 1071,3218 1119,3216"/>
                <TextEquiv>
                    <Unicode>eiche in Schnitzlers Frühwerk nur kurz und 1 Manier.</Unicode>
                </TextEquiv>
            </TextLine>
            <TextEquiv>
                <Unicode>16. 1. Lebendige Stunden zyklus
sporadisch aufgetaucht waren, vereinten sich in diesem dreiactigen
Aus Perlin. ###
Bild aus dem Leben Jung=Wiens und der Welt zu einem
A-
(Nachdruck verboten.)
träumerischen Moll=Accord von ergreifendem Klangreiz. Ein
durch Thränen lächelnder Humor glänzte über dem Drama.
ahren konnte man fast von einer Einacter¬
Er milderte das Tieftraurige des Vorgangs, den Gegensatz
ie dramatischen Einfälle schienen sich nur
zwischen dem jungen anatolähnlichen Helden, der nur liebelt,
Gedankensplitter einzustellen. Am brolligsten
und dem einfachen schlichten Mädchen aus dem Volke, dieser
abgelaufene Jahrhundert in dem Spiegel
Christine, welche in der resoluten und doch weichen, hingebungs¬
fangen. Das Berliner Theater brachte den
vollen Art, ihr Herz in Liebe auszuströmen, an Klärchen und
us am Sylvester des Jahrhunderts. Aber
Gretchen erinnerte. Schnitzler war in der „Liebelei“ eine un¬
te scheint dieses kühne Wagniß auch als
endlich ergreifende Variation auf die unendliche Melodie ge¬
fassen. Die Einacter mit der Ewigkeits¬
lungen, in welcher die Dichter aller Zeiten die Liebe zwischen
orben, gestorben.
dem Prinzen und der Hirtin besungen haben. Sociale Klüfte
er, der Dichter Neu=Wiens, ist ins Bühnen¬
thun sich auf; aber die Liebe überbrückt sie. Doch die zarte
ol=Cyclus, einer fast unendlichen Kette von
Blume der Liebe muß welken am Gegensatz der Lebenssphären
Anatol ist der Held einer Reibe von
der verschiedenen Lebensauffassung, der trenne. en Schicksale.
frivolen Art, deren Schilderung in der
Was in diesem von Schnitzler unübertroffinen Werke den
=Literatur vor etwa zehn Jahren zu den
Norddeutschen, den Berliner besonders anmathete, war das
fernissen jugendlichen Dichterruhms gehörte.
wienerische Colorit. Es ist bekannt, daß der Berliner nichts
den ungemüthlich, wenn man sie nicht auch
lieber hört, als das Plauschen eines echten Weaners. Gerade
ns ästimirte. Der Inhalt des cyclischen
weil seinem eigenen Naturell dieses Weiche, Einschmeichelnde,
es Schnitzler entrollte, bestand in einem
Liebenswürdige so fern liegt, bewundert er es bei dem Collegen
= und Antwortspiel zwischen Anatol, dem
von der Donau. Die Berliner Bühnen sind von Oesterreichern
rzens und einem gleichgesinnten Genossen
überschwemmt und die Wiener Walzer finden nirgends eine
sphäre war erfüllt von Patschouli, Iris und
ledhaftere Begeisterung, als an der Spree. Schnitzler hatte
von Zeit zu Zeit, wie ein lichter Streifen
eber nicht nur das Liebenswürdige und Gewinnende des
einem wolkendunklen schwülen Sommertag,
Wiener Temveraments. Seinem Wesen wohnte auch die
Natur, Anmuts, Grazie durch und machte
Aeußerlichkeit, die Koketterie, die Gefallsucht, welche sich so oft
iesem, von schweren Seidengardinen ver¬
als Danaergeschenk neben Anmuth und Grazie einstellt, inne.
igen Polstermöbeln gefüllten Junggesellen¬
In der Liebelei machte die Tragik des Sujets Vieles in den
venn auch nur für Augenblicke, erträglich.
Charakteren der weichlichen, nur vom Verhältniß zur Liebelei
8 Anatol wurde erst bekannt, nachdem der
tändelnden Männergestalten vergessen. Aber Schnitzler hat
en stärksten und ehrlichsten Bühnenerfolg
nicht wieder einen Vorwurf gefunden, der seiner Eigenart so
ngen hatte. In diesem Drama hatte der
blichen Fortschritt gemacht. Die feinsinnige
lag, wie dieses stimmungsvolle Stück. Seine Fehler und
thvolle Stimmungsmalerei, der leise Hang
Schwächen wurden deutlicher, seine Vorzüge verloren sich in
eiche in Schnitzlers Frühwerk nur kurz und 1 Manier.</Unicode>
            </TextEquiv>
        </TextRegion>
        <TextRegion orientation="0.0" id="r2" custom="readingOrder {index:1;}">
            <Coords points="2077,244 2077,3245 3214,3245 3214,244"/>
            <TextLine id="r2l1" custom="readingOrder {index:0;}">
                <Coords points="2113,280 2186,291 2387,276 2426,291 2465,273 2519,288 2534,284 2535,216 2425,198 2366,221 2322,204 2295,216 2255,203 2236,218 2147,202 2114,212"/>
                <Baseline points="2123,266 2148,266 2173,266 2198,267 2223,267 2248,268 2273,268 2298,269 2323,269 2348,269 2373,270 2398,270 2423,270 2448,270 2473,269 2498,269 2523,268"/>
                <TextEquiv>
                    <Unicode>box 21/2</Unicode>
                </TextEquiv>
            </TextLine>
            <TextLine id="r2l2" custom="readingOrder {index:1;}">
                <Coords points="2158,1518 3046,1545 3195,1541 3215,1505 3150,1479 2158,1488"/>
                <Baseline points="2169,1522 2220,1521 2272,1520 2324,1520 2375,1520 2427,1520 2479,1521 2530,1521 2582,1522 2634,1523 2686,1523 2737,1524 2789,1525 2841,1526 2892,1526 2944,1527 2996,1528 3047,1528 3099,1528 3151,1528 3203,1528"/>
                <TextEquiv>
                    <Unicode>Nachdem der Künstler mit dem österreichischen Offiziers¬</Unicode>
                </TextEquiv>
            </TextLine>
            <TextLine id="r2l3" custom="readingOrder {index:2;}">
                <Coords points="2089,1573 3101,1594 3215,1574 3215,1530 2089,1539"/>
                <Baseline points="2099,1571 2154,1572 2209,1573 2264,1573 2320,1574 2375,1575 2430,1576 2486,1576 2541,1577 2596,1577 2652,1578 2707,1578 2762,1579 2817,1579 2873,1579 2928,1579 2983,1579 3039,1578 3094,1578 3149,1578 3205,1577"/>
                <TextEquiv>
                    <Unicode>dramna „Freiwild“ eine sanfte, aber energische Ablehnung ge¬</Unicode>
                </TextEquiv>
            </TextLine>
            <TextLine id="r2l4" custom="readingOrder {index:3;}">
                <Coords points="2093,1628 3213,1621 3190,1579 2094,1574"/>
                <Baseline points="2103,1620 2158,1620 2213,1621 2268,1621 2323,1622 2378,1622 2433,1623 2488,1623 2543,1624 2598,1625 2653,1625 2708,1626 2763,1626 2818,1627 2873,1627 2928,1628 2983,1628 3038,1628 3093,1628 3148,1628 3203,1628"/>
                <TextEquiv>
                    <Unicode>funden hatte, kehrte er zum Einacter zurück. Von den drei</Unicode>
                </TextEquiv>
            </TextLine>
            <TextLine id="r2l5" custom="readingOrder {index:4;}">
                <Coords points="2081,1663 3224,1681 3224,1649 3077,1625 2081,1623"/>
                <Baseline points="2092,1664 2148,1665 2204,1667 2260,1667 2316,1669 2372,1669 2428,1670 2484,1671 2540,1672 2596,1672 2653,1673 2709,1673 2765,1674 2821,1674 2877,1674 2933,1674 2989,1674 3045,1674 3101,1674 3157,1673 3214,1673"/>
                <TextEquiv>
                    <Unicode>Einactern, welche vor drei Jahren zur Wahl standen, hat das</Unicode>
                </TextEquiv>
            </TextLine>
            <TextLine id="r2l6" custom="readingOrder {index:5;}">
                <Coords points="2083,1717 3222,1725 3222,1675 2083,1677"/>
                <Baseline points="2094,1713 2149,1714 2205,1714 2261,1715 2317,1716 2373,1716 2429,1717 2485,1717 2541,1718 2597,1718 2653,1719 2708,1719 2764,1719 2820,1720 2876,1720 2932,1720 2988,1720 3044,1720 3100,1721 3156,1721 3212,1720"/>
                <TextEquiv>
                    <Unicode>Publikum aber nur einen gekiest: „Den grünen Kakadu“. Indeß</Unicode>
                </TextEquiv>
            </TextLine>
            <TextLine id="r2l7" custom="readingOrder {index:6;}">
                <Coords points="2082,1757 3210,1777 3210,1737 3061,1725 2082,1727"/>
                <Baseline points="2092,1763 2147,1763 2202,1764 2258,1765 2313,1766 2368,1767 2424,1768 2479,1768 2534,1769 2590,1770 2645,1770 2700,1771 2756,1771 2811,1771 2866,1772 2922,1772 2977,1772 3032,1772 3088,1772 3143,1771 3199,1771"/>
                <TextEquiv>
                    <Unicode>auch dieses bizarre, groteske und zurecht gemachte Vexirbild aus</Unicode>
                </TextEquiv>
            </TextLine>
            <TextLine id="r2l8" custom="readingOrder {index:7;}">
                <Coords points="2091,1814 3207,1839 3207,1784 3167,1776 2091,1765"/>
                <Baseline points="2102,1811 2156,1812 2211,1814 2266,1815 2321,1816 2375,1816 2430,1817 2485,1817 2540,1818 2594,1818 2649,1818 2704,1818 2759,1819 2813,1819 2868,1819 2923,1819 2978,1820 3032,1820 3087,1821 3142,1821 3197,1822"/>
                <TextEquiv>
                    <Unicode>der Vorzeit der französischen Revolution schlummert heute schon</Unicode>
                </TextEquiv>
            </TextLine>
            <TextLine id="r2l9" custom="readingOrder {index:8;}">
                <Coords points="2089,1876 3209,1885 3209,1836 3087,1823 2089,1815"/>
                <Baseline points="2099,1862 2154,1863 2209,1864 2264,1865 2319,1865 2374,1866 2429,1866 2484,1866 2539,1866 2594,1867 2649,1867 2704,1867 2759,1867 2814,1867 2869,1867 2924,1867 2979,1867 3034,1867 3089,1868 3144,1868 3199,1869"/>
                <TextEquiv>
                    <Unicode>den Schlaf der Ungerechten in den Theaterarchiven. Ein Drama</Unicode>
                </TextEquiv>
            </TextLine>
            <TextLine id="r2l10" custom="readingOrder {index:9;}">
                <Coords points="2083,1921 3127,1940 3209,1919 3210,1883 2083,1881"/>
                <Baseline points="2094,1912 2149,1913 2204,1914 2259,1914 2315,1914 2370,1915 2425,1915 2480,1915 2536,1915 2591,1915 2646,1915 2701,1915 2757,1915 2812,1915 2867,1915 2922,1915 2978,1916 3033,1916 3088,1917 3143,1918 3199,1920"/>
                <TextEquiv>
                    <Unicode>im großen Stil: „Der Schleier der Beatrice“, blieb Lesestück.</Unicode>
                </TextEquiv>
            </TextLine>
            <TextLine id="r2l11" custom="readingOrder {index:10;}">
                <Coords points="2077,1957 3216,1965 3216,1935 3037,1923 2077,1925"/>
                <Baseline points="2087,1961 2145,1961 2204,1962 2263,1962 2322,1963 2381,1963 2440,1964 2499,1964 2558,1965 2617,1965 2675,1965 2734,1966 2793,1966 2852,1967 2911,1967 2970,1967 3029,1967 3088,1968 3147,1968 3206,1968"/>
                <TextEquiv>
                    <Unicode>Die kleinen Mittel und der große Stil stehen in einem un¬</Unicode>
                </TextEquiv>
            </TextLine>
            <TextLine id="r2l12" custom="readingOrder {index:11;}">
                <Coords points="2088,2010 3206,2016 3194,1960 2089,1970"/>
                <Baseline points="2099,2010 2153,2011 2208,2011 2263,2012 2318,2012 2373,2012 2427,2012 2482,2012 2537,2012 2592,2011 2647,2011 2701,2011 2756,2011 2811,2011 2866,2011 2921,2012 2975,2012 3030,2013 3085,2013 3140,2014 3195,2016"/>
                <TextEquiv>
                    <Unicode>vereinbaren Gegensatz zu einander. Schnitzler dachte an Schmocks</Unicode>
                </TextEquiv>
            </TextLine>
            <TextLine id="r2l13" custom="readingOrder {index:12;}">
                <Coords points="2092,2072 3222,2076 3222,2011 2092,2015"/>
                <Baseline points="2103,2060 2158,2060 2213,2059 2269,2059 2324,2060 2380,2060 2435,2060 2491,2060 2546,2060 2602,2060 2657,2060 2712,2061 2768,2061 2823,2061 2879,2061 2934,2062 2990,2062 3045,2062 3101,2063 3156,2063 3212,2063"/>
                <TextEquiv>
                    <Unicode>Worte: „Schreiben Sie tief!“ Aber er fand den Ton nicht,</Unicode>
                </TextEquiv>
            </TextLine>
            <TextLine id="r2l14" custom="readingOrder {index:13;}">
                <Coords points="2082,2113 3221,2116 3221,2076 3150,2069 2082,2069"/>
                <Baseline points="2092,2106 2150,2106 2209,2106 2268,2106 2327,2106 2386,2107 2445,2107 2504,2107 2563,2107 2622,2108 2680,2108 2739,2108 2798,2109 2857,2109 2916,2109 2975,2110 3034,2111 3093,2111 3152,2112 3211,2113"/>
                <TextEquiv>
                    <Unicode>welcher die Menschen erhebt, wenn er die Menschen zermalmt.</Unicode>
                </TextEquiv>
            </TextLine>
            <TextLine id="r2l15" custom="readingOrder {index:14;}">
                <Coords points="2092,2153 3128,2174 3218,2160 3219,2128 2093,2109"/>
                <Baseline points="2102,2150 2157,2151 2212,2152 2267,2153 2323,2154 2378,2154 2433,2155 2489,2156 2544,2156 2599,2157 2655,2157 2710,2158 2765,2158 2820,2158 2876,2158 2931,2159 2986,2159 3042,2159 3097,2159 3152,2159 3208,2159"/>
                <TextEquiv>
                    <Unicode>Nicht einmal Sprachkunst bewährte er in diesem Versdrama.</Unicode>
                </TextEquiv>
            </TextLine>
            <TextLine id="r2l16" custom="readingOrder {index:15;}">
                <Coords points="2094,2210 3206,2210 3189,2172 2981,2155 2095,2157"/>
                <Baseline points="2105,2200 2159,2201 2214,2201 2268,2202 2323,2202 2377,2203 2432,2204 2486,2204 2541,2205 2595,2206 2650,2206 2704,2207 2759,2208 2813,2209 2868,2209 2922,2210 2977,2210 3031,2211 3086,2211 3140,2212 3195,2212"/>
                <TextEquiv>
                    <Unicode>Alle Figuren des Stückes reden den gleichen, abgeblaßten, ver¬</Unicode>
                </TextEquiv>
            </TextLine>
            <TextLine id="r2l17" custom="readingOrder {index:16;}">
                <Coords points="2081,2252 3209,2266 3176,2218 2081,2220"/>
                <Baseline points="2092,2249 2147,2250 2202,2251 2258,2251 2313,2252 2368,2253 2424,2253 2479,2254 2534,2255 2590,2255 2645,2256 2700,2256 2756,2257 2811,2258 2866,2258 2922,2259 2977,2259 3032,2260 3088,2260 3143,2261 3199,2261"/>
                <TextEquiv>
                    <Unicode>wischten Versdialect, so daß man in einem Meer monotoner</Unicode>
                </TextEquiv>
            </TextLine>
            <TextLine id="r2l18" custom="readingOrder {index:17;}">
                <Coords points="2090,2320 2543,2303 2673,2324 2713,2303 2820,2327 2888,2305 2888,2263 2090,2268"/>
                <Baseline points="2100,2294 2138,2294 2177,2295 2216,2296 2255,2297 2294,2297 2333,2298 2372,2299 2411,2299 2450,2300 2489,2300 2527,2301 2566,2301 2605,2301 2644,2301 2683,2301 2722,2301 2761,2301 2800,2301 2839,2301 2878,2300"/>
                <TextEquiv>
                    <Unicode>und verstiegener Phrasen unrettbar ertrinkt.</Unicode>
                </TextEquiv>
            </TextLine>
            <TextLine id="r2l19" custom="readingOrder {index:18;}">
                <Coords points="2158,2340 3206,2372 3207,2307 3165,2294 2159,2309"/>
                <Baseline points="2168,2346 2219,2346 2270,2346 2322,2347 2373,2347 2425,2348 2476,2348 2527,2350 2579,2350 2630,2351 2682,2352 2733,2353 2784,2354 2836,2355 2887,2355 2939,2356 2990,2356 3041,2356 3093,2356 3144,2356 3196,2355"/>
                <TextEquiv>
                    <Unicode>In seinem neuesten Einacter=Cyklus „Lebendige Stunden“,</Unicode>
                </TextEquiv>
            </TextLine>
            <TextLine id="r2l20" custom="readingOrder {index:19;}">
                <Coords points="2086,2397 3214,2425 3214,2370 3168,2362 2086,2357"/>
                <Baseline points="2096,2395 2151,2396 2206,2397 2262,2398 2317,2398 2373,2399 2428,2399 2483,2399 2539,2400 2594,2400 2650,2400 2705,2400 2760,2400 2816,2400 2871,2400 2927,2400 2982,2401 3037,2401 3093,2401 3148,2402 3204,2402"/>
                <TextEquiv>
                    <Unicode>welcher in dieser Woche über die Bretter des Deutschen Theaters</Unicode>
                </TextEquiv>
            </TextLine>
            <TextLine id="r2l21" custom="readingOrder {index:20;}">
                <Coords points="2080,2466 3194,2469 3221,2414 2080,2415"/>
                <Baseline points="2090,2447 2146,2446 2202,2445 2258,2445 2314,2445 2370,2445 2426,2446 2482,2446 2538,2447 2594,2448 2650,2449 2706,2450 2762,2451 2818,2452 2874,2453 2930,2453 2986,2453 3042,2453 3098,2452 3154,2451 3210,2450"/>
                <TextEquiv>
                    <Unicode>ging, ist Schnitzler zu seiner ersten Kunstform zurückgekehrt.</Unicode>
                </TextEquiv>
            </TextLine>
            <TextLine id="r2l22" custom="readingOrder {index:21;}">
                <Coords points="2091,2498 3213,2511 3213,2465 3169,2457 2091,2463"/>
                <Baseline points="2102,2491 2157,2490 2212,2490 2267,2490 2322,2490 2377,2491 2432,2492 2487,2493 2542,2494 2597,2496 2652,2497 2707,2498 2762,2500 2817,2501 2872,2502 2927,2503 2982,2504 3037,2504 3092,2504 3147,2504 3202,2503"/>
                <TextEquiv>
                    <Unicode>On revient toujours. — Er scheint den Ehrgeiz zu haben, sich</Unicode>
                </TextEquiv>
            </TextLine>
            <TextLine id="r2l23" custom="readingOrder {index:22;}">
                <Coords points="2089,2557 3053,2569 3213,2562 3214,2518 2090,2510"/>
                <Baseline points="2099,2548 2154,2546 2209,2544 2264,2543 2319,2542 2375,2542 2430,2542 2485,2542 2540,2543 2595,2544 2651,2545 2706,2546 2761,2547 2816,2548 2871,2549 2927,2550 2982,2551 3037,2551 3092,2551 3147,2551 3203,2550"/>
                <TextEquiv>
                    <Unicode>zum Einacter=Specialisten auszubilden. Oder sollte in dieser</Unicode>
                </TextEquiv>
            </TextLine>
            <TextLine id="r2l24" custom="readingOrder {index:23;}">
                <Coords points="2090,2588 3108,2617 3216,2598 3217,2562 2090,2558"/>
                <Baseline points="2101,2592 2156,2591 2211,2590 2266,2590 2321,2590 2377,2590 2432,2591 2487,2591 2542,2592 2597,2593 2653,2594 2708,2595 2763,2595 2818,2597 2873,2598 2929,2599 2984,2600 3039,2600 3094,2601 3149,2601 3205,2602"/>
                <TextEquiv>
                    <Unicode>ewig wiederkehrenden Art, kleine Scenchen zusammenzubasteln,</Unicode>
                </TextEquiv>
            </TextLine>
            <TextLine id="r2l25" custom="readingOrder {index:24;}">
                <Coords points="2084,2644 3223,2643 3208,2602 2084,2602"/>
                <Baseline points="2095,2637 2150,2637 2206,2637 2262,2637 2318,2638 2374,2638 2429,2638 2485,2639 2541,2639 2597,2640 2653,2641 2708,2641 2764,2642 2820,2643 2876,2644 2932,2645 2987,2645 3043,2646 3099,2647 3155,2648 3211,2649"/>
                <TextEquiv>
                    <Unicode>das Geständniß der Unfähigkeit zu Größerem, Weitausgreifendem</Unicode>
                </TextEquiv>
            </TextLine>
            <TextLine id="r2l26" custom="readingOrder {index:25;}">
                <Coords points="2088,2700 2598,2708 2640,2681 3155,2713 3210,2696 3211,2661 2089,2652"/>
                <Baseline points="2099,2685 2154,2685 2209,2685 2264,2685 2319,2686 2374,2686 2429,2687 2484,2688 2539,2688 2594,2689 2649,2690 2704,2691 2759,2692 2814,2693 2869,2694 2924,2694 2979,2695 3034,2695 3089,2695 3144,2695 3199,2694"/>
                <TextEquiv>
                    <Unicode>liegen? „Lebendige Stunden“ heißt legitimer Weise der erste</Unicode>
                </TextEquiv>
            </TextLine>
            <TextLine id="r2l27" custom="readingOrder {index:26;}">
                <Coords points="2078,2739 3192,2734 3192,2708 3045,2693 2173,2705 2079,2678"/>
                <Baseline points="2089,2732 2143,2732 2198,2732 2252,2733 2307,2733 2362,2734 2416,2735 2471,2736 2525,2737 2580,2737 2635,2739 2689,2740 2744,2741 2798,2742 2853,2743 2908,2744 2962,2745 3017,2745 3071,2746 3126,2747 3181,2747"/>
                <TextEquiv>
                    <Unicode>der vier Einacter. Richtiger würde man ihn „Todtgeboren“</Unicode>
                </TextEquiv>
            </TextLine>
            <TextLine id="r2l28" custom="readingOrder {index:27;}">
                <Coords points="2084,2803 3158,2809 3201,2763 2085,2744"/>
                <Baseline points="2096,2783 2150,2783 2205,2783 2259,2784 2314,2785 2369,2785 2423,2786 2478,2787 2533,2788 2587,2789 2642,2790 2697,2791 2751,2791 2806,2792 2861,2793 2915,2794 2970,2794 3025,2795 3079,2795 3134,2795 3189,2795"/>
                <TextEquiv>
                    <Unicode>nennen können. Die Idee ist roh. Um den dichterisch ver¬</Unicode>
                </TextEquiv>
            </TextLine>
            <TextLine id="r2l29" custom="readingOrder {index:28;}">
                <Coords points="2095,2836 3201,2866 3217,2795 2095,2800"/>
                <Baseline points="2105,2830 2160,2830 2215,2831 2270,2832 2325,2832 2380,2833 2435,2834 2490,2835 2545,2836 2600,2837 2656,2838 2711,2839 2766,2840 2821,2841 2876,2841 2931,2842 2986,2843 3041,2843 3096,2843 3151,2843 3207,2843"/>
                <TextEquiv>
                    <Unicode>anlagten Sohn an der Entfaltung seiner Schwingen nicht zu</Unicode>
                </TextEquiv>
            </TextLine>
            <TextLine id="r2l30" custom="readingOrder {index:29;}">
                <Coords points="2093,2889 2752,2913 3001,2887 3219,2920 3220,2865 3138,2847 2094,2836"/>
                <Baseline points="2104,2879 2159,2880 2214,2880 2269,2880 2325,2881 2380,2881 2435,2882 2490,2883 2546,2884 2601,2884 2656,2885 2711,2886 2767,2887 2822,2888 2877,2889 2932,2890 2988,2891 3043,2892 3098,2892 3153,2893 3209,2894"/>
                <TextEquiv>
                    <Unicode>hindern, tödtet sich die opferfreudige, an schwerem Siechthum</Unicode>
                </TextEquiv>
            </TextLine>
            <TextLine id="r2l31" custom="readingOrder {index:30;}">
                <Coords points="2078,2937 3151,2960 3212,2950 3213,2919 2079,2878"/>
                <Baseline points="2088,2927 2143,2927 2199,2926 2255,2926 2311,2927 2366,2928 2422,2929 2478,2930 2534,2931 2589,2932 2645,2934 2701,2936 2757,2937 2812,2938 2868,2940 2924,2940 2980,2941 3035,2941 3091,2941 3147,2941 3203,2940"/>
                <TextEquiv>
                    <Unicode>darniederliegende Mutter durch Gift, weil sie zu merken ver¬</Unicode>
                </TextEquiv>
            </TextLine>
            <TextLine id="r2l32" custom="readingOrder {index:31;}">
                <Coords points="2091,2989 3063,2986 3111,3016 3215,3003 3216,2948 2092,2932"/>
                <Baseline points="2101,2974 2156,2975 2211,2977 2266,2978 2321,2979 2377,2980 2432,2981 2487,2982 2542,2982 2597,2983 2653,2984 2708,2985 2763,2986 2818,2987 2873,2987 2929,2988 2984,2988 3039,2989 3094,2989 3149,2989 3205,2989"/>
                <TextEquiv>
                    <Unicode>meint, daß der Sohn die Last der kranken Mutter schwer</Unicode>
                </TextEquiv>
            </TextLine>
            <TextLine id="r2l33" custom="readingOrder {index:32;}">
                <Coords points="2088,3034 2934,3049 2983,3023 3218,3055 3219,3005 3063,2986 2089,2986"/>
                <Baseline points="2099,3024 2154,3025 2209,3026 2265,3027 2320,3028 2376,3029 2431,3030 2486,3031 2542,3032 2597,3033 2653,3034 2708,3034 2763,3035 2819,3036 2874,3036 2930,3037 2985,3037 3040,3037 3096,3038 3151,3038 3207,3038"/>
                <TextEquiv>
                    <Unicode>empfindet. Das Opfer dünkt dem „genialischen“ Sohn fast</Unicode>
                </TextEquiv>
            </TextLine>
            <TextLine id="r2l34" custom="readingOrder {index:33;}">
                <Coords points="2085,3083 3179,3098 3222,3086 3222,3035 2085,3039"/>
                <Baseline points="2095,3071 2150,3072 2206,3073 2262,3074 2318,3075 2374,3076 2429,3077 2485,3078 2541,3079 2597,3080 2653,3080 2708,3081 2764,3082 2820,3083 2876,3084 2932,3084 2987,3085 3043,3086 3099,3087 3155,3088 3211,3089"/>
                <TextEquiv>
                    <Unicode>selbstverständlich. Die entgegengesetzte Auffassung vertritt ein</Unicode>
                </TextEquiv>
            </TextLine>
            <TextLine id="r2l35" custom="readingOrder {index:34;}">
                <Coords points="2090,3129 3178,3149 3214,3143 3215,3082 2090,3089"/>
                <Baseline points="2101,3122 2156,3122 2211,3122 2266,3123 2321,3123 2376,3124 2431,3124 2486,3125 2541,3125 2596,3126 2652,3127 2707,3127 2762,3128 2817,3129 2872,3130 2927,3131 2982,3132 3037,3134 3092,3135 3147,3137 3203,3138"/>
                <TextEquiv>
                    <Unicode>alter Freund der Mutter. Das soi-disant=Drama besteht in</Unicode>
                </TextEquiv>
            </TextLine>
            <TextLine id="r2l36" custom="readingOrder {index:35;}">
                <Coords points="2075,3179 3110,3183 3198,3214 3214,3143 2075,3128"/>
                <Baseline points="2085,3172 2140,3172 2196,3173 2252,3174 2308,3175 2364,3175 2420,3176 2476,3176 2532,3177 2588,3177 2644,3178 2699,3179 2755,3180 2811,3180 2867,3181 2923,3182 2979,3183 3035,3185 3091,3186 3147,3188 3203,3189"/>
                <TextEquiv>
                    <Unicode>einer Unterredung, welche die verschiedenen Meinungen des</Unicode>
                </TextEquiv>
            </TextLine>
            <TextLine id="r2l37" custom="readingOrder {index:36;}">
                <Coords points="2067,3236 3206,3242 3177,3199 3078,3188 2068,3184"/>
                <Baseline points="2077,3223 2135,3225 2194,3226 2253,3228 2312,3229 2371,3230 2430,3231 2489,3232 2548,3232 2607,3233 2665,3233 2724,3234 2783,3234 2842,3234 2901,3234 2960,3234 3019,3234 3078,3234 3137,3234 3196,3233"/>
                <TextEquiv>
                    <Unicode> Sohnes und des Freundes in einer geradezu trostlos nüchternen</Unicode>
                </TextEquiv>
            </TextLine>
            <TextEquiv>
                <Unicode>box 21/2
Nachdem der Künstler mit dem österreichischen Offiziers¬
dramna „Freiwild“ eine sanfte, aber energische Ablehnung ge¬
funden hatte, kehrte er zum Einacter zurück. Von den drei
Einactern, welche vor drei Jahren zur Wahl standen, hat das
Publikum aber nur einen gekiest: „Den grünen Kakadu“. Indeß
auch dieses bizarre, groteske und zurecht gemachte Vexirbild aus
der Vorzeit der französischen Revolution schlummert heute schon
den Schlaf der Ungerechten in den Theaterarchiven. Ein Drama
im großen Stil: „Der Schleier der Beatrice“, blieb Lesestück.
Die kleinen Mittel und der große Stil stehen in einem un¬
vereinbaren Gegensatz zu einander. Schnitzler dachte an Schmocks
Worte: „Schreiben Sie tief!“ Aber er fand den Ton nicht,
welcher die Menschen erhebt, wenn er die Menschen zermalmt.
Nicht einmal Sprachkunst bewährte er in diesem Versdrama.
Alle Figuren des Stückes reden den gleichen, abgeblaßten, ver¬
wischten Versdialect, so daß man in einem Meer monotoner
und verstiegener Phrasen unrettbar ertrinkt.
In seinem neuesten Einacter=Cyklus „Lebendige Stunden“,
welcher in dieser Woche über die Bretter des Deutschen Theaters
ging, ist Schnitzler zu seiner ersten Kunstform zurückgekehrt.
On revient toujours. — Er scheint den Ehrgeiz zu haben, sich
zum Einacter=Specialisten auszubilden. Oder sollte in dieser
ewig wiederkehrenden Art, kleine Scenchen zusammenzubasteln,
das Geständniß der Unfähigkeit zu Größerem, Weitausgreifendem
liegen? „Lebendige Stunden“ heißt legitimer Weise der erste
der vier Einacter. Richtiger würde man ihn „Todtgeboren“
nennen können. Die Idee ist roh. Um den dichterisch ver¬
anlagten Sohn an der Entfaltung seiner Schwingen nicht zu
hindern, tödtet sich die opferfreudige, an schwerem Siechthum
darniederliegende Mutter durch Gift, weil sie zu merken ver¬
meint, daß der Sohn die Last der kranken Mutter schwer
empfindet. Das Opfer dünkt dem „genialischen“ Sohn fast
selbstverständlich. Die entgegengesetzte Auffassung vertritt ein
alter Freund der Mutter. Das soi-disant=Drama besteht in
einer Unterredung, welche die verschiedenen Meinungen des
 Sohnes und des Freundes in einer geradezu trostlos nüchternen</Unicode>
            </TextEquiv>
        </TextRegion>
    </Page>
</PcGts>
