3484 4224
269 217 2428 312 16.1. Lebendige Stunden zuklus box 21/5
1186 1151 1570 1262 Telephon 12.801.
2636 1203 3039 1303 Telephon 12.801.
1280 1256 1353 1362 44
538 1324 678 1409 eene
691 1314 1322 1421 „ODSLINVER
2915 1346 2980 1424 —
2136 1286 2806 1439 „OBSERVER“
463 1384 1568 1466 I. österr. behördl. konz. Unternehmen für Zeitungs-Ausschnitte
1919 1444 3029 1511 lösterr. behördl. konz. Unternehmen für Zeitungs-Aussohnitte
598 1470 1449 1559 Wien, I., Concordiaplatz 4.
2062 1487 2903 1592 Wien, I., Concordiaplatz 4.
809 1529 1247 1609 Vertretungen
2253 1561 2699 1637 Verfrefungen
468 1562 1554 1654 in Berlin, Budapest, Chicago, Christiania, Genf, Kopen¬
1931 1616 3024 1692 in Berlin, Budapest, Chicago, Christiania, Genf, Kopen¬
483 1630 1561 1709 hagen, London, Madrid, Mailand, Minneapolis, New-Vork,
1934 1662 3017 1719 hagen, London, Madrid, Mailand, Minneapolis, New-Vork,
523 1680 1524 1749 Paris, Rom, San Francisco, Stockholm, St. Petersburg.
1965 1703 2981 1774 Paris, Rom, San Francisco, Stockholm, St. Petersburg.
807 1718 1250 1779 (Euelienangabe eume Gewü###.
2256 1748 2678 1809 (Quellenangabe ohne Gewähr).
477 1758 873 1854 Ausschnitt aus:
2424 1782 2742 1879 5-APR 1910
1926 1772 2291 1877 Ausschnitt aus:
860 1774 1589 1893 Neuss Wiener Jouraal
1929 1874 2071 1956 vom:
467 1860 1146 1974 vom: APE 1910
2327 1885 2874 2005 #g#denblatt, W.
1916 1930 2274 1986 rane
1912 1984 3217 2071 (Freie Volksbühne.) Auf der Neuen Wiener Bühne
498 1992 1678 2075 (Freie Volksbühne.) Mit den Mitgliedern der Neuen
1797 2019 3211 2101 wurden am Sonntag nachmittags für die Mitglieder des Vereines
398 2043 1672 2138 Wiener Bühne bot der Verein seinem Publikum drei Schnitzlersche
1811 2086 3212 2151 Freie Volksbühne drei Einakter von Artur Schnitzler gespielt:
394 2086 1670 2185 Einakter. Ein auch sonst vielgespieltes Stück aus dem Anatol¬
1804 2143 3218 2195 „Die Frage an das Schicksal“ (aus dem Anatol=Zyklus), „Die letzten
403 2149 1676 2247 Zyklus „Die Frage andas Schicksal“ und zwei
1799 2192 3205 2253 Masken" und „Literatur". Drei charakteristische Episoden in
406 2192 1678 2275 aus einer späteren Periode des Dichters: „Die letzten
1802 2239 3216 2307 Schnitzlers Schaffen. Drei Einfälle, die nicht sonderlich tief, aber auch
410 2234 1680 2331 [Masken“ und „Literatur" Spielerisches und über¬
1791 2288 3208 2358 nicht seicht sind; und immer die sauberste dramatische Mache. Die
405 2286 1682 2364 legen Ironisches war in all den Sachen mit einem herbernsten
1804 2337 3210 2396 Zusammenstellung schien ganz willkürlich, aber man merkte alsbald
391 2336 1686 2421 Lebensausschnitt vereint. Etwas verstaubt schon mutete die
1804 2383 3204 2444 hinter ihr einen Zusammenhang. Die drei Hauptrollen spielt nämlich
401 2378 1677 2474 die Anmut des Anatol=Dialo##, an und er wurde auch ohne
1795 2433 3201 2486 ein und derselbe Schauspieler, Herr Charlé. Er ist vielseitig ver¬
410 2426 1681 2508 recht lebendig gewordenen Geist gespielt. In dem Schauspiel
1798 2482 3206 2530 wendbar, aber man muß ihn warnen, aus dieser Tugend eine Not
418 2482 1678 2569 fallender Masken und letzter Verschwiegenheit war die Hospital¬
1792 2531 3192 2586 des Theaters zu machen, in dem er sich als Mitdirektor die Rollen
417 2537 1683 2619 stimmung gar nicht getroffen. Das Krankenzimmer glich mehr dem
1797 2569 3206 2644 zuweist. Der junge Anatol, der im Elend verkommende Journalist
413 2570 1688 2665 eines Sanatoriums. Herr Charlé, der bisher in nonchalant
1791 2623 3210 2712 Rademacher und der aristokratische Herrenreiter Clemens: wenn diese
416 2634 1697 2716 ironisierenden, aristokratischen Viveurrollen glücklich war, versuchte
1798 2676 3191 2742 drei Rollen etwas Gemeinsames haben sollen, könnte man es höchstens
412 2666 1697 2756 sich diesmal als Rademacher. Er spielte mit Takt, aber es fehlte
1786 2715 3198 2787 darin finden, daß sie alle gegen die breite Behäbigkeit des Herrn
411 2724 1692 2806 an dem intelligenten Sarkasmus des gestrandeten geistigen Pro¬
1794 2773 3187 2834 Charké heftig protestieren; sie sind, um die Sprache des Herrenreiters
417 2762 1688 2849 letariers. In einer überaus fein hergestellten Maske erschien Herr
1798 2820 3193 2881 zu sprechen, sämtlich Leichtgewichtsrollen. Herr Charlé aber ist ein
410 2821 1692 2892 Heyse als Weihgast. Aus Selbstgefälligkeit und Selbstpersiflage
1795 2862 3196 2922 ganz vortrefflicher Schwergewichtsschauspieler. Das Schwergewicht
411 2873 1689 2954 war die Charakteristik wirksam gemischt. Am besten gelang
1796 2920 3186 2987 besitzt auch Frau v. Linden. Die schauspielerischen Erfolge waren:
420 2931 1701 3022 „Literatur", dieses kleine Lustspiel mit seiner feinen ironischen
422 2965 1705 3055 Verspottung des Metiers. Herr Charlé war hier in seinem
1776 3006 3187 3084 Herr Heyse als Schriftsteller Weihgast im zweiten und Herr
431 3026 1691 3097 rechten Element als Darsteller des nicht unliebenswürdig be¬
1796 3056 3178 3146 Ziegler als Schriftsteller Gilbert im dritten Akte. Allerliebst
434 3060 1700 3152 schränkten Barons Clemens. Ganz köstlich, mit schwierigem, echt
1803 3126 3183 3188 auch diesmal wieder Fräulein Michalek und durchaus lobenswert
425 3122 1707 3204 deutschem Bohémientum spielte Herr Ziegler den Schriftsteller
3027 3160 3147 3232 fr.
436 3163 1698 3239 Gilbert, Konstanze v. Linden jedoch traf kaum den Top der
1793 3170 2700 3240 die Regie. Herr Charlé war auch Regisseur.
427 3205 1706 3277 innerlich verlogenen, mit Gefühlen spielenden Margarete.“ Das
428 3254 1713 3343 Publikum folgte den Aufführungen nicht immer mit genügendem
1479 3308 1667 3373 h. m.
429 3332 726 3417 Verständnis.
