3484 4320
2012 228 2472 324 box 21/5
302 227 2018 341 16.1. Lebendige Stunden zyklus
2247 470 2726 579 Telephon 12801.
1864 566 3103 685 Alex. Weigl’s Unternehmen für Zeitungs-Ausschnitte
2782 633 3051 730 # Ausschnitt
2880 683 3152 795 Nr. 82
2133 655 2802 802 „OBSERYER
1762 778 3208 864 I. österr. behördl. conc. Bureau für Zeitungsberichte u. Personalnachrichten
934 789 1389 870 Telephon 12801.
2047 836 2961 928 Wien, I., Concondiaplarz 4.
553 874 1748 966 Alex. Welgl’s Unternehmen für Zeitungs-Ausschnitt
1792 902 3221 976 Vertretungen in Berlin, Budapest, Chicago, Genf, London, Newyork, Paris, Rom.
2146 970 2860 1021 Stockholm, Kristiania, St. Petersburg.
802 944 1727 1083 „OBSERWEP“
1564 1001 1723 1097 Nr.
447 1078 1750 1163 1. österr. behördl. conc. Bureau für Zeitungsberichte u. Personalnaol
1753 1072 3050 1184 Ausschnitt aus: ITester Zeitung
710 1154 1631 1227 Wien, I., Concondiaplatz 4.
343 1172 1749 1289 ###V#retungen in Berlin, Budapest, Chicago, Genf, London, Newyork, Par
819 1258 1542 1327 Stockholm, Kristiania, St. Petersburg.
1753 1209 2461 1340 vom: 700
445 1380 953 1462 Ausschnitt aus:
956 1388 1686 1499 Saazer Zeitun
2638 1386 3230 1511 RRSATE
442 1509 780 1603 vom:
773 1507 1113 1643 M 140
2222 1662 2726 1767 Lebendige Stunden.
1986 1726 2950 1812 (Die Frau mit dem Dolche. Die letzten Masken.
587 1768 1602 1867 rädttheater. Die Direktion Galotzy zeigt
2342 1801 2605 1867 Literatur.)
533 1815 1594 1904 zine Rührigkeit die geradezu verblüffend ist und
1982 1848 2963 1919 Zweiter Gastspielabend eines Hofburgtheater=Ensembles
524 1869 1592 1960 (die wirklich ein größeres Entgegenkommen verdiente.
2284 1897 2659 1960 im Goldoni=Theater.
536 1933 1580 1999 Jeden Tag stehen neue interessante Stücke auf dem
2088 1934 2958 2022 Arthur Schnitzler, der Autor der gestern
540 1975 1599 2059 Repertoire, jedoch reicht die Spannkraft unseres
1985 1987 2965 2064 abends aufgeführten drei Stücke, hat diese nebst
529 2022 1587 2105 leider nicht übermäßig zahlreichen Publikums nicht
1919 2039 3216 2111 50 einem vierten unterbliebenen Einakter unter dem inclusive
1791 2046 1910 2116 Für
3022 2093 3179 2139 Porto.
535 2076 1584 2156 hin, jeden Tag das Theater so zu füllen, wie es
1915 2086 3013 2163 100 Namen Lebendige Stunden“ zusammen=—
3010 2107 3191 2179 Zahlbar
515 2112 1590 2209 im Interesse der Sache erwünscht wäre. Das zeigte
1903 2134 3001 2200 200 gefaßt. Ob man nun mehr oder weniger mit.—
1833 2185 1877 2244 n
1908 2167 3234 2253 500 dem einverstanden sein mag, was uns gestern). — im Voraus.
530 2179 1591 2256 #ch Dienstag als die als literarischer Abend ange¬
1833 2236 1890 2292 „
1888 2223 3237 2299 1000 von ausgezeichneten Künstlern vorgespielt wurde, schnitte ist das
533 2217 1590 2298 kündigten „Lebendige Stunden“ von Arthur
1919 2262 1996 2309 In
2006 2262 3248 2335 man wird dem Dichter das Zeugnis nicht absuch steht es den
534 2266 1590 2350 Schnitzler mit einem sehr mäßigen Erfolge vor
1804 2288 2009 2366 Abonnem
451 2317 534 2399 Fur
1823 2314 3138 2408 oonnent sprechen können, die Menschen zu kennen. Arthur“
543 2313 1630 2399 einem nicht sehr zahlreichen Publikum in Szenel5.—
1531 2337 1767 2423 228.— inel
485 2390 525 2431 „
1999 2379 3252 2454 Schnitzler liebt es, seine Menschenkenntnis mitz enthalt 1 die
516 2347 1777 2459 gingen. Diese drei kleinen Schnitzler'schen Stücken, P
1932 2422 3236 2477 De bitterer Ironie zu würzen, so doß die Stückejer Morgen¬
526 2427 1771 2501 sind als psychologisch hochinteressaate Erzählungens0. Za
1822 2463 3229 2525 Inhaltsal einem Spiegel gleichen, der eine geradezu unlieb=Wiener Zeitung“)
520 2460 1751 2552 sehr spannend zu lesen, doch durch die Darstellungdo. im
1828 2514 3241 2554 blätte same Klarheit zeigt. Das Fazit ist, daß man die wirthschaftliche
519 2515 1751 2594 gewannen sie blutwenig und gingen wegen Mangelsschnitto i
1822 2543 2007 2595 wodurch
1827 2577 3246 2635 Leben de „Lebendigen Stunden“ fast wie ein höhnendeswird. Diese Mit¬
437 2579 1750 2632 Ab einer lebendigen Handlung ohne Eindruck an demsuch steht
1824 2619 2946 2672 theilunge Wort empfindet, das uns der Dichter zuruft:
441 2601 1754 2698 At Publikum vorüber. — Mittwoch ging zum Benefi,
1995 2663 2959 2725 Seht doch, wie schwach ihr Menschen seid!:
511 2649 1774 2755 des jugendlichen Komikers Eduard Kränzl beizg enthnlter
1991 2697 2949 2784 Schwach seid ihr alle, in eueren Leidenschaften,
510 2711 1778 2799 besser besuchtem Hause die schon bekannte Operette ner Mor
1982 2764 2948 2826 eueren Fehlern, eueren Träumen, eueren Begier¬
512 2750 1781 2840 „Dasverwunschene Schloß“ von Millöcker, Wiener Zei
1993 2803 2976 2868 den und Wünschen. Wenn ihr euch rühmt, so.
1534 2818 1882 2890 d wirthschalcnene.
519 2804 1888 2916 in Szene. Der Benefiziant, der den Gaisbuben rd Diese Mit¬
1986 2838 2959 2916 wollt ihr euch über euch selhst täuschen oder ihr
512 2851 1564 2944 Andredl mit viel Humor gab, wurde sehr beifällig
446 2859 506 2945 5
1992 2892 2955 2957 glaubt, die anderen täuschen zu können. Wenn
511 2896 1551 2994 begrüßt und mit Herrn Stingl (als Sepp) bei ihrer
1995 2944 2946 3013 ihr sündigt, so findet ihr tausend Gründe euch zu
492 2941 1554 3038 kühnen Entdeckungsceise die Geheimnisse der nächt¬
1998 2993 2937 3064 entschuldigen, und so spielt ihr Komödie bis zur
497 2991 1559 3108 lich erleuchteten Geiersburg zu erforschen, mehrfach
1993 3039 2940 3108 letzten Stunde. Erst wenn diese letzte Stunde ge¬
1988 3074 2952 3152 kommen ist, dann habt ihr vielleicht den Mut,
465 3089 1556 3175 ausgezeichnet. Köstlich war wieder Frau Kurz
1984 3134 2949 3207 diese euere Maske abzuwerfen, wenn es sich dann
466 3163 1544 3220 fals Regerl, diesdie plumpe Bouernmagd zu einer
1983 3175 2447 3244 noch der Mühe lohnt.
472 3207 1570 3277 überaus gelungenen Figur gestaltete. Die wirklich.
2075 3211 2943 3299 Dieser bittere Zug drückte den gestrigen
497 3258 1542 3327 vielseitige Künstlerin bringt als eine ganz eminente
1984 3258 2941 3342 Stücken einen Stempel auf, der unleugbar eine
491 3308 1547 3382 Kraft jede Rolle voll zur Geltung. Auch die
1969 3317 2939 3388 gewisse Unbehaglichkeit erzeugte. Mit feinem
489 3354 1537 3433 übrigen Mitwirkenden halfen durch Humor über
1982 3377 2935 3441 Spotte zeichnet er seine Gestalten und hat schließ¬
492 3399 1536 3465 die musikalische Einöde weg, die aus dieser Millöcker¬
1967 3406 2948 3476 lich doch das Geschick, uns herzlich lachen zu machen
496 3462 1540 3526 schen Operette weht. Eine besondere Zugkraft und
1973 3459 2613 3526 über all die menschliche Torheit.
503 3508 1537 3571 das Ganze sehr auffrischende Nummer bildete eine
2066 3513 2952 3577 Und das ist das Beste dabei. Man konnten
495 3549 1546 3617 hübsche Tanz=Einlage, welche im 3. Bilde von Fräul.
1973 3524 2955 3638 wirklich vom Herzen lachen, das heißt in der
1973 3591 2300 3671 Schlußnummer.
484 3598 1543 3664 [Cora, eines ehemaligen Mitgliedes des Wiener
2065 3630 2934 3718 „Literatur“ ist ein sarkastisches Bild, das
486 3646 1539 3721 Hoftheater=Balletts, sehr hübsch getanzt wurde.
1972 3676 2934 3764 wie eine Farce auf die menschliche Eitelkeit wirkt.
487 3699 1536 3766 Fräul. Cora, die sich als eine recht anmutige Ei¬
1976 3739 2940 3809 Diese Margarete, das Weib, das einen Roman
497 3735 1546 3813 scheinung präsentirte, die mit Gewandtheit und
1975 3785 2927 3855 lebt und ihren Lebensroman niederschreibt, das
493 3803 1544 3859 Grazie zu tanzen versteht, wurde mit lebhaftem
1970 3830 2932 3888 dem einen davonläuft, dem anderen sich an die
475 3851 1536 3929 Beifall und einer prächtigen Blumenspende belohnt.
1974 3886 2932 3953 Brust wirft und dem dritten, der ihr eine glän¬
1962 3922 2935 4000 zende Versorgung verspricht, mit der ganzen
1974 3977 2932 4048 Schauspielkunst weiblicher Schlauheit zum Narren
1968 4019 2934 4084 hält, soll wohl ein Typus sein. Hat sie nicht
1965 4073 2927 4139 jeder einmal — oder auch mehrmals kennen ge¬
1968 4119 2994 4197 lernt? Und doch könnt ihr euch ihrer Macht nicht
