3436 4224
1265 147 1336 219 I
297 180 1961 248 16.1. Lebendige stumden Zuklus
845 682 1325 841 dax Coldse
1323 739 1569 924 %0
837 794 1350 884 + Bureau für +
721 820 831 918 „
782 869 1482 961 Zeitungsausschnitte und Verlag
779 935 1463 1007 der Wissenschaftlichen Revue.
697 995 1587 1081 BERLIN N., Auguststr. 87 part.
856 1051 1430 1119 Telephon Amt III, No. 3051.
983 1154 1323 1241 Ausschnitt
612 1160 968 1238 Teiegramm Aürense:
606 1221 976 1293 1 COLDSCHMIDT. Auguststr. 87.
1097 1220 1189 1280 aus
907 1368 1352 1476 Berlinel Zeitung
602 1353 768 1520 90
923 1531 1229 1654 —5. 1. 02
858 1722 1283 1810 Deutsches Theater.
680 1778 1520 1853 * Das war gestern der glänzendste, glücklichste
621 1818 1535 1901 und interessanteste Abend, den die Theatersaison
622 1881 1527 1939 uns bisher gebracht hat. Wir danken ihm,
630 1923 1523 1978 Arthur Schnitzler, dem Dichter der
619 1950 1532 2022 „Lebendigen Stunden“: vier Einakter
627 1997 1522 2069 find's, ganz ungleicher Art und Stimmung. Der
618 2054 1513 2124 erste wie ein elegisches Andante das Spiel be¬
624 2098 1530 2179 ginnend, der letzte ein übermütiges, graziöses,
614 2143 1084 2216 geistsprühendes Scherzo.
677 2164 1533 2252 Lebendige Stunden? „Sie leben doch nicht
627 2218 1520 2284 länger, als der letzte, der sich ihrer erinnert. Es
623 2284 1532 2333 ist nicht der schlechteste Beruf, solchen Stunden
627 2330 1510 2381 Dauer zu verkeihen, über ihre Zeit hinaus. ...“
616 2363 1519 2426 Das ist ein Wort des Dichters aus dem ein¬
617 2404 1523 2475 leitenden Einakter der der Gruppe der vier
619 2445 1532 2516 Stücke den Gesamttitel gegeben hat. Voll
617 2498 1522 2559 psychischer Tiefen und Probleme ist das Spiel
615 2551 1513 2602 der „Frau mit dem Dolche“ — waren wir
614 2590 1518 2660 nicht schon früher einmal? Was wissen wir von
622 2633 1525 2683 uns? Wir erinnern uns vielleicht nur nicht.
618 2681 1527 2730 Das ist das eine Motiv, und das andere
607 2721 1518 2777 weniger offenliegende behandelt das Thema
608 2768 1522 2833 der bis zum Verbotehen opferwilligen Hingabe
608 2811 1526 2860 der Frau, die den Gatten zum großen
615 2852 1522 2917 Dichter, zum großen Künstler machen will. „Die
604 2895 1532 2955 letzten Masken“ geben eine feine und tiefe
615 2939 1512 3001 Variation des von Schnitzler oft schon behandelten
621 2978 1510 3046 Themas vom Sterben. Es ist wie eine Toves¬
611 3023 1521 3087 weihe, wenn der Dichter den Alten, der dem Tode
607 3061 1521 3135 verfallen ist, sprechen läßt: wie armselig sind doch
612 3109 1515 3185 die Leute, die auch morgen noch leben müssen,
612 3166 1520 3239 und was hat unsereiner mit solchen Leuten zu
597 3208 812 3274 schaffen.
663 3224 1527 3311 „Litteratur“ nennt Schnitzler sein Schluß¬
598 3289 1516 3347 stück, das eine der geistvollsten, kapriziösesten und
636 3339 1525 3386 liebenswürdigsten Schöpfungen des Dichters ist,
707 3378 1517 3436 i eine Satire pell kreffender Schärfe gegen
749 3424 1508 3487 chterlinge, dis sich selisch vor der Welt ent¬
718 3470 1525 3530 n, sei's auch nur in erfundenen, „stilisierten“.
653 3519 1515 3570 üsten und Schmerzen. Der lebhafte, freudige Bei¬
601 3563 1509 3631 fall, den die ersten Gaben des Abends gefunden,
636 3606 1513 3652 stieg bei diesem Scherzspiel bis zum Jubel.
686 3637 1518 3702 tbur Schnitzler mußte nach jeder Dichtung
708 3696 1521 3757 etholt sich zeigen. Ueber Wert und Bedeut¬
708 3737 1513 3781 keit der „Lebendigen Stunden“, die ganz
713 3779 1511 3836 igliche Darstellung fanden, ist es eine Freude¬
693 3819 1268 3898 heingebend sprechen zu können.
1229 3812 1537 3944 S
2138 141 2551 236 box 21/2
2232 1018 2819 1177 der Golds%
2273 1135 2708 1239 4 Bureau für 4
2807 1114 2954 1245 7
2130 1170 2197 1263 O
2160 1206 2859 1298 Zeitungsausschnitte und Verlag
2159 1257 2860 1353 der Wissenschaftlichen Revue.
2078 1315 2987 1416 BERLIN N., Auguststr. 87 part.
2244 1375 2813 1471 Telephon Amt III, No. 3051.
2371 1486 2710 1575 Ausschnitt
2002 1499 2354 1584 Tigranm Aärese:
2481 1548 2599 1624 aus
2014 1556 2368 1618 GOLOSCHMIDT. Auguststr. 87.
2333 1675 2790 1792 Der Tag, Berlin
2039 1675 2109 1821 9
2121 2048 2998 2130 Teutsches Theater. Bis gegen Neun war
2061 2124 3003 2187 am Sonnabend die Stimmung im Deutschen
2069 2175 2991 2229 Theater so trüb und nebelgrau wie möglich. Die
2071 2219 2986 2281 ständigen Flaumacher — kameradschaftlich auch
2059 2259 2987 2332 Miesmacher genannt — wandelten in der
2063 2311 2989 2382 Pause leuchtenden Blicks „von Gruppe zu
2058 2366 2999 2426 Gruppe. Und triumphirend sahen und sagten sie
2059 2392 2986 2475 eine herrliche Niederlage voraus. Arthur Schnitzler
2057 2458 2989 2536 hatte sich als ein arger Zungenheld erwiesen. Vier
2060 2507 2986 2562 Einakter hatte er alle miteinander keck und ver¬
2062 2562 2992 2627 gnügt „Lebendige Stunden“ getauft. Schon um
2058 2611 2984 2674 neun Uhr aber lagen zwei auf der Strecke; lebens¬
2048 2648 2982 2716 unfähig, schwindsüchtig von Geburt an, waren sie vor
2048 2705 2997 2763 dem ersten rauhen Lüfterl zusammengeknickt. Desto
2064 2747 3104 2808 siegreicher kämpfte das dritte und vierte Aufgebot. #
2061 2806 2989 2871 Um wieder einmal seine ebenso schlagfertige wie
2069 2846 2975 2911 vielbeliebte Ironie zu erweisen, sorgte das Schick¬
2065 2900 2979 2966 sal dafür, daß die „Lebendigen Stunden“ ihren
2058 2938 2974 3014 Triumph mit einer Sterbegeschichte feierten.
2065 2989 2969 3068 Eine Sterbegeschichte sehr fein in der Stimmung,
2057 3048 2969 3104 in der Psychologie wie in der ethischen Tendenz.
2049 3095 2979 3151 Und als dieser rührenden Scene eine niedliche
2054 3138 2987 3215 Satire folgte, mit Litteraturbosheiten bis zum
2047 3196 2974 3258 Rande gefüllt, da war alles Publikum ein Herz
2055 3248 2975 3315 und eine Seele vor Entzückung. Besonders die
2051 3286 2975 3355 Litteratur im Zuschauerraum jubelte. Wie immer,
2058 3334 2974 3391 wenn man ihre Jämmerlichkeit auf offner Bühne
2052 3381 2974 3445 zur Schau stellt. Ueber den Dichter Schnitzler
2045 3438 2971 3514 aber und sein Einakter=Quartett Weiteres dem¬
2041 3468 2208 3556 nächst.
2560 3483 3023 3587 Heinrich Hart.
