3436 4320
2016 236 2497 336 box 21/3
224 248 1872 371 16.1. Lebendige Stunden- zykIus
1703 1412 2154 1504 M
718 1423 797 1517 —
220 1457 3304 1557 Energie nur Hochmuth und Lieblosigkeit. „Was ist Potenz über die allgemein=menschlichen Energien. Der stimmbaren, unerklärlichen Ahnung ein derber Theater¬
2251 1527 2384 1600 spuk.
220 1521 2272 1599 denn Deine ganze Schreiberei“ — ruft er — „und Glaube an eine Macht, die über uns steht und sich im
2308 1544 3300 1642 Wenn Schnitzler an der Grenze menschlichen Be¬
210 1575 2265 1649 wenn Du das größte Genie bist, was ist sie denn Künstler offenbart, so dass der Mensch nur ihr Werk¬
2264 1615 3301 1688 wusstseins halt gemacht und das dunkle Gefühl im
213 1622 2265 1709 gegen so eine Stunde, so eine lebendige Stunde, in zeug ist und keinen Willen über sie erlangt, der Glaube
2250 1656 3299 1736 [Traume hätte weiterweben, — wenn er Frau
217 1678 2261 1747 der Deine Mutter hier auf dem Lehnstuhle gesessen ist an den absoluten Genius, der sich im „naiven Schaffen“
2256 1711 3305 1788 Pauline im Traume zur italienischen Paola der
224 1710 2276 1804 und zu uns geredet hat oder auch geschwiegen — eines Menschen äußert, — führt bei Schnitzler zu den
2267 1777 3293 1840 Renaissance hätte werden lassen, so wäre die ohjective
1239 1761 2273 1847 occultistischen und spiritistischen Lehren
225 1786 1262 1862 aber da ist sie gewesen — dal und sie hat gelebt!
215 1854 3296 1893 gelebt!“ Der Sohn antwortet: „Lebendige Stunden? von der Selbständigkeit des den Leib individuell in Möglichkeit vorhanden gewesen, aus der wissenschaft¬
218 1896 3307 1965 Sie leben doch nicht länger als der letzte, der sich ihrer allen erdenklichen Phasen überlebenden Geistes. Es lichen Atmosphäre in die der holden Poesie zu flüchten.
222 1934 3307 2010 erinnert. Es ist nicht der schlechteste Beruf, solchen wird bekanntlich der roheste Schwindel mit diesen Aber die moderne Frau Pauline, die vor dem Bilde
2263 1959 3308 2027 des unbekannten Malers aus dem 16. Jahrhunderte
221 1964 2283 2045 Stunden Dauer zu verleihen — über ihre Zeit hinaus.“ Ideen getrieben, aber auch ehrliche Schwärmer verirren
2267 1998 3315 2078 („Die Frau mit dem Dolche“) ihr Ebenbild erkennt,
216 2019 2276 2087 Der Gedanke ist also klar; aber es liegt an der allzu sich in theosophischen Brutanstalten zum abgeschmack¬
227 2098 3308 2155 trockenen Interpretation, dass er uns zu schwach scheint testen Gespensterglauben. Vegetarische Theosophen lassen dort, vor diesem Bilde, von dem leidenschaftlichen Be¬
2266 2104 3300 2167 stürmer ihres Blutes um die Gunst einer Nacht ge¬
1244 2118 2273 2172 die Schemen von Fleischfressern zur Buße in den
224 2128 1258 2205 gegenüber der Macht des natürlichen Gefühles;
2264 2153 3309 2222 beten wird, fühlt, weiß mit einemmale, dass sie vor
1252 2148 2278 2239 Schlachthöusern spuken! „Die Frau mit dem Dolche“
224 2167 1266 2254 zu wenig psychologische Stützen vermochte der
2266 2197 3300 2274 beinahe 400 Jahren genau in derselben Situation ge¬
1259 2206 2270 2285 nähert sich der Seelenwanderungs=, richtiger: Auf¬
230 2221 1268 2291 Dichter dem Gedanken zu geben; er machte uns nicht
2265 2242 3301 2318 wesen ist wie heute. Jetzt ist sie die Gemahlin eines
1255 2264 2277 2328 erstehungslehre der occultistischen Theosophen bedenklich.
228 2277 1278 2345 genügend mit dem Menschen, der seine Gedanken in
2265 2302 3302 2364 erfolggekrönten Dichters, der im Dienste einer Energie,
1246 2313 2276 2366 Es gibt ein dunkles Gefühl, das jeder auf sein Inneres
225 2335 774 2409 die That umsetzt, vertraut.
2276 2346 3305 2411 die stärker ist als Liebe und Tod, Liebe und Leben
1254 2358 2272 2424 horchende Mensch kennt: Jetzt sagst du etwas, von
299 2357 1264 2452 Die Aufführung dieses undramatischen Curiosums
1262 2400 3302 2472 dem du weißt, dass du es noch nie gesagt haben seines Weibes ausschöpft, um aus dem Ge¬
224 2418 1270 2495 ließ das vermissen, was es allein bühnengerecht machen
2278 2440 3308 2516 heimsten seine öffentlichen Werke zu machen;
1251 2457 2284 2522 kannst, und doch empfindest du, du habest es
236 2467 1273 2533 kann: Stimmung; die scenische Stimmung vor
1261 2513 3312 2572 genau so irgend einmal schon gesagt; jetzt bist du jetzt droht sie dem anderen Manne anheimzufallen,
237 2509 1260 2590 allem fehlte, die herbstliche Dämmerung und allmähliche
1264 2540 3312 2617 in einer Lage, von der du genau weißt, dass du den sie nicht liebt, der aber ihre Sinne in
227 2563 1276 2628 Dunkelheit im Garten, in den das huschende Licht der
2955 2587 3310 2657 im 16. Jahr¬
230 2592 2900 2689 Laternen fällt. Herr de Grach hätte wohl auch den sie noch nie erlebt haben kannst, und doch ist sie dir Aufruhr bringt. Und danzals
238 2627 3318 2735 Sohn bedeutender und inniger, Herr Haid den alten im Feinsten als ein Schon=Erlebtes vertraut. Friedrich hundert — war sie, die Itarienerin, die Gattin jenes
232 2683 3306 2785 Beamten mehr herzlich erbittert, als boshaft sprechen v. Hausegger hat dieses geheimnisvolle Erwachen Meisters, der die „Frau mit dem Dolche“ malte;
243 2722 3305 2830 lassen sollen. Gedanklich wurde von den beiden Schau= eines fremden und doch eigenen Lebens in uns auf damals gab sie sich einem ungeliebten, schönen Jüng¬
1268 2780 3309 2859 die Vererbung zurückgeführt (Hausegger, Das Jen=linge im Jauchzen seelenloser Lust hin. Nur ihr Leib,
239 2805 1273 2891 spielern nichts vergriffen. Das Publicum, das sich
1266 2834 3318 2907 seits des Künstlers“) und insbesondere die Räthsel des nicht ihr Gemüth frevelte. Als die Nacht vorüber war,
246 2850 1280 2918 von den folgenden Stücken gefesselt zeigte, war von
1261 2895 3308 2951 Traumes für die Hypothese herangezogen, dass Stim= da verwarf sie den Jüngling, gestand dem Gatten,
239 2905 1277 2976 der Einleitung befremdet; aber ein leiser Beifall und
1273 2928 3324 3003 mungen der Ahnen im Enkel zu thauen beginnen. tödtete den Jüngling. Und der Meister nahm in der
242 2950 1272 3031 die gespannte Aufmerksamkeit während des Stückes ver¬
1258 2979 3310 3044 Schnitzler zog das Geheimnis — nicht ans Tages=, Stunde, die ihm die Ehre raubte, das höchste Leben
239 3002 674 3083 riethen Angeregtheit.
308 3029 3304 3123 Im zweiten Einacter, „Die Frau mit dem abers ans Rampenlicht; damit will gesagt sein, dass seiner Kunst wahr, er zwang den Menschen in sich
246 3088 3323 3173 Dolche“ haben wir ihn wieder, den Triumph des er der Hypothese nach Art der Geisterbeschwörer Fleisch zur Ruhe und verewigte das sündige Weib mit dem
247 3137 3316 3231 Künftlers über den Menschen, den Sieg einer höheren und Bein gab; im Rampenlicht wurde aus der unbe= bletigen Dolche im Bilde. Im Bewusstsein der in
