3392 4192
1961 192 2421 291 box 21/5
257 198 1969 301 16.1. Lebendige Stunden—Zyklus
2783 462 3171 554 26. Juni 1902.
1127 485 1558 557 — —merbing.
1965 487 2393 552 Leutsche Zeitung.
2838 548 3335 635 Man sch ein, das es
420 551 1586 640 mit dessen Hilfe es die Herzen und die Phantasie des
1596 542 2761 641 Gesetzes heimatsberechtigten Personen, weichen die demn¬
2751 614 3356 678 den obwaltenden Umständen
417 623 1583 687 deutschen Volkes vollständig unterjochen kann. Von einer
1596 616 2764 682 liche Armenpflege zutheil wurde, beläuft sich auf 39.077.
2758 660 3360 721 Ansprüche der liberalen Slo##
407 660 1584 729 Pflege der Ideale, der Heimatskunst, wird aber nie
1596 666 2747 719 In dieser Zahl sind einbegriffen 6102 Kinder, 13.823
2760 715 3344 773 waren ins Maßlose gestiegen
418 723 1147 788 wieder im Theater die Rede sein.
1586 711 2754 780 Männer und 19.152 Frauen. In der offenen Armen¬
2752 762 3356 823 treten nicht einmal ein Fünf
514 762 1587 828 Möge die christliche Presse auf der Wache sein,
1593 756 2758 819 pflege standen im ganzen 34.820 Personen. In ge¬
2750 807 3346 879 und dennoch verlangten sie
421 796 1590 880 möge sie sich daran gewöhnen, auch bei allen Vorgängen
1589 806 2755 875 schlossener Armenpflege befanden sich 4257 Personen,
2748 849 3344 921 in den Ausschüssen. Dass
422 854 1590 915 im Kunstleben zu fragen: Wo ist der Jude? Das Schlag¬
1582 864 2750 919 u. zw. in Armenhäusern 3086, in Siechenanstalten 869,
2752 896 3354 975 Forderung nicht eingehen wi
421 907 1583 968 wort, dass die Kunst nichts mit der Politik zu thun habe,
421 950 1583 1015 ist ein albernes altliberales Rüstzeug und es hat keine
2763 943 3347 1036 so entschloss man sich, den
1583 958 2749 1021 wurden 2254 in Niederösterreich wohnhafte, aber nach
410 1002 1593 1069 Geltung in einer Zeit, die im Begriffe steht, ein so
1589 1006 2755 1068 Gemeinden anderer Kronländer zuständige Personen und
414 1051 2757 1132 wichtiges Gebiet ihres öffentlichen Lebens wie das Ausländer aus Mitteln der öffentlichen Armenpflege
2838 1060 3347 1147 Dem steirischen L#
422 1107 1333 1174 Theater dem Judenthum ganz preiszugeben.
1586 1103 1838 1179 unterstützt.
2765 1119 3352 1218 Vorlage zu, betreffend die
1356 1135 1567 1220 A. M.
1679 1156 2752 1228 Zum erstenmale seit der Wirksamkeit des Gesetzes
2765 1181 3318 1246 700.000 Kronen zur
1577 1201 2757 1279 vom 13. October 1893 bietet sich Gelegenheit, das
2757 1224 3350 1296 St. Pölten—Kirchberg u
1595 1254 2746 1315 Percentverhältnis der in der öffentlichen Armenpflege
2753 1273 2941 1348 werk.
816 1256 1167 1377 Inland.
1600 1298 2757 1366 stehenden Personen zur Gesammtbevölkerung in den
2855 1315 3358 1394 Im Tiroler Lan
1587 1354 2761 1409 einzelnen Armenbezirken festzustellen, da
1187 1330 1568 1428 Wien, 25. Juni.
2761 1369 3326 1443 Schwartzenau der H
1593 1400 2755 1458 mit 31. December 1900 zum erstenmale während der
825 1387 1190 1481 Die Landtage.
2753 1424 3355 1486 Autonomiefrage um
1598 1450 2757 1505 Wirksamkeit des geltenden Armengesetzes eine Volkszählung
2759 1476 3358 1542 theilbarkeit des Landes ein
505 1467 1590 1542 Heute wurde die Tagesordnung für die Freitag
1588 1501 2756 1562 stattgefunden hat. Im Durchschnitte sind im Berichts¬
2760 1526 3347 1590 zugeführt werden können. 2
399 1532 1591 1596 um 11 Uhr vormittags stattfindende Sitzung des
1591 1548 2753 1612 jahre 2·584 Percent der Gesammt bevölkerung, be¬
2748 1580 3362 1631 klärung ab, dass sie in die
415 1556 1575 1626 niederösterreichischen Landtages ver¬
1586 1595 2754 1661 ziehungsweise 4·540 Percent der bezirkszustän¬
420 1618 1579 1682 sendet. Auf derselben stehen die Mittheilung des Ein¬
2759 1621 3357 1693 mit dem Vorbehalten ein
1589 1643 2749 1710 digen Bevölkerung in öffentlicher Armenpflege ge¬
2756 1657 3353 1739 Autonomiefrage gelöst werde
418 1659 1580 1733 laufes, die Wahl der vier Schriftführer; ferner ein
1598 1683 2763 1752 standen. Der Stand der einheimischen Pfleglinge hat sich
2843 1717 3347 1784 Unter den heute dem g
418 1717 1589 1790 Antrag des Finanzausschusses über die Petition
1596 1734 2755 1796 in der Zeit vom 31. December 1893 bis 31. De¬
2753 1769 3352 1836 überreichten Initiativanträgen
417 1759 1591 1834 des Präfidiums des Bundes der Hausbesitzer von Wien
1583 1788 2749 1843 cember 1895, also im letzten Jahre der Wirksamkeit des
2756 1808 3325 1875 Abg. Merunowicz,
415 1813 1578 1871 und Umgebung wegen Nichteinhebung von Landes¬
1593 1829 2755 1904 alten und im ersten Jahre der Wirksamkeit des derzeit
2759 1855 3349 1936 lichung der Nordba
405 1849 1582 1932 zuschlägen von uneinbringlichen Mietzinsen,
1590 1888 2761 1949 geltenden Armengesetzes, um 4339 Personen, d. i.
419 1901 1576 1975 dahingehend dass die Landeszuschläge zu jenen Beträgen
2840 1907 3361 1996 Im Folgenden gehen wi
1589 1932 2763 2005 14·67 Percent erhöht. In den vier folgenden Jahren be¬
408 1943 1577 2015 der staatlichen Hauszinssteuer und 5 Percent Steuer
2754 1939 2959 2034 wieder:
1588 1979 2747 2040 trug die Steigerung, u. zw.: 1896 2955 Personen, d. i.
411 2009 1577 2078 vom reinen Zinsertrag, welche wegen Uneinbringlichkeit
1592 2026 2752 2087 8·7 Percent, 1897 1129 Personen, d. i. 3·06 Percent,
2760 2011 3359 2114 Schulausschuss des nieder
414 2056 1586 2128 des Mietzinses zur Abschreibung gelangen, aus dem¬
1586 2079 2205 2140 1898 1007 Personen, d. i.
2204 2069 2759 2144 2·65 Percent und 1899
2827 2092 3359 2163 Unter Vorsitz des Obman
415 2095 1586 2159 selben Titel auf Grund der Abschreibung der Staats¬
1578 2124 2761 2195 383 Personen, d. i. 0·98 Percent. — Im Berichtsjahre
2760 2142 3353 2211 fand heute eine Sitzung des
415 2152 1586 2208 steuer in Abfall zu bringen seien im Falle der gänz¬
1588 2168 2759 2243 ist bereits ein Rückgang der Zahl der einheimischen
2762 2192 3344 2250 selben berichtete Abg. LA.
414 2195 1586 2261 lichen oder theilweisen Wiedervorschreibung der Staats¬
1588 2219 2751 2294 Armen gegen das Vorjahr 1899 um 308 Personen, d. i.
2759 2223 3352 2287 baulichen Veränderungen in der
415 2245 1589 2308 steuer hingegen seien selbsiverständlich die Landesumlagen
1581 2271 2195 2342 0·78 Percent zu verzeichnen.
2763 2283 3350 2339 Wiener 19. Bezirk, und den N
415 2286 875 2365 wieder aufzurechnen.
944 2300 1598 2363 Weiter beantragt der Finanz¬
2755 2318 3356 2378 Landes=Taubstumm
1678 2317 2754 2379 Dass bei dem unausgesetzten Bestreben, das Los der
425 2344 1593 2405 ausschuss die Bewilligung von Subventionen: so für
2758 2368 3360 2426 Neustadt mit einem Beleg
1586 2369 2749 2438 Armuth zu lindern und das qualitative Niveau der
422 2395 1590 2451 den Oesterreichischen Völkerverein 200 Kronen,
2757 2414 3356 2467 Nach einem zweiten Berichte u
1594 2424 2745 2485 öffentlichen Armenpflege zu heben, das Erfordernis der
412 2443 1592 2514 für den 7. österreichischen Wenbaucongress in
2755 2451 3362 2518 erstatters soll die Landes=Blin#
1595 2468 2752 2525 öffentlichen Armenpflege in den ersten Jahren der Wirk¬
426 2491 1585 2545 Krems 1000 Kronen, für #i## #nn 6. bis 21. September
2764 2494 3354 2557 Zubau erhalten, wodurch der
1601 2521 2755 2589 samkeit des gegenwärtigen Gesetzes eine steigende
424 2536 1590 2624 in Wien stattfindende F schereiausstellung
2761 2540 3328 2594 Zöglinge erweitert wird.
1595 2571 2752 2629 Tendenz aufweist, kann niemand wundernehmen.
2761 2590 3357 2650 infolge des neuen Heimatgese
419 2573 732 2648 600 Kronen.
1599 2619 2767 2683 Im ersten Jahre der Wirksamkeit des Armengesetzes stieg
2757 2627 3356 2685 von Aufnahmewerbern in die
517 2608 1584 2701 Der Gemeinde= und Verfassungs¬
2755 2662 3366 2728 jetzt in den bestehenden Anstalte
413 2685 1590 2752 ausschuss legt eine ganze Reihe von Anträgen vor;
2755 2710 3354 2784 Ueberfüllung begründet und so
1593 2718 2761 2776 Percent, im zweiten Jahre um 14·89 Percent, im dritten
418 2719 1589 2812 vier davon betreffen die Bewilligung zur Einhebung
1587 2760 2755 2824 Jahre um 3•27 Percent, im vierten Jahre um 632
2836 2753 3316 2826 Es berichteten weiter
411 2776 1582 2846 von Umlagen für die Gemeinden Prigglitz, Thaua,
2767 2789 3320 2881 kandl, Regierungsrath Ki
1592 2811 2760 2867 Percent, im fünften Jahre um 6·39 Percent, während er
417 2827 1585 2888 Groß=Poppen und Groß=Haselbach. Weitere vier Vor¬
2762 2861 3355 2909 Personalangelegenheiten, Gnad
1592 2857 2760 2918 im sechsten, dem Berichtsjahre, um 037 Percent gefallen
418 2879 1595 2943 lagen beantragen, der Gemeinde Wien die Bewilligung
2767 2901 3358 2948 Lehrerswitwen und deren An
1591 2909 2759 2968 ist. Dieses Sinken des Erfordernisses steht im Einklange
419 2926 1590 2987 zur Veräußerung von Catastralparcellen in Ottakring
2766 2939 3368 3009 träge der Berichterstatter geneh
1600 2960 2763 3006 mit der Abnahme des Standes der einheimischen
421 2978 1592 3038 und Hütteldorf, der Realitäten 1. Bezirk, Tuchlauben
2834 2982 3343 3057 Abg. LA. Prälat Dr.
1601 3008 2755 3061 Pfleglinge im Berichtsjahre, wird aber zweifellos ebenso
422 3023 1582 3089 Nr. 10, und der Baustellen Ecke Fleischmarkt und
2762 3007 3339 3105 die Erhöhung des L
1604 3057 2763 3110 wie diese eine vereinzelte Erscheinung bleiben, da eine
419 3078 1585 3131 Postgasse. Ferner soll den Gemeinden Horn und
2769 3075 3359 3135 Uebungsschul= und
1595 3098 2752 3159 dem Bevölkerungszuwachse correlate Vermehrung der
421 3120 1589 3187 Stadlau, Hirschstetten und Kagran die
2764 3125 3355 3184 Lehrerbildungsanst
1604 3144 2752 3220 Zahl der Armen, verstärkt noch durch die Wirkungen der
2756 3165 3363 3237 Neustadt und St. Pöl
416 3167 1593 3228 Bewilligung zur Einhebung von Canalbenützungsgebüren
1588 3180 2650 3278 Heimatgesetznovelle, natürlich und unausbleiblich ist.
2772 3207 3356 3280 Erhöhung wurde angenommen.
427 3220 1598 3281 ertheilt werden. — Derselbe Ausschuss legt nunmehr den
2850 3259 3342 3329 Abg. Professor Sturm
421 3265 1598 3331 abgeänderten Wortlaut des in der früheren Session
2768 3306 3352 3376 einer zweiten Staat
423 3306 1597 3370 beschlossenen, vom Kaiser aber nicht sanctionierten Gesetz¬
1672 3316 2751 3403 Von den zur derzeitigen Tagung einberufenen Land¬
2767 3351 3358 3405 Bau= und Maschinen
427 3364 1589 3410 entwurfes vor, womit grundsätzliche Bestimmungen für
1597 3383 2763 3436 tagen hat der krainische Landtag bereits aus¬
2768 3393 3361 3456 wurde beschlossen, die Regierun
417 3405 1588 3473 die Regelung des Curortewesens, sowie
1597 3427 2754 3499 gelebt. Wie unseren Lesern bekannt ist, weilte Landes¬
2763 3435 3354 3500 Beschleunigung an die Schaf
424 3453 1596 3529 der Einhebung von Musik= und Verschönerungstaxen in
2767 3473 3361 3553 gewerbeschule in Wien zu schrei
1602 3474 2759 3544 präsident Baron Hein vorgestern in Wien, um dem
414 3490 1125 3580 Niederösterreich getroffen werden.
1601 3524 2764 3594 Ministerpräsidenten über die durch die Parteigehässigkeit
2834 3523 3355 3588 Weiter berichtete Abg.
2762 3562 3355 3627 Wiener Gastwirte=Genossenscha
1588 3566 2765 3632 der Clericalen und die maßlosen Ansprüche der liberalen
2757 3613 3356 3695 Kellerwirtschaftscurse. Es wurd
516 3601 1588 3669 Endlich ist heute an die Mitglieder des niederöster¬
1593 3626 2750 3684 Slovenen und Großgrundbesitzer geschaffene Lage Bericht
2767 3665 2990 3730 beschlossen.
1594 3674 2754 3737 zu erstatten. Heute ist Baron Hein nach Laibach zurück¬
416 3649 1593 3735 reichischen Landtages der Bericht des niederösterreichischen
2849 3678 3356 3773 Abg. Sturm berichtete
1596 3719 2765 3784 gekehrt und hat noch einen letzten Versuch unternommen,
414 3717 1591 3784 Landesausschusses über den Zustand der öffent¬
2772 3750 3365 3815 der Bezüge der Pro
414 3764 1591 3822 lichen Armenpflege während des Jahres 1900
1592 3765 2760 3823 eine Verständigung herbeizuführen. Derselbe ist scheinbar
2768 3799 3358 3854 Lande Niederösterr
1602 3820 2761 3883 gescheitert; die maßgebenden Factoren hatten aber das
417 3804 1586 3873 verschickt worden. Derselbe ist vom Referenten LA.
2771 3841 3358 3901 schulen und den damit v
423 3862 1591 3911 Steiner erstattet und umfasst nicht weniger als 142
1594 3871 2766 3934 wüste Parteitreiben offenbar satt und waren nicht gesonnen,
2761 3888 3357 3940 sowie an den Landes=Le
421 3908 1593 3972 Druckseiten. Wir entnehmen demselben folgende Einzel¬
1583 3921 3368 4004 den gehässigen Parteileidenschaften, die da ihr Spiel Regelung der Bezüge wurde n
422 3959 2487 4026 heiten: Die Gesammtzahl der im Geltungsbereiche des treiben wollten, weitere Nahrung zu geben.
2758 3962 3308 4036 ausschusses beschlossen.
2810 4018 2994 4093 S
424 4017 588 4116 a
2066 4022 2178 4116 S
2750 4090 2895 4154 46%
