3484 4320
290 193 2473 282 16.1. Lebendige Stunden Zyklus box 21/5
1576 1241 1712 1326 — 69 —
1085 1334 2162 1426 Eine Skizzierung des Inhaltes hieße, aus dem lebens¬
1098 1415 2183 1478 vollen Gebilde, an dem jeder Zoll Geist, tiefe Beobachtung,
1101 1459 2167 1541 künstlerische Gestaltungskraft ist, das tote Gerippe heraus¬
1105 1513 1270 1586 schälen.
1190 1558 2170 1632 Die Darstellung und insbesondere auch die gedanken¬
1094 1610 2179 1681 volle Regie des Herrn Julius Haller hat die vier bedeu¬
1086 1676 2161 1747 tenden Akte sehr würdig herausgebracht. Frau Rosa Mül¬
1088 1718 2179 1775 ler=Raul ließ mit der Titelrolle in der „Frau mit dem
1087 1771 2172 1837 Dolche“ und als Margarete in „Literatur“ zwei schöne
1098 1825 2172 1891 Enthüllungen ihres großen, künstlerischen Könnens sehen.
1087 1873 2177 1942 Herr Julius Haller war als Hausdorfer in dem ersten
1097 1918 2179 1990 Akte von impoikierender Gestaltungskraft und schwang sich
1095 1973 2172 2033 als Rademacher in den „Letzten Masken“ zur vollen Höhe
1098 2025 2183 2079 seiner genialen Charakterisierung empor. Den Schauspieler
1105 2082 2177 2130 Jackwerth gab Herr Adolf Suchanek in einer wirklich
1099 2120 2181 2187 so geistvollen Charakterstudie, daß es fast unbegreiflich ist,
1096 2174 2178 2234 wieso ihm im letzten Akte die Figur des Gilbert, wenn auch
1099 2221 2176 2270 keineswegs in der Maske, so doch in ihrer inneren Anlage
1099 2266 2181 2328 stark mißlingen konnte. Dieser Gilbert ist nicht, wie ihn
1092 2317 2183 2365 Herr Suchanek auffaßte, ein Kerl voller Selbstironie, der in
1090 2359 2181 2424 einem fort über sich selber kritisch lächelt, — nein, der
1091 2410 2178 2465 Mann ist voll Selbstbewußtsein, glaubt an sich und seine
1089 2462 2168 2519 literarische Sendung, ist also im Grunde eine naive Na¬
1084 2516 2158 2575 tur. Auffallend schön und mit einigen sehr gediegenen, per¬
1100 2567 2185 2630 sönlichen Nuancen charakterisierte Herr Karl Matuna
1097 2605 2171 2669 den Clemens. Herr Franz Tichy war als Weihgast und
1100 2660 2185 2722 Remigio ein gediegener Darsteller, desgleichen Herr Ernst
1088 2705 2159 2765 Hellbach als Heinrich in den „Lebendigen Stunden“
1091 2752 2165 2825 und als Leonhard in der „Frau mit dem Dolche“, nur hätte
1088 2807 2165 2873 vielleicht in dem ersten Akte ein kleine Zügelung in der pa¬
1091 2852 2166 2922 thetischen Deklamation natürlicher gewirkt. Die Charge
1084 2903 2169 2982 der Frau Marie Gröbmaier und des Herrn Carlo
1086 2945 1763 3016 Berger waren sehr ansprechend.
2018 2950 2136 3010 —ch.
1170 3052 2180 3143 „Doppel=Ehe.“ Schpank voy Kurt Kraatz.] Das
1098 3120 2173 3185 Stück ist ein heller Spiegel, ereflektiert das widerliche
1086 3167 2163 3256 Bild der Degeneration moderng Bühnenkunst. Es erschüt¬
1089 3231 2174 3285 tert — nicht die Lachmuskely cher die kritische Erkennt¬
1094 3274 2177 3364 nis. Und vor der Bescheidepheit des verirrten Geschmackes,
