3484 4256
2086 196 2542 288 box 21/2
1253 207 1321 264 I1
278 200 1952 311 16.1. Lebendige Stunden Zyklus
729 1017 1469 1259 v. Ges Goldlsehng
917 1152 1366 1272 + Bureau für 4
774 1223 1481 1339 Zeitungsausschnitte und Verlag
767 1264 1465 1377 der Wissenschaftlichen Revuc.
691 1338 1591 1461 BERLIN N., Auguststr. 87 part.
833 1401 1402 1496 Telephon Am III. No. 3051,
1278 1474 1607 1562 —
561 1483 955 1569 Teterunn-Ahe
951 1511 1301 1595 Ausschnitt
554 1534 958 1624 Co1OSchn Dr Kuguststr S7.
1052 1575 1172 1629 aus
627 1657 745 1759 22
965 1704 1433 1810 Berliner Zeitung
899 1768 1255 1900 6·— JAk 1902
1350 2109 2247 2179 ein Männlein und ein Weiblein der Bohéme —
2259 2148 3367 2223 verschmäht es, Leonardo, der ihm Glück und Ehre  schon ein
520 2088 1237 2234 „Lebendige Stunden.“
1360 2166 2263 2247 sie haben allerlei „lebendige Stunden“ gehabt mit
2257 2185 3318 2239 geraubt hat hat, zu vernichten — da springt Paola j sagen,
1354 2206 1679 2275 einander, nun
1739 2215 2251 2280 von einander gegangen,
2253 2216 3160 2292 auf und stößt dem Verführer, der ihrem Gattengegen¬
624 2207 1180 2295 (Deutsches Theater.)
3150 2231 3364 2291 Hohlheit.
1346 2253 2253 2316 wollen sie diesen Stunden Dauer verleihen
2250 2256 3160 2312 über so klein ist, den Dolch in den Hals. Dann
3146 2269 3340 2326 machte
511 2270 1342 2339 * Eine starke, nachhaltige Bühnenwirkung geht
1346 2284 2246 2349 und schreiben je einen Roman. Aber ihnen
2251 2298 3161 2347 steht sie da, den Dolch in der erhobenen Rechten,
3149 2306 3354 2366 lichen Wa
436 2301 1343 2383 von dem Einaklercyklus Schnitzlers, den
1351 2331 2258 2387 fehlt die dichterische Kraft — sie geben keine seeli¬
2244 2331 3161 2398 den Blick zu Boden gesenlt zu dem, der da tot 1
3142 2340 3350 2404 kommt un
444 2363 1342 2420 „Lebendigen StundenAu
1344 2364 2254 2428 schen Offenbarungen, nur seelische Entblößungen.
2250 2378 3354 2447 liegt. Und diese Stellung begeisterte den Künstler1 des Tages
435 2388 1348 2453 nahme seitens des Publikums war eine so tück¬
1351 2409 2258 2479 Sie vermögen den einst lebendigen Stunden keine
2245 2416 3148 2473 zu künstlerischer Großthat — er schafft sein Meister¬
3151 2425 3362 2479 da fühlt
439 2433 1346 2485 haltlos freudige, wie sie in dieser Saison noch
1337 2447 1746 2512 Dauer zu verleihen.
2246 2459 2902 2518 werk, „Die Frau mit dem Dolche“
2925 2459 3149 2514 .. Pauline
3149 2467 3361 2521 schwindet
435 2478 1346 2538 keine Bühnenarbeit von dichterischem Wert ge¬
1408 2473 2241 2544 Solche Stunden leben nicht länger als der
2244 2495 3151 2561 erwacht aus ihrer Träumerei und verspricht
3144 2496 3361 2567 doch die
434 2513 1340 2574 funden hat. Die Elegie freilich des ersten
1346 2515 2242 2590 letzte, der sich ihrer erinnert ... Doch kann nicht
2252 2536 2925 2593 Leonhardt das erbetene Stelldichein.
3153 2536 3368 2599 Und was
459 2551 1336 2611 Stückes schuf noch keine starke Wirkung.
1351 2568 2238 2626 jählings eine Vorstellung in uns auftauchen,
2295 2567 3145 2631 Das Ganze ist wohl etwas konstruiert, aber
3141 2580 3359 2640 die Sorge
430 2588 1338 2647 Wohl brachte es bereits Stimmung und Inter¬
1332 2597 2239 2676 die uns erscheint wie die Erinnerung an
2250 2608 3154 2679 nicht nur als farbiges, im guten Sinne
3149 2622 3353 2679 einer mit
433 2627 1340 2685 esse, ader in seiner Bedeutung, seinem geistigen
1347 2648 2124 2701 ein bisher uns ganz Unbekanntes?
2115 2639 2246 2712 Und
2251 2653 3151 2714 effektvolles Theaterbild, sondern auch psycho¬
3147 2663 3358 2730 auf der B#
425 2662 1336 2729 und dichterischen Werte kann es erst anerkannt und
1340 2679 2240 2746 dann gewinnen Stunden, die längst vergangen
2248 2693 3155 2758 logisch sehr interessant. Paulinens Gatte
3205 2699 3349 2756 Diese
429 2711 1342 2754 gewürdigt werden im Zusammenhang mit den
1346 2712 2250 2780 in uns wieder Leden. Haben wir schon einmal
2249 2723 3340 2807 ist Dichter — wird der Schmerz um sie, Handlung
434 2748 1338 2806 folgenden Dichtungen des Abends. Denn diese
1341 2746 2248 2819 früher existiert? Kann, was so plötzlich nie im
2239 2770 3149 2828 die ihn mit Leonhardt nun verraten will,
3198 2785 3346 2839 it, ihren
435 2788 1331 2839 vier Einakter, so verschieden in Stimmung, Tem¬
1338 2791 2251 2847 fiebernden Leben vor uns steht, kann solch eine
2243 2809 3153 2874 den Dichter adeln zu einem großen Kunstwerk,
3143 2820 3354 2882 kennen la
434 2829 1344 2876 verament und Scenenbild, bedeuten doch ein
1341 2826 2234 2892 lebendige Stunde nicht vielleicht das Spiegelbild
2238 2844 3152 2914 wie der Schmerz und der Zorn Paolas Gatten
3134 2859 3348 2913 abgesehen,
426 2862 1340 2917 Ganzes, sind eine Einheit. In dieser Einheit
1343 2875 2236 2925 einer Erinnerung sein? Solch psychologisches
2244 2880 3151 2933 zum Künstler erzogen hat? Und in diesem Motiv
3133 2891 3351 2955 starker Pr
421 2901 1335 2961 aber giebt sich eine Vielheit von Gedanken und
1341 2907 2238 2982 Rätsel bietet uns die zweite der lebendigen Stun¬
2237 2926 3150 2981 der Opferung, die sich hier ja auch noch aus dem
3150 2935 3355 2996 die „Letzte
428 2938 1342 2999 Empfindungen kund, die den reichgestaftenden,
1331 2947 2231 3015 den, das Schauspiel „Die Frau mit dem
2242 2960 3139 3033 Naturell Paulinens erklärt, liegt eine weiiere
3142 2963 3334 3032 Einakter
434 2979 1334 3034 aus Phantasie und Leben schöpfenden Dichter
1340 2980 2240 3064 Dolche“. In der Gemäldegalerie steht Frau Pau¬
2251 2992 3144 3060 Verwandtschaft nit dem Einleitungseinakter.
3140 3011 3328 3081 glitzert
431 3024 1341 3073 offenbart, und in wundervollen Strahlenbrechungen
1334 3034 2231 3095 line vor jenem Bilde eines unbekannten Meisters,
2243 3024 3133 3098 Dort opfert sich die seit Jahren kranke Mutter
3141 3061 3278 3112 und
439 3057 970 3121 leuchtete und glitzerte alles.
1338 3069 2235 3122 das eine weißgekleidete Frau darstellt, die einen Dolch
2240 3077 3134 3143 für ihren Sohn, den jungen Dichter, der gegen¬
3173 3092 3361 3160 die Geste
481 3090 1335 3157 Dem Alten, der die Freundin verloren hat,
1339 3104 2226 3169 in der erhobenen Rechten hält und zu Boden sieht,
2235 3120 3136 3178 über dem Leiden seiner Mutter die Kraft zum
3138 3118 3353 3197 Schnitzler
420 3120 1337 3198 die ihm Geliebte, Kamerad, der ganze Inhalt des
1340 3149 2247 3210 als läge dort einer ermordet. Und neben Frau
2241 3154 2669 3211 Schaffen verlorer hat.
3212 3171 3342 3224 von
431 3174 1331 3236 Lebens gewesen, erscheint mit dem Tode dieser
1331 3182 2234 3243 Pauline steht Leonhardt, der sie liebt und ein
2283 3181 3133 3263 Hat der dem Tode schon Geweihte noch Be¬
3131 3191 3353 3267 wordenen
419 3211 1339 3278 Frau alles verloren. Keine Kunst des größten
1331 3216 2231 3287 Stelldichein von ihr begehrt. Sie verweigert's
2240 3230 3138 3301 ziehungen zu den Lebenden? Die Liebe der Mutter,
3140 3249 3354 3308 ferngchalte
436 3259 1326 3321 Genies wird ihm jene lebendige Stunden ersetzen,
1331 3254 2235 3321 ihm, wiewohl sie einmal einen Augenblick in der
2235 3272 3138 3336 die opferwillig in den Tod geht, denkt daran,
3196 3292 3354 3345 Jubeln
420 3283 1333 3336 in denen die Freundin bei ihm im Garten ge¬
1340 3302 2230 3368 Stimmung gewesen ist, seine Geliebte zu werden.
2230 3298 3146 3384 dem Sohne glückliche lebendige Stunden zu schaffen.
3132 3314 3350 3384 wiederholt
418 3328 1334 3390 sessen. Der Sohn der Frau aber, den das Leben
1322 3337 2182 3406 Nicht aus Freundschaft, nur aus Lust-
2226 3343 3140 3423 Der Haß hat keine Beziehungen mehr, wenn
3141 3361 3360 3425 Darstelleri
415 3368 1331 3439 noch lockt mit Hoffnungen und Zielen, er kann
1332 3365 2222 3433 vielleicht wie es jene Frau auf dem Bilde
2232 3383 3129 3450 die letzten Masken gefallen sind. In dem
3142 3400 3360 3461 Frene 2
425 3409 1326 3473 die lebendige Stunde so hoch nicht schätzen:
1326 3415 2233 3469 da einmal gethan hat mit einem jugendlichen
2241 3428 3121 3476 dritten Einakter „Die letzten Masken“
3133 3434 3360 3497 Rittner
420 3438 1330 3511 „Lebendige Stunden? Sie leben doch nicht länger
1337 3442 2234 3508 Leonardo. Und je mehr Frau Pauline auf
2243 3469 3130 3534 führt Arthur Schnitzler das in feinen, liebevoll
3137 3487 3338 3541 gaben Fi
417 3482 1337 3543 als der letzte, der sich ihrer erinnert". Und er
1329 3500 2236 3557 das Bild schaut, desto mehr ersteht in ihrer
2237 3508 3134 3569 ausgeführten Scenen vor. Ein alter Journalist,
3143 3511 3357 3582 storff tra
421 3523 1328 3583 preist seinen Dichterberuf, der ihn befähigt, solchen
1334 3534 2224 3596 Phantasie etwas wie eine Erinnerung: Paola,
2228 3542 3139 3611 Rademacher, der immer nur Subalternes hat
3138 3559 3353 3629 mit gleich
425 3558 1331 3628 Stunden Dauer zu verleihen über ihre Zeit hin¬
1318 3556 2231 3626 die Frau in Weiß hat dem Leonardo einmal ihre
2230 3585 3140 3646 schaffen dürfen, liegt im Krankenhaus. Er sieht
3136 3603 3311 3656 Abend.
427 3595 632 3655 aus.
626 3596 1336 3668 Das versuchen in dem Satyrsviel
1328 3614 2229 3680 Liebe geschenkt. Nun ist der Gatte, der Künstler,
2223 3622 3143 3692 den Tod nah vor sich und möchte noch eine Freude
432 3644 3142 3740 „Litteratur“, das den Abend abschließt, auch ] der Maler jenes Bildes, hinzugekommen. Er' sich verschaffen: dem Jugendfreund, der lange
