3436 4192
303 91 1966 220 16. 1. Lebendige Stunden - zyklus
477 1059 1708 1197 das sich im Zeitungsdeutsch einzubürgern droht, zu
471 1132 1708 1243 enträthseln. Ehrlose hat bisher den Gegensatz von
483 1181 1706 1296 behrenhafte bedeutet, und die eine wie die andere
468 1249 1686 1331 Eigenschaft konnte nur von Wesen, denen Ehre zu¬
471 1281 1695 1395 kommt, ausgesagt werden. Kein unvernünftig Ding
461 1345 1704 1444 erfuhr solche Werthung, und niemand hat je den
463 1399 1699 1496 schlechten Kôter, der nach jedem von fremder Hand
449 1439 1696 1542 gereichten Brocken schnappt, als ehrlos bezeichnet.
454 1490 1690 1591 Nun hat der Oberste Gerichtshof erklärt, auch der
451 1544 1683 1626 Presskôtere, der gleichfalls unvernünftig ist und alle
448 1587 1674 1684 irgend erreichbaren Brocken wegschnappt, sei in¬
443 1638 1678 1734 different in Bezug auf die Ehre, ein Ding ohne Ehre.
444 1694 1687 1790 Und da kommen die Taglöhner der Presse, und statt
451 1731 1684 1836 sich zu freuen, dass die Zeitung glücklich los von
447 1773 1662 1899 der Ehre ist, jjammern sie, die Zeitung sei ehrlos ge¬
445 1839 1684 1941 macht worden. Als pressfeindlich wird von den
441 1889 1680 1986 Trägern und Nutzniesserh: der Presscorruption ein
443 1917 1660 2032 Urtheil gescholten, das doch höchstens ein intran¬
441 1995 1666 2083 sigenter Gegner des capitalistischen Zeitungswesens
428 2034 1666 2154 beklagen dürfte, weil es einer verworfenen Presse
428 2091 1671 2178 das unwürdige Dasein erleichtert. Denn was müsste
421 2143 1667 2237 geschehen, wenn einmal unwiderruflich festgestellt
431 2183 1668 2281 würde, dass die Zeitung Ehre besitzt, dass Blätter,
422 2242 1663 2337 die kaum durch die Lücken der geltenden Gesetze
425 2286 1648 2385 entschlüpfen können und sicherlich vor einer zu¬
417 2311 1652 2436 künftigen, von socialem Geist erfüllten Gesetzgebung
427 2383 1653 2478 nicht bestehen werden, nicht nur den staatlichen
414 2426 1655 2533 Richtern, sondern auch vor dem strengeren Forum,
421 2490 1663 2583 das über Ehre urtheilt, verantwortlich sind? Kein
402 2534 1650 2641 Zweifel, gerade die Zeitungen, deren Herausgeber
410 2584 1649 2681 sich gegen das Urtheil des Obersten Gerichtshofs
400 2640 1632 2736 auflehnen, wären, wenn wirklich von Zeitungsehre
406 2684 1645 2783 die Rede sein sollte, ehrlos, und weil von der Ehre
404 2728 1649 2836 eines Verbandes jene seiner Mitglieder abhängt,
400 2774 1640 2878 müssten ehrenhafte Leute wie die Herren Gold¬
403 2813 1640 2929 baum, Poetzl und David ihren Journalen den Dienst
400 2877 1638 2960 künden und ihre gute Sache von Jobberei, Kuppelei
403 2929 1651 3046 und Scandalsucht reinlich scheiden. Aber die milde
2119 112 2569 201 box 21/3
1992 1192 3207 1295 Klugheit unseres Obersten Gerichtshofs ist weit ent¬
1984 1256 3219 1358 fernt von der unerbittlichen Weisheit jenes höchsten
1982 1318 3217 1408 Gerichts, das alles sittliche Thun richtet; sie rechnet
1987 1372 3203 1462 mit der Schwachheit vom Leben bedrängter Menschen,
1977 1426 3215 1503 und sie will redlichen Männern den Halt juristischer
1977 1455 3205 1531 Argumente bieten, durch die sie sich vor ihrem Ge¬
1980 1512 3214 1600 wissen dafür zu rechtfertigen vermögen, dass sie sich
1970 1568 3202 1642 halb unbewusst, halb schon wissend, den unsaubersten
1978 1612 3211 1713 Zwecken dienstbar machen lassen und das Ansehen
1983 1675 3206 1755 wie den Gewinn der Corruption fördern. Durch die
1975 1711 3194 1790 Thüre, durch die die Ehre — die in Wahrheit Ehr¬
1970 1774 3190 1840 losigkeit bedeutete — aus der „Neuen Freien Presse“
1974 1817 3201 1902 ausgetrieben ward, werden künftig vielleicht häufiger
1975 1871 3199 1952 als bisher — das ist die ernste Gefahr, die das Ur¬
1966 1921 3207 2002 theil des Obersten Gerichtshofs birgt — Gelehrte sich
1966 1966 3195 2039 einschleichen, den Weg aus der stillen Studierstube in
1966 2010 3197 2105 die Oeffentlichkeit finden; der Oberste Gerichtshof
1972 2058 3190 2141 hat ihnen die Beruhigung zugesichert, dass die
1965 2115 3200 2195 schmutzige Hantierung mit Druckerschwärze nicht
1965 2155 3198 2251 auf sie abfärbt und dass sie keine Minderung ihres
1957 2215 3198 2301 Ansehens zu fürchten haben, weil es keine Ehre des
1955 2252 3187 2344 Blattes gibt, die auf die Ehre der Mitarbeiter zurück¬
1964 2296 3197 2399 wirkt. Und sollte man den Obersten Gerichtshof
1954 2365 3191 2448 nicht wenigstens für die Offenherzigkeit loben, mit
1952 2411 3191 2496 der er einen Grundsatz proclamiert, nach dem sein
1961 2447 3180 2545 Vicepräsident Emil Steinbach handelt, wenn er in
1956 2502 3179 2576 der Zeitung der Manchestermänner John Ruskins
1955 2549 2396 2614 Lehre verkündet?
2069 2604 3168 2685 Die Heftigkeit, mit der die Herausgeber der frei¬
1945 2631 3168 2740 sinnigen Blätter das Urtheil des Obersten Gerichts¬
1942 2700 3177 2781 hofs bekämpfen, ist nur zu begreiflich. Es liegt im
1942 2747 3167 2833 Interesse dieser Männer, den Glauben aufrecht zu
1951 2802 3169 2883 halten, als ob Feilheit der Meinung, als ob die
1946 2840 3173 2933 Förderung des schädlichsten Speculantenthums nicht
1944 2894 3171 2990 das Mass ihrer eigenen, persönlichen Ehre bestimmen
1946 2948 3173 3036 würden. Die Zeitung, das unpersönliche Wesen, soll
1939 2983 3169 3088 Ehre haben. Und ebenso wie beim Gewinn, den der
1946 3052 3170 3154 capitalistische Zeitungsbetrieb bringt, soll auch bei
