3532 4320
2077 195 2522 299 box 21/2
265 237 1937 324 16.1. Lebendige Stunden Zyklus
161 1148 3156 1227 des Romanes: „Das Leben ein dürfte der Antor wol kaum gedacht haben, als er Heinrich, dem Sohne der verstorbenen Hofräthin. —
136 1194 3187 1299 n Ricarda Huch befindet sich auf auch diesen Schwank, der den ersten drei Stücken O, der Heinrich ist abgereist, um sich ein wenig
889 1273 3194 1324 fern als möglich steht, unter den Gesammttitel zu erholen. Er muß ja doch wieder arbeiten können.
817 1271 911 1334 so
1994 1301 3203 1361 Heinrich ist nämlich ein Dichter. „Haben Sie denn nie den
819 1316 2016 1373 ordnete. Der Gesammttitel also ist ungerechtfertigt,
1991 1342 3215 1429 Schein um seinen Kopf bemerkt, Borromäus?“ — Borro=)
820 1359 2011 1416 weil er eine Verbindung zwischen den vier Stücken
130 1293 607 1462 klleton.
1994 1393 3192 1469 mäus hat keinen Schein gesehen und meint, der Schein
821 1397 1997 1462 behauptet, welche nicht besteht. Ueberhaupt ist diese neue
1992 1447 3201 1511 sei wol nur figürlich, weil der Herr Heinrich schon so viel
813 1443 2008 1519 Mode merkwürdig, Einacter mit einer gemeinsamen Idee
134 1464 504 1562 ner Theater.
2003 1493 3189 1557 in der Zeitung steht. Und da kommt er gerade durch das
812 1497 2011 1576 zu schreiben (um so merkwürdiger, wenn es sich, wie im
141 1522 755 1618 den“ von Arthur Schnitzler.)
1997 1545 3195 1609 Gitter. Er hat sich auf seiner Reise erholt und, wie es
822 1533 2002 1611 vorliegenden Falle, bei näherer Betrachtung herausstellt,
2002 1589 3199 1650 scheint, auch getröstet. Er war zunächst in Salzburg. Denn
829 1577 2001 1657 daß die Einacter mit der gemeinsamen Idee in Wirklich¬
134 1590 827 1669 at seinem Einacter=Cyklus, der
1991 1636 3192 1698 Salzburg beruhigt ihn immer. Man darf zwar annehmen,
815 1638 2017 1711 keit keine Idee gemeinsam haben). Der Autor möchte die
142 1644 827 1718 en Theater gespielt wird, den
2003 1679 3204 1740 daß eine Stadt s#h#n ganz besonders schön sein muß, um
820 1690 2014 1748 vier kleinen Stücke, die er verfaßt hat, zu einem größeren
147 1698 821 1755 Stunden“ gegeben. Die Berliner
2003 1738 3201 1798 Jemandem darder hinwegzuhelfen, daß seine Mutter ge¬
826 1737 2005 1806 Werke vereinigen, indem er sie „Cyklus“ nennt und ihnen
132 1729 825 1812 Titel den Kopf zerbrochen: Was
1993 1777 3205 1849 storben ist In der That, Salzburg hat diesmal nicht
821 1784 2012 1852 einen Obertitel gibt. Aber der Titel stellt die Einheit
134 1790 827 1857 den“? Und warum heißen alle
1995 1816 3205 1891 gewirkt, und selbst der „reizende Rococo=Garten von
817 1830 2015 1892 nicht her, die beim Schaffen gefehlt hat, und vier kleine
142 1827 828 1910 hat das Gemeinsame in den vier
1999 1879 3208 1951 Hellbrunn“ hat dem jungen Heinrich keinerlei Erleichterung
819 1878 2013 1930 Stücke bilden kein großes, mag man sie nennen, wie man
148 1882 829 1962 Schauspiele und ein Schwank —
1997 1923 3199 1998 gewährt. Da ist er nach München gegangen. Es scheint,
816 1929 2010 1993 will. Ein Zusammenhang zwischen Einactern ist nicht
133 1929 834 2004 ken, welche die Kritiker gegeben
2004 1959 3205 2030 daß Salzburg nur gegen die mittleren Schmerzen hilft,
819 1976 2005 2041 möglich, da jeder Einacter ein selbstständiges Drama ist:
141 1967 830 2050 und haben nur den Einen Fehler,
2004 2013 3198 2075 München jedoch gegen die ganz großen. Beim Tode einer
826 2007 2005 2086 und um den Zusammenhang herzustellen, um in vier
155 2020 826 2091 immer das steht, was die Kritiker
1993 2066 3206 2119 Mutter muß man nach München reisen. Vor den alten
817 2070 2003 2134 Acten eine gemeinsame Idee auszudrücken, gibt es auch
152 2061 826 2143 ist deßhalb so schwer, zu sagen,
1998 2114 3199 2175 Bildern in der Pinakothek hat Heinrich zum erstenmale
810 2099 2005 2187 heute nur das eine Mittel, das in einem solchen Falle
140 2129 818 2182 auf alle vier Stücke paßt, weil
1998 2158 3162 2225 wieder aufgeathmet. Nur die Abende waren schlimm —
814 2159 2015 2243 bisher allein üblich war: ein Drama in vier Acten zu
145 2168 823 2248 ht paßt. Das Gemeinsame an den
1993 2192 3198 2275 die Abende, an denen er keine alten Bilder betrechten
819 2217 1046 2296 schreiben.
186 2222 830 2283 daß in allen Literaten oder
2008 2250 3134 2316 konnte. Statt nun noch eine neue Stadt aufzüse gen —
917 2246 2013 2316 „Lebendige Stunden“ heißt das erste der vier Stücke.
142 2242 828 2331 diese Gemeinsamkeit ist so äußer
2001 2301 3198 2362 eine neue Stadt für die Abende — ist er nach Wien
823 2308 2014 2373 Es spielt in einer Vorstadt Wiens, im Garten vor dem
135 2308 824 2374 menhang bilden und noch weniger
1994 2345 3200 2428 zurückgekehrt. Er möchte wieder arbeiten; aber er sieht schon:
148 2361 826 2433 en kann, warum die vier kleinen
825 2358 2009 2420 Hause des alten Hausdorfer. Der alte Hausdorfer ist
2003 2394 3198 2468 das wird so bald nicht möglich sein. Die Fähigkeit, zu
825 2393 2012 2471 traurig, denn die Frau Hofräthin ist gestorben seine
147 2409 833 2477 nden“ heißen. Die beiden eisten
1996 2443 3209 2503 arbeiten, hat er während der letzten zwei Jahre verloren,
821 2446 2004 2524 einzige Freundin und früher wahrscheinlich seine Geliebte.
149 2439 831 2529 e Stunden“ und „Die Frau mit
2003 2497 3197 2572 da er es immer anhören mußte, wie seine Mutter,
816 2504 1999 2577 Hausdorfer ist in den Jahren, wo die Verluste sich nicht
135 2497 840 2581 ine gewisse Verwandtschaft, und
2012 2545 3198 2601 die nebenan im Zimmer lag, vor Schmerzen stöhnte.
159 2552 2001 2609 die Idee herauslesen, daß dem mehr ersetzen; und nun hat er das Liebste verloren, das
2001 2589 3200 2653 Es ist, als wollte er sich, während er dem alten Haus¬
145 2591 2009 2662 er jedes, auch das tiefste Er= er besaß. Trost gibt es auch nicht mehr wenn Einer so
2013 2637 3200 2693 dorfer das erzählt, über die Rücksichtslosigkeit der Mutter
817 2635 2015 2708 in den Sechzig ist. Trösten mag sich die Jugend, welche in
267 2636 837 2715 „Stoff“ ist, und daß
1996 2683 3201 2751 beklagen, die es nicht unterlassen konnte, zu stöhnen,
819 2693 2020 2758 jenen Jahren auf die treibenden Kräfte des Daseins rechnen
153 2682 835 2770 Ueberschätzung der Kunst und
2002 2736 3193 2798 während der Sohn im Nebenzimmer dichten wollte. Und
828 2738 2003 2795 kann, die immer Neues und Neues hervorbringen an
150 2736 828 2803 s bedeutet, obwol auch diese Idee
2003 2781 3194 2846 er hätte es verstanden, dieser gemüthvolle Sohn, wenn
826 2779 2006 2847 Stelle des Alten, das verloren geht. Aber zwischen Sechzig
136 2795 837 2867 nersten Schauspiel ausgesprochen
2007 2827 3194 2881 seine Mutter ihren Leiden gewaitsam ein Ende gemacht
824 2830 2004 2889 und Siebzig ist es nur mehr ein langsames Absterben.
139 2840 836 2897 nen Namen „Lebendige Stunden“
2005 2868 3203 2928 hätte. Wenn die Mutter das gethan hätte, sagt er, so hätte
827 2884 2010 2942 Man braucht sein Kapital auf. Der Tod eines theuren
148 2874 834 2946 e Cchauspiel, „Die letzten Masken“,
1998 2923 3199 2988 sie recht gethan. Der alte Hausdorfer hat diese Herzens¬
829 2919 2012 2986 Wesens reißt ein Stück, das beste Stück ans dem Leben
150 2919 835 2991 elches man, bei aller Sympathie
2006 2965 3201 3040 ergießungen angehört und hat sie nur durch kurz hin¬
833 2974 2008 3030 heraus, und es bleibt eine Leere zurück, eine unausfüll¬
148 2981 837 3041 ich nicht als eine lebendige Stunde
1997 3011 3195 3078 geworfene Bemerkungen unterbrochen, deren ironischer
824 3002 2014 3077 bare Leere. Darum ist der alte Hausdorfer so ganz in
149 3026 831 3096 wank „Literatur“ endlich, der den
826 3075 3195 3133 seinen Schmerz versunken und hört kaum, was ihm sein Klang andeutet, was in seinem Innern vorgeht. Nun aber
162 3066 852 3150 in der Première allerdings zur
3144 3109 3203 3168 s
147 3115 3126 3187 n das Publicum ihn ganz be= Gärtner Borromäus erzählt von den Pflanzen, die er im kann er nicht mehr an sich halten: und er sagt
185 3167 3221 3253 und beklatschte; aber daran Frühjahre einsetzen wird. Borromäns fragt auch nach heraus, daß die Mutter in der That ihrem Leben
