3436 4320
2068 215 2539 317 box 21/3
1257 248 1298 303 n
269 233 1912 344 16.1. Lebendige Stunen zuklus
1672 1094 2084 1200 elopion 12831.
1250 1207 2478 1286 Alex. Weigl’s Unternehmen für Zeitungs-Ausschnitte
2193 1274 2476 1361 Ausschnitt
1471 1280 2171 1423 „OBSERYER“
2281 1333 2521 1420 Nr. 4
1133 1413 2595 1489 I. österr. behördl. oonc. Bureau für Zeitungsberichte u. Personalnachrichten
1357 1469 2373 1566 Wien, IX/1, Türkenstrasse 17.
1538 1545 2174 1613 Filiale in Budapest: „Figyeló“
1140 1593 2579 1687 Vertretungen in Berlin, Chicage, Genf, London, Newyork, Paris, Rom, Stockholm.
1143 1734 1670 1825 Ausschnitt aus:
1142 1891 1763 1989 vom: 2
1771 1847 2541 2047 asererhcher Gart. hmmme
1570 2320 2221 2409 Theater und Musik.
1388 2378 2462 2472 „(Deutsches Theater.) Von der sehr interessanten
1318 2451 2474 2516 banten Schüssel Schnitzlerscher Einakter, die gestern
1322 2495 2467 2545 gereicht wurde, entsprach das pikate Lustspielchen „Literatur“
1322 2545 2480 2583 am meisten dem Geschmack der Zuschauer. Das gehaltvollste
1318 2580 2465 2654 Stück dagegen, das aus Tragische streifende Schauspiel „Die
1246 2629 2476 2673 5/ letzten Masken“, gefiel offenbar am wenigsten, wenn man
1118 2624 1240 2701 Für
1328 2666 2543 2731 nach der äußeren Aufnahme urtheilen darf. „Die Frau mit ive
1234 2686 1320 2730 10
1245 2721 1328 2768 20
1329 2720 2518 2760 dem Dolche“ ein romantisch bizarrer Einfall, und die gar ?.
1321 2774 2556 2844 zu blutlose Skizze „Lebendige Stunden“ vermochten keine aus.
1173 2744 1230 2824 :
1144 2799 2472 2881 „ 100 tiefere Wirkung zu erzielen. Darstellung und Ausstattung be¬
1328 2849 2057 2900 fanden sich wieder auf gewohnter Höhe.
2329 2847 2575 2906 H.t das
1130 2876 2583 2943 Abonnement durch keine bestimmte Zeitdauer begrenzt; — auch steht es den
1134 2934 2449 2996 Abonnenten frei die aufgegebenen Themen zu ergänzen oder zu ändern.
1243 2978 2575 3070 Der „OBSERVER“ veranstaltet täglich einen Auszg enthaltend die
1134 3054 2561 3101 Inhaltsangabe aller wichtigen Mittheilungen der Wiener Morgen¬
1136 3089 2539 3147 blätter (Tagesjournale ausser „Neue Freie Presse“ und Wiener Zeitung“,
1142 3129 2575 3190 wodurch eine Uebersicht über das gesammte politische und rthschaftliche
1124 3162 2572 3218 Leben des In- und Auslandes in drastischer Kürze geboten wird. Diese Mit¬
1125 3210 2160 3273 theilungen werden in Wien um 9 Uhr Früh verschickt.
1446 3274 2238 3383 Prospecte gratis und franco.
