3484 4224
269 173 2434 277 16.1. Lebendige Stunden zyklus bos 21/5
2580 993 3165 1085 150 Plozent bedacht. Durch
1945 1047 3155 1118 #e Bundesanteile und Umlagen konnte ein Aufwand von
1356 1102 3165 1182 Lstamentsstandpunkt auszu= einer Milliarde gedeckt werden. Der folgende Bedeckungsplan
176 1141 3154 1221 en, kann niemand sagen oder schalten, auf Sonderwünsche zu verzichten und dem Lande das reichte auf 1•7 Milliarden, die Hauszinssteuer war mit 250
725 1261 1939 1344 Leonhard ihr Kommen. Ob auch sie ihn ermorden und ihr
1940 1274 3168 1333 schwermütiger, vereinsamter Pensionist, Graff hätte als junger
155 1264 688 1363 dige Stunden“.
732 1307 1512 1377 Mann daraus ein Stück formen wird?
1943 1323 3160 1378 Schriftsteller wienerischer wirken können, war aber sehr gut
168 1342 738 1423 esthalten, in denen ein Schick¬
808 1345 1941 1433 „Die letzten Masken“ sind die letzte lebendige Stunde
1945 1371 3162 1445 als Arzt. Grieg war das elegante Gegenstüch zur vornehmen
168 1407 734 1469 werden. Im ersten Einalter
729 1387 1935 1480 eines sterbenden Schriftstellers, des Journalisten Rademacher,
1942 1421 3149 1498 Erscheinung des Frls. Dürr im Kunstsalon der „Frau mit
174 1453 730 1514 ite Haushofer um seine lang¬
730 1456 1936 1531 der im Spital nach einem enttäuschten Leben elend zugrunde
1940 1468 3151 1563 dem Dolche“, Alpassi gab ein Meisterstück als lungenkranker
185 1508 729 1574 jungen „Dichters“ Heinrich;
733 1509 1954 1571 geht, während sein unbedeutender Jugendfreund zu Ruhm
1935 1519 2161 1589 Komiker.
2993 1534 3126 1615 S.
173 1553 739 1621 da er unter der Krankheit
729 1556 1950 1640 und Reichtum gelangt ist. In dieser letzten lebendigen Stunde
2777 1602 2836 1668 400
183 1600 739 1675 Sonne die innere Froheit,
736 1609 1932 1677 will er Abrechnung halten mit dem berühmten Alexander
1929 1575 2141 1726 Fries¬
165 1642 743 1721 ben, nahm die kranke Frau
740 1660 1942 1721 Weihgast, ihm ins Gesicht schreien, wie armselig sein Können,
166 1703 733 1774 „Was ist denn deine ganze
728 1699 1938 1777 wie unbegründet sein Ruhm, will ihm offenbaren, daß seine
1928 1718 2088 1805 unter
171 1751 733 1815 größte Genie bist, was ist
736 1761 1942 1824 eigene Frau ihn durchschaut und verachtet, ihn betrogen hat,
1931 1790 2078 1858 gleic
176 1789 728 1869 in der deine Mutter hier
729 1803 1939 1863 aus Ekel vor seiner Unbedeutendheit, mit Karl Rademacher.
1935 1842 2064 1903 nich
163 1842 733 1924 d zu uns geredet hat oder
731 1857 1933 1916 Der Journalist bittet und beschwört den Arzt noch in später
1936 1880 2063 1949 beka
186 1901 730 1964 sie gewesen, — da! Und
727 1901 1944 1975 Nacht, Alexander Weihgast zu rufen. Er kann, er will nicht
1933 1936 2055 2002 nich
173 1941 728 2018 erschüttert von der Mittei¬
724 1949 1938 2025 früher sterben, ehe er ihn gesprochen. Und Weihgast kommt
1934 1978 2055 2048 der
169 1998 732 2073 n wirklich unter der Größe
724 1998 1937 2058 an das Lager des Sterbenden, aber Rademacher schweigt:
1929 2037 2059 2099 mad
169 2046 736 2119 krliebe sich aufzuraffen. „Le¬
733 2063 1932 2114 „Was habe ich mit ihm zu schaffen? Was geht mich sein
1926 2085 2062 2147 blut.
180 2094 725 2162 nicht länger als der letzte,
724 2111 1931 2171 Glück, was gehen mich seine Sorgen an? Was hat unsereiner
1922 2130 2064 2205 gesch
160 2145 731 2213 nicht der schlechteste Beruf,
728 2154 1931 2221 mit den Leuten zu schaffen, die morgen noch auf der Welt
1930 2187 2084 2268 Hern
166 2186 729 2268 en, über ihre Zeit hinaus!“
725 2200 1942 2281 sein werden?“ Zu dieser erschütternden Tragik der Lebens¬
185 2226 726 2314 “ spielt mit dem Gedanken
723 2252 1933 2325 enttäuschung und Todesresignation tritt der grausige Humor
1937 2256 2078 2351 seine
167 2286 738 2368 derkehr des Gleichen. Wir
723 2299 1933 2364 des lungenkranken Komikers Jauwerth, eines heiseren, hüsteln¬
1924 2325 2057 2391 und
158 2344 735 2420 nderen Zeiten, an anderen
724 2358 1923 2413 den, nach Luft ringenden Todeskandidaten, der auch in dieser
1922 2377 2070 2443 noch
162 2398 721 2455 anderer Abwandlung. Pau¬
725 2396 1935 2487 bangen Athmosphäre dem Leben seine heiteren Seiten noch
1922 2423 2083 2513 nehm
156 2438 733 2504 Dichters, der seine und ihre
728 2439 1184 2523 abzugewinnen versteht.
161 2494 731 2564 eiflung, seine Rückkehr, ihr
812 2490 1927 2570 „Literatur", der lustige Epilog des Einakterabends, ver¬
1927 2509 2086 2587 Dezer
163 2547 737 2606 nd alle Glut“ benützte, ein
722 2535 1932 2612 ulkt die Bohéme=Literatur, die Männchen und Weibchen, die
1929 2566 2079 2645 Teil
168 2583 723 2660 mehrhundert Jahren Paola,
724 2595 1930 2674 die ihre erotischen Erlebnisse und Kaffeehausunfälle in ihren
1924 2614 2077 2685 der 9
150 2626 727 2698 tiner Malers Remigio, die
717 2641 1934 2726 Büchern ausschroten. Die Schriftstelkerin Margarete, die der
1931 2660 2100 2741 Komö
152 2696 726 2760 wesenbeit des Mannes aus
725 2701 1927 2761 Münchener Bohsme den Rücken gekehrt und sich dem Sports¬
159 2744 722 2809 der Rückkehr Remigios er¬
723 2740 2106 2834 mann Clemens an den Hals geworfen, hat einen Roman ge¬ frühen
169 2789 724 2856 r als die Zerstreuung einer
715 2791 2098 2894 schrieben, für den sie den Briefwechsel mit dem Kaffeehaus¬ Docht
153 2836 728 2910 Anblick seiner Fra mit dem
719 2834 2109 2935 literaten Hilbert verwendete. Fatalerweise hat auch dieer einen verwar
165 2893 724 2958 e lebendige Stunde, eine Er¬
723 2898 2103 2981 Roman geschrieben, in welchem er dieselben Briefe auswertet.] ist Sch¬
152 2939 726 3013 mels, nun weiß er, wie er
798 2955 2108 3031 Frl. Dürr brillierte als Margarete in reizender, kätz= Legend
154 2991 731 3058 soll. Vor diesem Bilde, der
718 2960 2109 3076 cheuhafter Geschmeidigkeit und war klassisch schön als FrauLyrik i
156 3038 734 3110 der italienischen Renaissance,
723 3048 1944 3124 mit dem Dolche. Otto, ein eleganter Herrenreiter, war einzig
1923 3067 2081 3133 seiten
160 3090 1936 3143 stehen Paula und Leonhard, im Hochgefühl seines geschmeichelten Stolzes, Schich glänzend
156 3134 1991 3241 heranreift. Pauline verspricht als formloser, eingebilbeter Kaffeehausliterat und diskret als
1230 3208 2044 3397 G.+ NCHCCL
1390 3364 1727 3482 3
