3392 4224
1915 221 2412 326 box 2175
221 231 1939 346 16.1. Lebendige Stunden— Zuklus
357 494 970 596 Bezugspreiso
3219 539 3297 611 fül
1680 457 2451 661 Worgen=Musgabe.
534 573 800 656 für Wien:
3167 585 3252 655 Mit
3124 640 3215 694 #mona
401 622 961 697 Mit täglich zweimaliger Zustellung
3121 670 3215 717 oierte
777 646 1009 730 3 K 00 h
637 687 717 730 * * *
330 666 544 732 monatlich
3128 706 3199 749 halt
331 692 1030 784 vierteljährig . . .... . .. 10 K 80 K
3123 728 3211 805 ganz
507 755 827 828 Einzelpreise:
3156 775 3303 826 Mit täg
655 788 1015 853 „ 10 h
328 774 604 859 Morgen=Ausgabe
3117 804 3318 874 vierteljähri
321 817 1024 906 Abend=Ausgabe 4 h
3122 841 3310 893 halbjährig
3126 874 3310 948 ganzjährig
444 888 908 972 Ankündigungspreis:
318 937 1014 1004 Die 6mal gespaltene Nonpareillezeile 16 h; bei
318 982 1014 1045 größeren Aufträgen entsprechender Rabatt. Auf¬
3164 979 3267 1059 Mi
323 1020 1018 1079 träge übernimmt die Verwaltung und Stadt¬
3125 1012 3310 1094 für Gbeusch
334 1053 1012 1127 kanzlei, sowie jede gute Ankündigungsstelle
483 1086 867 1141 des In= und Auslandes.
3072 1054 3321 1152 gören der
1331 1048 2122 1156 Niche
2346 1055 3052 1150 Rung
2235 1083 2353 1182 „
340 1122 999 1208 Schriftleitung und Verwaltung:
342 1182 1016 1256 VIII/1, Buchfeldgasse 6 (Fernsprecher 1334).
328 1229 1027 1309 Stadtkanzlei 1. Riemergasse1 (Fernspr. 1385).
1513 1351 2665 1432 Wien, Donnerstag, 26. Juni.
366 1359 849 1450 Nr. 10949.
2662 1461 3317 1529 L'Arronge (Aronches) mit ei
1487 1469 2665 1548 „Das Stärkere“ von L' Arronge (Aronches) dem Jüngeren,
2656 1511 3318 1589 (Friedmann, Barnay 2c.) gegründ
1498 1520 2661 1589 „Ein glückliches Paar“ von Hermann Faber (Hersch
468 1487 1355 1604 Für den Monat Juli
2667 1561 3315 1633 Dr. Brahm heißt Abrahams
1493 1571 2671 1637 Goldschmidt), „Das große Licht“ von Felix Philippi
305 1588 1494 1663 ersuchen wir, damit in der Zustellung des Blattes
2658 1616 3287 1683 ist jüdisch, seine Hauptkräfte
1500 1620 2666 1684 (Philippsohn), „Ledige Ehemänner“ von Leo Stein und
322 1657 1496 1727 keine Unterbrechung eintrete, um rechtzeitige Er¬
2670 1646 3325 1727 Theater“ des Herrn Blumentha
1488 1674 2666 1746 A. Lippschitz, „Nacht und Morgen“ von Paul Lindau,
2662 1701 3332 1778 mann=Hofer, dem jüdischen Krit
314 1713 1020 1792 neuerung des Bezugsrechtes.
1499 1705 2662 1781 „Die Zwillingsschwester“ von L. Fulda, „Die lieben
2674 1755 3314 1816 blatt“ das Berliner Theater
1494 1767 2661 1834 Feinde“ von Hugo Lubliner 2c. 2c. Alles Jud'! Was
416 1751 1450 1850 *Die Verwaltung der „Deutschen Zeitung“.
2663 1807 3289 1872 Residenz=Theater Siegmund
1500 1811 2671 1879 hat die Firma Letsch auf Lager? „Lebendige Stunden“
2661 1849 3272 1921 Theater Raphael Löwenfeld,
1498 1851 2665 1917 von Schnitzler, „Der Hochzeitstag“ und noch vier andere
2673 1893 3332 1974 die Nukha Butze (Frau Dr. Be
1489 1904 2667 1977 Stücke von W. Wolters (Wolfsohn, Rabbinersprössling), „Die
276 1881 1499 1999 „Die Verjudung des modernen Theaters.
2660 1949 3330 2012 fort bis zum letzten Saaltheater
1487 1954 2672 2040 Collegin“ von H. Katsch, „Das Ewig=Weibliche“ von Misch,
1104 1962 1483 2035 Wien, 25. Juni.
2668 1997 3319 2073 Alles Jud! Die Hoftheate
1502 2008 2679 2073 „König Harlekin“ von R. Löthar (Dr. Spitzer), „Der
410 2006 1499 2100 Wie wir vernehn, wird im Niederöster¬
2666 2046 3321 2110 rein von diesen Elementen
1496 2058 2666 2113 Leibalte“ von Lothar Schmidt (Levy Schmolkes!), „Man¬
323 2062 1508 2136 reichischen Landtag ein Antrag eingebracht
2677 2093 3324 2163 namentlich in der Leitung un
1504 2099 2674 2161 danika“ von Julius Freund, Musik von G. Lazarus 2c.
318 2122 1507 2190 werden auf Subventionierung eines Wiener Theaters
2677 2130 3317 2224 Bühne allerdings blüht das
1500 2137 2681 2215 Alles Jnd'! Und was kündigt der Wiener Verleger
319 2162 1511 2242 zum Zwecke der Pflege der heimatlichen historischen
2761 2192 3324 2265 Au den Wiener Hofbühn
1507 2190 2678 2262 Dr. O. F. Eirich an? „Der Gemeine“ von F. Salten
320 2204 1505 2280 Dichtung. Das ist nur wärmstens zu begrüßen. Jeder
2672 2223 3316 2299 servative Princip gerade in
1509 2242 2679 2319 (Salzmann), „Nach Sibirien“ von Lippschitz, „Der Weg
324 2261 1506 2335 Beweis von Theilnahme unserer öffentlichen Körper¬
2666 2282 3332 2349 brochen und auch in den Priva
1512 2289 2678 2372 zum Licht“ von G. Hirschfeld, „Die Lügenbrücke“ von
332 2307 1414 2386 schaften für die Kunst ist ein cultureller Fortschritt.
2676 2336 3324 2396 Verschiebungen nach dem Osten
1502 2326 2676 2434 Raoul Auernheimer, „Liese Grubener“ von Ludolf Wald¬
417 2361 1514 2433 Das große deutsche Publicum hat so gar keine
2675 2384 3305 2458 director hat einen Dr. Rosenl
1508 2389 2675 2455 mann, „Fee Caprice“ von O. Blumenthal, „Der letzte
337 2386 1507 2463 Ahnung von der Wandlung, die sich im deutschen Theater¬
2673 2429 3314 2502 Nachfolger Herbecks und Jah
1512 2437 2689 2509 Knopf“ von Gans v. Ludassy, „Bartel Turaser“ von
336 2458 1513 2527 leben, das ehedem die Ideale pflegte, allmählich vollzogen
2678 2468 3322 2553 Mahler, und auch in der
1508 2479 2675 2561 Langmann, „Der Herr im Hause“ von Paul Lindau,
332 2509 1516 2576 und die dasselbe zu einer Tribüne des internationalen
2680 2520 3328 2598 sich ähnliche Wandlungen vor
1509 2536 2680 2615 „Das gewisse Etwas“ von Leo Stein und Weinberger,
339 2554 1513 2633 Judenthums gemacht hat. So wie die Presse der ganzen
2664 2582 3324 2650 früher im Deutschen Volksthea
1509 2566 2676 2653 „Das süße Mädel“ von Stein, Landesberg und Reinhard
335 2607 1512 2662 Welt dem Judenthum dienstbar ist, so ist es heute auch
2675 2622 3334 2706 stillen Compagnon gehabt, jetzt
1510 2629 2680 2705 (Stern), „Der rothe Kosak“ von Louis Hermann, Hirschel
323 2647 1515 2721 das Theater aller Völker, und man wird nicht länger die
2674 2673 3329 2751 den Herrn Weisse. Auf dem
1505 2681 2682 2748 und Holländer, „Der Spatz“ von Buchbinder, „Der neue
327 2694 1508 2764 Augen verschließen dürfen vor der Gefährlichkeit dieses
2682 2718 3323 2800 Jauner im Carl=Theater sitzt
1506 2743 2680 2801 Simson“ von C. Karlweis (Karl Weiß), „Die neue
338 2751 1512 2819 Zustandes. Auf allen Gebieten ist bereits ein Rück¬
2677 2766 3318 2842 Müller!) und Fräulein v.
1508 2775 2682 2838 Richtung“ von Engel und Brociner 2c. 2c. Alles Jud'!
339 2810 1501 2867 schlag gegen die Bestrebungen des internationalen Juden¬
2681 2822 3307 2893 Eigenthümerin und Directorin
1508 2831 2679 2892 Ist etwas aus dem Französischen, hat es ein Rappaport
327 2841 1516 2916 thums erfolgt, und auf dem Gebiete der Kunst und
2666 2872 3322 2940 verkaufte das Haus an die Jul
1510 2870 2691 2938 übersetzt, stammt es aus dem IItalienischen, heißt der
324 2893 1512 2956 Literatur muss ein solcher ebenfalls erfolgen, wenn die
2689 2923 3333 2996 und diese verpachteten es an ###
1509 2912 2691 2985 Uebersetzer Eisenschitz, kommt e Werk Calderons zu
331 2939 1519 3009 sich immer mehr ausbreitende unheimliche Umklammerung
2683 2972 3309 3042 Die altwienerische Volksbühne
1514 2967 2681 3034 Wort, hat es ein Adler übertragen, entdeckt man einen
330 2977 1519 3059 der arischen Völker durch Israel vereitelt werden soll.
2680 3018 3321 3086 den jüdischen Theateragenten
1516 3020 2682 3091 holländischen Dichter für die deutsche Bühne, so heißt er
325 3049 1521 3101 Der Jude schreibt und dichtet in allen Sprachen, er
2676 3070 3302 3138 französischen Repertoire kam,
1511 3064 2685 3139 Heyermans („Die Hoffnung") und ist ein Inde. Das
340 3100 1518 3156 trägt die Maske eines jeden Volkes, bei dem er zu
2684 3110 3317 3180 (Kohner!) einen Director, der
1520 3110 2679 3190 ganze deutsche Volk hat gegenwärtig nicht zehn christlich¬
344 3136 1521 3205 Gaste ist, er spielt in allen Sprachen Komödie, und will
2669 3152 3336 3244 Pserhofer als Geldmann hinte
1512 3158 2690 3233 arische Dramatiker, deren Werke von der verjudeten
332 3195 1521 3251 nirgends er selber, sondern ein anderer scheinen. Es ist
2675 3201 3316 3292 theater im Prater kam von d
1522 3197 2685 3278 Presse, den jüdischen Agenten oder den jüdischen Direc¬
336 3234 1528 3307 denn auch nichts schwieriger als ein Versuch, den Juden
2682 3258 3109 3344 Herrn Ranzenhofer.
1522 3263 2685 3335 toren poussiert werden. Und jedes ideale Streben ist er¬
340 3281 1522 3344 überall zu demaskieren. Nur mit Hilfe der polizeilichen
2763 3285 3327 3367 Hier ist der Sitz des Ueb
1513 3301 2694 3385 loschen in unseren Bühnendichtern, weil keiner beachtet
327 3330 1523 3393 Meldungsämter aller Nationen könnte man eine bei¬
2684 3353 3329 3431 freigebig mit Theaterconcession
1512 3359 2682 3438 wird, der nicht nach dem Geschmack derer schreibt, die
347 3378 1521 3441 läufige Statistik jenes internationalen Judenthums ver¬
2682 3406 3326 3488 nicht darauf gesehen wird, dis
1516 3410 2299 3483 das Theater nun einmal beherrschen.
349 3421 1523 3500 suchen, das sich in den Körper der arischen Wirtsvölker
2676 3453 3328 3528 und allen einflussreichen Po
1611 3442 2682 3520 Und wie sieht es mit den Schauspielern und Sängern
348 3466 1530 3558 eingefilzt hat und allmählich an der Zerstörung desselben
2692 3501 3325 3578 Kunstinstituten fern zu halten,
1523 3517 2693 3585 aus? Das Publicum wäre sehr erstannt, wenn man bei
334 3531 551 3601 arbeitet.
2685 3542 3326 3622 Geschmack, der jüdische Geist
1520 3581 2694 3632 all seinen „Lieblingen“ die Masken lüften wollte! Nur
440 3554 1519 3636 Ein nicht zu unterschätzendes Gebiet für die Wirk¬
2691 3601 3328 3678 beim Theater blühen. Heute w
1517 3608 2694 3681 eines kann uns in Wien trösten über diesen Zustand: in
344 3610 1525 3691 samkeit des jüdischen Geistes ist allmählich das Theater
2691 3642 3291 3709 dise es niemals in
1527 3659 2694 3726 Berlin ist es noch schlimmer, dort sind die Bühnen fast
337 3672 1515 3760 geworden. Nehmen wir eines der großen Berliner
2687 3686 3324 3773 künstlich gezüchtet und mit H
1527 3702 2697 3773 ausnahmlos in Judenhänden, und die Künstler sind fast
348 3710 1514 3781 Theateragentenblätter zur Hand wir finden nur Stücke
2683 3734 3327 3816 aufsjede Weise gefördert, und
1521 3764 2691 3823 durchwegs Juden. Nur dadurch ist es erklärlich,
341 3766 1526 3844 jüdischer Autoren angepriesen, blättern wir im Theater¬
2691 3788 3332 3871 fühlt im Besitze des deutschen
1523 3807 2707 3873 dass der Naturalismus, die Darstellung des
337 3805 1519 3880 almanach, so finden wir unter tausendfältigen Masken die
1525 3841 3328 3922 Gemeinen, von Berlin seinen Ausgangspunkt ge= allen Ecken und Enden auch der
348 3870 1530 3928 Juden, zählen wir die Directoren, wir finden 90 Percent
2692 3884 3329 3959 der Censur erhoben. Fällt
1517 3901 2706 3971 nommen. Was uns z. B. das „Deutsche Theater“ aus
342 3915 1527 3988 Juden unter ihnen. Was hat die Berliner Firma Bloch
1523 3943 3322 4017 Berlin alljährlich in Wien darbietet, ist specifische Judenthum, dem die Presse
353 3972 1519 4032 auf Lager für die deutschen Bühnen? „Ledige Leute“
352 3983 3332 4106 von Dörmann, „So leben wir“ von Leon Leipziger, Judenkunst. Diese Bühne wurde seinerzeit von Verfügung steht, ein Machtmitt
