3436 4384
2144 165 2599 260 box 21/3
340 168 1991 246 16.1. Lebendige Stundenzyklus
1347 504 1793 581 Telephon 12801.
964 599 2194 678 Alex. Weigl’s Unternehmen für Zeitungs-Ausschnitte
1766 648 2199 764 Dee Ausschnitt
812 591 1073 809 4100
1197 714 1861 808 „O BSLNVEN
2021 716 2268 800 Nr. 86
851 801 2298 867 I. österr. behördl. conc. Bureau für Zeitungsberichte u. Personalnachrichten
1082 858 2082 930 Wien, IX/1, Türkenstrasse 17.
1267 917 1904 996 Filiale in Budapest: „Figyelö“ -
862 976 2309 1068 Vertretungen in Berlin, Chicago, Genf, London, Newyork, Paris, Rom, Stockholm.
877 1052 2419 1203 Aussehntt aus: ite dere Va###
1720 1212 2108 1323 Mu
868 1273 1447 1392 Vord // 2 720 2-
1115 1475 2101 1621 Cheater, Kunst, Litteratur.
1255 1589 1943 1685 Kgl. Residenztheater.
1181 1638 2087 1724 Arthur Schnitzler einer der führenden, der
1096 1681 2089 1767 sogenannten Wiener Schule bereicherte neuerdings die Bühnen¬
1109 1730 2089 1804 litteratur mit vier neuen Stücken d. h. eigentlich sinds nur
1108 1771 2087 1834 zwei, denn die zwei ersten des gestern Abend aufgeführten
1104 1812 2079 1872 Cyklus fielen regelrecht durch, und selbst „Letzte Masken“
1110 1850 2085 1924 und „Litteratur“ dürfen bei weitem nicht an des
1107 1888 2089 1956 Dichters „Liebelei“ oder „Anatol“ heran. In den
1097 1929 2089 1997 „Lebendige Stunden“ hat sich Schnitzler eine Auf¬
1097 1964 2084 2037 gabe gestellt, die über seine Kräfte geht. Der Inhalt ist
1100 2000 2086 2077 folgender: Eine Dame von ihrem ersten Manne getrennt
980 2020 1108 2101 50 2
858 2027 979 2098 Für
1105 2044 2275 2121 lebt in inniger Freundschaft und Zuneigung mit ihrem inclusive
970 2079 1069 2124 100
1094 2071 2080 2154 Sohn im Hause ihres zweiten Gatten. Siechthum das in
2089 2103 2252 2150 Porto.
969 2115 1018 2164 2
1092 2117 2259 2183 seinen Erscheinungen lähmend auf die Schaffensfreudigkeit Zahlbar
973 2157 1062 2203 500
1086 2155 2278 2238 des Sohnes, der ein Dichter ist, einwirkt, veranlaßt die in Voraus.
889 2179 1082 2268 „ 1000
1098 2198 2072 2256 Mutter ihr Ende zu beschleunigen d. h. sie trinkt das
977 2244 1085 2297 Im
2071 2230 2305 2299 tte ist das
1085 2244 2064 2314 Opiumfläschchen vollständig aus und stirbt. Die Frau
864 2282 1096 2339 Abonnemen
1111 2283 2069 2342 wird beerdigk, und es erfolgt nun zwischen dem Vater, der
2079 2286 2322 2343 tcht es den
861 2325 1103 2387 Abonnenten
1103 2320 2065 2392 ein Mann der Wirklichkeit ist und dem Sohne dem Dichter
2067 2327 2183 2395 lern.
1087 2368 2064 2431 eine lange Auseinandersetzung, in welcher beider Anschauungs¬
987 2402 2311 2468 Der weise über die Wirklichkeit der Trauer vollständig entgegen= haltend die
862 2428 1095 2501 Inhaltsang
2011 2451 2297 2500 Morgen¬
1095 2441 2089 2538 pefepungenmuge-sefit. Die ganze Art des Stoffes sowte
865 2488 1092 2541 blätter
2081 2489 2305 2538 Zeitung")
1100 2473 2311 2588 seine Behandlungsweise eignen sich eher zu einer Novelle, I schaftliche
872 2529 1083 2577 wodurch e
1092 2512 2069 2616 denn zu einem Theaterstück; auf der Bühne dürfte es sich
859 2562 1078 2618 Leben des
2077 2559 2326 2629 Diese Mit¬
1089 2547 2061 2660 kaum lange halten. — Auch das zweite Stück bereitete uns
857 2604 1074 2668 theilungen
1090 2588 2064 2706 keinen so rechten Genuß. Irgend ein Dich er, der eine sehr
1090 2630 2056 2725 schöne von Männern geseierte Frau besitzt, begeht die kaum
1071 2666 2053 2772 glaubliche Geschmacklosigkeit, die intimsten Vorgänge, seines
1076 2715 2053 2810 und seiner Frau Eyeleben auf die Bühne zu bringen. Seine
1073 2735 2059 2860 Frau gibt ihrem Liebhaber in der Gallerie ein Rendezvous
1074 2785 2057 2910 und entdeckt in dem Bilde die Frau mit dem Dolche (daher
1067 2815 1997 2914 der Titel des Stückes) eine große Aehnlichkeit mit sich. —
1066 2845 2049 2967 Die Szene wechselt, die Dame ist die Frau eines berühmten
1063 2901 2044 3002 Malers des 15. Jahrhunderts und hat während der Ab¬
1061 2935 2037 3034 wesenheit ihres Mannes demselben mit ihrem Liebhaber die
1060 2982 2048 3087 eheliche Treue gebrochen. Der Gatte kommt heim, sie klagt
1049 3016 2042 3134 sich an, der Liebhaber will einen Zweikampf erzwingen, das
1053 3057 2046 3157 lödtet ihn die Frau mit dem Dolche. Ruhig, als ob nichts
1049 3093 2032 3207 geschehen wäre, greift der Meister zur Palette, glücklich lächelnd
1054 3141 2028 3231 endlich den Ausdruck der Züge gefunden zu haben, den er
1047 3178 2023 3274 so lange vergeblich für sein Bild gesucht. Wiederum ver¬
1033 3201 2018 3323 dunkelt sich die Szene. Die beiden sitzen immer noch vor
1032 3255 2020 3358 dem Bild und das Weib des Dichters sagt ihr Erscheinen
1040 3293 2026 3402 zum begehrten Stelldichein zu. — „Letzte Masken“ nennt
1028 3319 2017 3422 sich das dritte Stück und hier kommt Schnitzler schon eher
1027 3369 2020 3470 auf seine Kosten. Zwei Schriftsteller waren Freunde, doch
1027 3407 2020 3508 wie's im Leben geht, der eine kam hoch, obwohl er innerlich
1028 3443 2008 3544 ein hohler Geselle war, der andere ein tüchtiger Kerl, endet
1026 3488 2011 3585 schließlich sein Dasein im Spital. Er fühlt sein letztes
1016 3511 2009 3627 Stündchen gekommen und möchte dem ehemaligen Freunde
1023 3551 2004 3663 noch einmal aus rechtem Herzensgrund sagen, wie sehr er
1010 3595 2004 3703 ihn verachtet. Es kommt jedoch ganz anders, nachdem sie
1008 3637 2004 3733 einander gegenüber sitzen. Der Reiche klagt dem Armen
1002 3675 1990 3782 wie so herzlich wenig er von seinem Ruhm habe und letzterer
1000 3711 1993 3824 vermag es nicht mehr seinen Vorsatz auszuführen. Jener geht
1007 3741 1989 3857 und dieser stirbt. Am meisten Beifall hatte der vierte Ein¬
996 3803 1995 3908 akter „Litteratur“. Schnitzler nannte es Lustspiel.
995 3840 1989 3939 Derbe Satire wäre wohl besser gewesen. Eine Frau, die
996 3880 1969 3973 eine etwas bewegte Vergangenheit hat, steht im Begriffe,
989 3905 1975 4012 sich mit einem Baron, den sie in München kennen gelernt
995 3950 1981 4050 hat, zu verheirathen. Dieser Baron hat gegen alles eine
982 3983 1970 4084 Abneigung was mit Litteratur zusammenhängt, ausgenommen
980 4024 1979 4128 vielleicht, die Sportberichte. Diese Frau macht das Ge¬
981 4065 1550 4135 ständniß, einen Roman geschrieb
