3436 4384
2139 121 2583 228 box 21/3
328 119 1987 226 16.1. Lebendige Stunden—Zuklus
1167 862 1276 956 44
1689 876 2097 970 Münchner Rundschau.
1154 981 2631 1066 und zumal die hohlen „letzten Masken“ endlich hinweggenommen, die uns den Dichter so
1168 1032 2625 1114 gern verbergen wollten als das, was er in Wahrheit nun doch einmal ist und bleibt: nämlich
1160 1075 2620 1164 als ein Wiener Café=Haus=Litterat und Litteraturgigerl, das auch als Arzt (seines Zeichens)
1169 1123 2618 1216 von der ganzen, großen Welt nichts Anderes als nur immer wieder das Künstler= und Feder¬
1162 1185 2626 1270 helden=Milieu zu sehen und zu kennen scheint. Das relativ Tiefste und Beste daran war wohl
1163 1226 2616 1315 noch die Szene im Wiener Allgemeinen Krankenhaus mit ihren unheimlichen Schlag¬
1153 1275 2625 1358 schatten. Im Übrigen deucht mir nicht: die Stellung des Künstlers zum Leben, dessen
1152 1310 2622 1413 Beobachtung und Verwertung seitens des Artisten, bis zur herzlosen Aufzehrung, das einzig
1158 1358 2623 1462 Gemeinsame all dieser vier Einakter zu sein; vielmehr bildet ein tertium comparationis
1158 1418 2619 1505 nebenher auch noch das Thema: „Rivalen!“ — Herrn von Possart aber erinnern wir nach
1151 1456 2614 1542 Vorführung dieser niedlichen kleinen Schauspiele mit ihrem windigen Inhalte von höchst
1148 1512 2612 1603 lockeren Sitten nachdrücklichst wieder einmal an die „jugendlichen Prinzessinnen des
1143 1575 2615 1651 Kgl. Hauses, deren gelegentlichen Theaterbesuchen ein Münchner Intendant der Kgl. Hof¬
1145 1610 2000 1703 #theater unbedingt Rechnung zu tragen habe“. ...
1257 1696 2610 1798 Herr von Possart, er hut inzwischen sein Abiturienten=Examen als waschechter
1153 1780 2601 1852 „Wagnerianer“ glänzend vor aller Veit abgelegt, will sagen: die vier Abende seines
1145 1808 2599 1886 rhetorischen „Nibelungen=Zyklus“ nun auch glücklich „absolviert“. Wir hatten Gelegenheit,
1141 1856 2604 1942 dieser sensationellen „Vorlesung mit verteilten Rollen“ beizuwohnen, bei der es gelegentlich
1141 1907 2590 1996 (z. B. bei Alberichs Fluche) sogar bis zur italienischen Oper, d. h. zum Losbrechen des
1145 1957 2596 2036 Applauses bei offenem — Munde kam, und hatten zudem das aparte Vergnügen, einem
1142 1992 2589 2095 kritischen Nachbar in sein Zensierbüchlein über die Achsel zu gucken. Was wir da „notiert“
1148 2060 2588 2137 fanden, entsprach so ungefähr auch unseren eigenen Eindrücken und persönlichen Empfin¬
1138 2110 2578 2196 dungen von der Sache: Oratorische Leistung und Kunststück der physischen Ausdauer —
1137 2153 2607 2244 Note 1“; plastisches Auseinanderhalten, individualisierende Charakteristik der redenden
1136 2187 2597 2284 Gestalten und handelnden Personen — 1 2; Kongruenz des deklamatorischen Ethos
1132 2264 2599 2334 und Pathos mit dem musikalischen Melos — 3; endlich innere Wahrheit der Diktion
1127 2307 2597 2375 und Echtheit des Vorgetragenen, des Kunstwerkes wie des Künstlerischen — 4/3. Alles
1128 2338 2595 2432 in Allem zum Mindesten ein vollkommen überflüssiges Unternehmen — genau wie beim
1131 2403 2598 2481 Münchner „Prinzregenten=Theater“: reichlich um 25 Jahre zu spät! Hätte Ernst von
1137 2451 2594 2531 Possart damals, vor jener Zeit, das Organ und die Erkenntnis für die Dichtung als
1136 2486 2581 2574 solche besessen, wir hätten es ihm als eindrucksvoll=wirksamen Vorstoß in die Welt der
1125 2556 2587 2621 „Litteraten“ vielleicht aufrichtig gedankt. Heute, da wir vor den verheerenden Wirkungen
1126 2598 2591 2673 des Fischer'schen Klavier=Wagner hier in München bereits stehen (denn auch heuer
1124 2622 2590 2711 blieb dieser Abend der Kritik wieder nicht geschenkt!) — da wir sein Publikum im
1127 2703 2584 2777 „Künstlerhaussaale“ gesehen und dessen kritiklose, rein physiologische Hingabe an den
1120 2745 2575 2805 Nervenreiz „Wagner“ wie an solche Brutalisierung der Partitur zum rohesten Elementar¬
1116 2772 2585 2878 Effekte beobachtet haben: heute begreifen wir höchstens, wie ein Nietzsche — zur Abfassung
1122 2850 2584 2922 seines „Fall Wagner“ gelangen konnte. Der thörichte „Wagnerianer“ als Musikfex und
1117 2890 2574 2979 dekadenter Leitmotiv=Duseler war hier im Grunde gemeint, nicht aber der „Meister“
1122 2924 2158 3025 selbst, so viel auch gegen diese Auffassung sonst sprechen mag.
1229 3009 2568 3123 Überhaupt, es war eine Woche zum Erbarmen und Herzerweichen — oder, sagen
1123 3083 2569 3159 wir männlicher: zum „Falsch=werden“ für den ehrlichen Kritiker; denn auch in der
1119 3146 2562 3220 „Musikalischen Akademie“ sollte er anläßlich der dortigen Vorführung von R. Strauß'
1112 3176 2582 3245 „Also sprach Zarathustra“ einen der ärgerlichsten, skandalösesten Eindrücke seines kritischen
1109 3224 2584 3319 Erinnerns noch erleben, der ihn flugs alles wieder hübsch abbitten ließ, was er noch
2741 -1 2859 81 K
