3484 4320
282 176 2462 271 16. 1. Lebendige Stunden Zyklus bos 21/5
535 1196 1481 1270 gung haden Ministeriam und Tesjernar s0e —..
1621 1310 3368 1360 alt geworden, und plauderten miteinander. Da starb die Hof¬! So wie der Frühling wieder
434 1330 1615 1427 „Lebendige Stunden“, vier Einakter von
2792 1345 3373 1406 wieder blüht, so pulsiert das
1605 1336 2800 1415 ratswitwe und mit dem Augenblicke schien es Haushofer, als
2798 1395 3364 1460 kümmert sich nicht um die S
1610 1385 2793 1450 wäre ein Stück seines Seins mit dahingegangen. Nun kommt ein
501 1392 1264 1489 T Artüt Schnitzler.
2794 1431 3364 1497 sehr schön, aber streng lyrisch
1615 1433 2802 1503 großer Tag, zum erstenmale wieder sucht ihn der Verstorbenen
497 1459 1551 1520 (Gastspiel des Hofburgtheater=Ensembles am 20. Mai 1904.)
2803 1473 3359 1549 Auseinandersetzung zum Lesen
1621 1482 2801 1547 Sohn, Heinrich, seines Zeichens ein Dichter, auf. Die Hof¬
2801 1525 3375 1588 deshalb hat auch dieses St
1608 1520 2792 1589 rätin hat ihrem alten Freunde einen Brief hinterlassen mit
591 1520 1623 1592 Sudermann hat sie in die Mode gebracht, die Einakter¬
2793 1569 3364 1634 und nirgends Erfolg gehabt
1608 1556 2807 1629 einem großen Geheimnisse. Sie hat sich selbst den Tod gegeben,
422 1563 1631 1624 zyklen, bei denen mehrere einzelne einaktige Schauspiele einen
2799 1615 3366 1680 Gäste Recht gehabt, es einfach
433 1617 1624 1671 vollen Theaterabend ausfüllen und die durch eine gemeinsame
1611 1600 2806 1673 sie hat Morphium genommen, und zwar aus Liebe zu ihrem
2904 1654 3370 1719 Auch das zweite einakt
426 1654 1618 1716 Grundidee verbunden sind, mit seinen „Morituri“. Es folgte
1614 1667 2808 1714 Sohne, denn sie wußte, daß sie einem schweren Siechtum ent¬
2792 1682 3373 1759 dem Dolche“ scheint uns
425 1704 1616 1765 dann Erich Hartlehen mit „Die Befreiten“ (aus denen wir hier
1620 1702 2793 1762 gegenging und daß ihre lange Krankheit dem geliebten Jungen
2804 1736 3360 1809 Pauline ist die Frau eines
1618 1735 2798 1804 alle Lebenskraft und Schaffensfreude nehmen, ihn zur Untätigkeit
427 1738 1629 1803 den „Abschied vom Regiment“ zu sehen bekamen), ferner Paul
2798 1779 3357 1855 immer treu geblieben, dem
1616 1785 2793 1845 verurteilen müßte; dem Leben des Sohnes bringt sie nun ihr
423 1776 1617 1848 Busson mit den „Ruhmlosen Helden“ und schließlich Artur
2805 1819 3364 1895 hat. Aber sie flirtet doch m
1616 1826 2793 1888 Leben als Opfer hin. Aber Haushofer zürnt ihr ob dieser
435 1833 1622 1914 Schnitzler, der schon mit seinem „Anatol“ und seinem
2793 1863 3361 1939 sich mit ihrem Geliebten in
1620 1876 2797 1934 Mutterliebe, denn dabei hat sie nicht an ihn gedacht, dem sie
431 1880 1615 1950 „Reigen“ eine ganze Reihe dramatischer Szenen miteinander
2796 1918 3359 1980 er in sie und erbittet sich ein
1610 1925 2808 1989 noch jahrelang vielleicht eine geliebte Freundin hätte sein können
428 1922 1619 1989 verbunden, mit den vier Stückchen, die er „Lebendige
2796 1960 3363 2030 der glänzenden Premiere eine
1615 1960 2798 2024 und aus Aerger darüber, wirft er die Wahrheit brutal dem
441 1967 1613 2018 Stunden“ benannte. Artur Schnitzler ist heute einer der
2799 2008 3358 2060 dieser Mann sein Verhältnis
1628 2003 2794 2061 Sohne in das Gesicht, er liest ihm den Brief vor und
426 1998 1621 2081 talentiertesten und auch erfolgreichsten österreichischen Dramatiker.
2787 2039 3365 2118 verarbeitete, daß jeder Beka
434 2039 1614 2111 Auf unserer Bühne haben wir von ihm bisher bloß ein einziges
1612 2048 2795 2117 Heinrich ist im ersten Augenblicke ganz geknickt Dann aber
2790 2096 3367 2154 konnte. Er macht ein neue
1613 2100 2808 2165 rafft er sich wieder auf, die Tote ist nun tot, für ihn heißt es
433 2099 1609 2165 Stück, dieses allerdings ziemlich oft gesehen, „Liebelei“ jenes
1567 2121 1621 2176 2
2803 2134 3369 2203 Gattin, behauptet Leonhard
1620 2140 2796 2194 weiter leben und weiter schaffen, um zu beweisen, daß seine
429 2132 1616 2204 Stück, welches die echt wienerische Figur des „Süßen Mädels“
2792 2183 3341 2250 für ihn nichts anderes als
1611 2174 2802 2236 Mutter nicht umsonst für ihn gestorben. Da sagt der alte
424 2178 1615 2250 in die Literatur eingeführt hat. Seinem „Freiwild“ hat fast
2802 2228 3343 2294 sein Genie zu zeigen, und
1619 2230 2803 2288 Haushofer vorwurfsvoll: „Heinrich! Vor einem Monat hat
440 2227 1620 2288 in ganz Oesterreich die Zensur aus zarter Rücksichtnahme für
2795 2263 3350 2333 dem Pöbel preis. Trotzdem
1608 2266 2807 2335 deine Mutter noch gelebt, und du kannst so reden? Für dich
434 2271 1618 2332 das Militär den Zutritt zu den weltbedeutenden Brettern
2794 2305 3354 2370 bleiben zu wollen, und weis
1611 2311 2802 2369 hat sie sich umgebracht, und du gehst hin und schüttelst es von
433 2303 1613 2383 versperrt und an die späteren Stücke, „Das Vermächtnis“,
2796 2355 3366 2425 Augen auf ein altes Bild a#
1621 2347 2808 2427 dir ab? Und in ein paar Tagen nimmst dus vielleicht hin,
426 2350 1617 2419 „Der Schleier der Beatrice“ und an die vier Einakter, welche
2791 2401 3361 2466 Frau, die einen Dolch hoch
1618 2385 2795 2463 als wäre es ihre Schuldigkeit gewesen? Hab ich nicht Recht;
426 2410 1617 2469 unter dem Titel „Der grüne Kakadu“ zusammengefaßt sind
2791 2439 3357 2501 Frau mit dem Dolche sieht i
1609 2449 2804 2511 seid Ihr nicht einer wie der andere? Hochmütig seid Ihr — das
426 2451 1621 2509 (es ist dies eine rein äußerliche Bezeichnung, nämlich der Titel
2788 2492 3358 2539 Anblick dieses Bildes versun
1620 2485 2804 2543 ist es; hochmütig, alle die Großen wie die Kleinen! Was ist
434 2493 1622 2558 des letzten von ihnen), hat sich unser Theater eben so wenig
2800 2533 3360 2595 visionären Traume die Geschi
1615 2528 2791 2586 denn deine ganze Schreiberei und wenn du das größte Genie
431 2527 1615 2598 herangewagt wie an sein letztes „Der einsame Weg“ obgleich
2789 2569 3363 2641 Der Schauplatz verändert sich
1618 2564 2809 2643 hist, was ist sie denn gegenso eine S unde, so eine lebendige
418 2562 1617 2648 insbesondere „Das Vermächtnis“ wohl in Linz günstige Auf¬
2795 2619 3354 2684 das, was Pauline im Geist
1622 2607 2799 2676 Stunde, in der deine Mutter hier auf den Lehnstuhl ge¬
422 2630 1616 2684 nahme finden würde. Einem Burgtheatergastspiel danken wir
2795 2656 3350 2731 plötzlich vor uns: ein Maler
1616 2653 2797 2714 sessen ist und zu uns geredet hat, oder auch geschwiegen — aber
434 2666 1621 2738 nun die Bekanntschaft mit den „Lebendigen Stunden“ wenn¬
2797 2698 3357 2770 Paola, die Frau des großen
1623 2711 2803 2765 da ist sie gewesen — dal und sie hat gelebt, gelebt!“ Heinrich
432 2713 1612 2768 gleich vieselbe keine vollständige wurde, weil die Wiener Gäste
2800 2740 3360 2817 seiner Abwesenheit dessen Sch
1612 2754 2800 2809 aber antwortet ihm: „Lebendige Stunden? Sie leben doch nicht
438 2757 1611 2816 den ersten Einakter, der gleichfalls den Titel „Lebendige Stunden“
2794 2779 3346 2859 Aber beim Erwachen aus
1613 2791 2804 2855 länger als der letzte, der sich ihre erinnert. Es ist nicht der
436 2788 1627 2860 führt, wegließen. Wir haben schon einmal gesagt, nicht zum
2792 2839 3340 2899 daß sie sich weggeworfen
1619 2817 2799 2897 schlechteste Beruf, solchen Stunden Dauer zu ver¬
436 2845 1609 2899 Schaden des Ganzen, denn das dramatische Viergespann Schnitzlers
2792 2878 3358 2946 Gatte, der große Künstler, ül
2439 2885 2797 2945 Leben Sie wohl,
1616 2873 2457 2953 leihen, über ihre Zeit hinaus. —
423 2879 1622 2939 besteht aus zwei gelungenen und zwei minder gelungenen
2791 2930 3350 2984 Und als Remigio zurückkehrt
433 2929 1614 3002 Teilen. Zu den letzteren gehört „Die Frau mit dem Dolche“
1612 2925 2803 2982 Herr Haushofer. Ihr Schmerz gibt Ihnen heute noch das
2797 2970 3353 3017 bruches vor dem Gatten an.
1621 2969 2805 3027 Recht, mich mißzuverstehen. Im Frühjahr, wenn Ihr Garten
431 2975 1290 3040 und das Eingangsstück „Lebendige Stunden“
2791 3009 3354 3067 Lionardo zu armselig für sei
1624 3018 2800 3075 aufs neue blüht, sprechen wir uns wieder. Denn auch Sie
548 2995 1616 3084 Das einaktige Schauspiel „Lebendige Stunden“
2795 3054 3347 3109 ihn zu erheben, weist er ihn
1609 3058 1905 3132 leben weiter“
432 3064 1623 3122 bringt uns nichts als einen räsonierenden Dialog. Der alte
2793 3108 3353 3157 steht dieser in den Augen P#
1720 3082 2796 3150 Man sieht eine interessante Gegenüberstellung: die gebende
427 3114 1618 3161 pensionierte Beamte Haushofer, der seit Jahren draußen in der
2795 3149 3351 3195 den Dolch, der im Atelier lich
1608 3142 2806 3196 Liebe des Alters und die Liebe der Jugend, die Opfer verlangt
427 3151 1622 3202 Vorstadt ein kleines Gärtchen hegt und pflegt, hat eine große
2798 3188 3351 3250 Leib, daß er tot zusammen
430 3177 2805 3255 Liebe gehabt in seinem Leben, die Frau Hofrätin. Sie kam und nimmt, ohne weiter zu fragen. Schließlich hat das Lebende,
430 3239 3354 3282 immer zu ihm hinaus und da saßen sie beisammen, beide schon das Seiende Recht und nicht das Tote und das Vergangene. dem Augenblicke der Maler,
