3436 4224
1466 85 2586 154 ene
1453 133 2597 186 auch seinen Schmerz seiner Kunst dienstbar zu machen. Ein
1449 177 2588 237 junger Poet erfährt nach dem Tode seiner Mutter, daß diese, die
1441 227 2598 266 an schwerer Krankheit litt, ihren Tod mit eigener Hand
1437 270 2598 328 beschleunigte, weil sie durch ihr Leiden die Schaffenskraft des
1441 307 2601 387 Sohnes gehemmt sah. Ein pensionirter Beamter, der einst die
1433 354 2591 419 Todte geliebt hat, klärt den Sohn in brutaler Weise über das Ge¬
1441 397 2598 457 heimniß auf. Aber es sind nur Typen, die da miteinander reden, keine
1442 448 2589 503 Menschen von individuellem Gepräge, und fast scheint es, als ob
1435 468 2594 545 der Verfasser in diesem Stückchen nur seinen Kopf, nicht aber
1432 521 2598 575 auch Herz und Phantasie arbeiten ließ. So konnten denn auch
1437 571 2604 630 Max Reinhardt's reife Kunst und Rudolf Rittner's
1438 610 2599 676 starkes Temperament den farblosen Schemen kein rechtes Leben
1433 649 2597 697 einhauchen. Aus den „lebendigen Stunden“ wurde nur eine
1438 686 2592 760 todte halbe Stunde. Ganz Phantasie dagegen war der zweite
1437 737 2596 808 Einakter, eine Art modernes Traumstück, bei dem nur, wie das
1438 782 2591 845 in Träumen so üblich ist, das logische Denken ein bischen
1429 838 2590 881 zu kurz kam. In einer Gemäldegallerie trifft eine
1426 880 2579 940 schöne Frau den jungen Mann, der sie leidenschaftlich
1432 911 2583 958 verehrt, und zwar gerade in einem Saal, in welchem das Bild
1440 962 2591 1031 eines unbekannten alten italienischen Meisters hängt. Das Bild
1437 1009 2592 1066 stellt eine Frau mit einem Dolche dar und diese gemalte Frau
1439 1040 2594 1126 sieht der lebenden zu ihren Füßen merkwürdig ähnlich. Heine
1439 1086 2594 1162 hat in einer seiner Novellen einmal interessante Betrachtungen
1436 1132 2590 1193 über solch seltsame räthselhafte Aehnlichkeiten angestellt. Aber
1429 1173 2602 1245 Schnitzler geht noch viel weiter. Bei ihm versinkt die schöne,
1429 1212 2607 1274 junge Frau angesichts ihrer gemalten Dopvelgängerin in eine
1428 1271 2589 1312 Art von nervös=hypnotischem Schlaf, während dessen ihr Träumen
1430 1296 2598 1369 vor unseren Augen lebendig wird. Sie ist auf einmal die Frau
1436 1343 2589 1407 des unbekannten italienischen Meisters, den sie eine Nacht mit
1437 1386 2589 1432 seinem Schüler betrogen hat. Als der Gatte in verblüffender
1438 1434 2592 1500 Großmuth dem Verführer einfach die Thür weist, stößt sie selbst
1440 1469 2593 1517 den Mann nieder, dem nur ihre Sinne und nie ihr Herz gehört.
1441 1514 2590 1574 Wie sie noch in der Pose mit dem Dolch dasteht, stürzt der
1430 1552 2582 1615 Meister an seine Staffelei, um ihr schon angefangenes Bild so
1433 1603 2598 1673 zu vollenden. Noch einmal verdunkelt sich die Bühne, und als
1431 1653 2590 1719 es hell wird, sind wir wieder in der Gallerie von heute. Die
1443 1692 2589 1761 schöne junge Frau verspricht ihrem Liebhaber das Rendezvous,
1442 1741 2580 1802 das sie ihm so lange verweigert hatte. Der Traum hat sie bekehrt.
1437 1784 2588 1833 Ein artiges Spiel ohne tiefere Bedeutung. Ein Glück nur, daß
1434 1820 2576 1887 Schnitzler die Dame nur einen Akt lang träumen ließ. Ein grausamerer
1439 1867 2589 1928 Dichter hätte vielleicht vier Akte daraus gemacht und das ver¬
1429 1911 2574 1972 liebte Weibchen sich noch durch einige interessante historische
1434 1952 2582 2007 Perioden hindurchträumen lassen. Seien wir ihm also trotzdem
1422 2004 2585 2067 dankbar, und das umsomehr, als Irene Triesch die Frau
1424 2048 2579 2110 mit dem Dolch in ihrer nervösen, leidenschaftlichen Art ungemein
1425 2094 2578 2136 lebensvoll zu gestalten wußte. Eine uneingeschränkte Freude an
1431 2133 2571 2189 Arthur Schnitzler's Können hatte man jedoch erst bei den letzten
1422 2171 2579 2239 beiden Stücken. Das einaktige Schauspiel „Die letzten
1429 2216 2579 2284 Masken“ ist eine liebevoll beobachtete Studie aus einem
1429 2271 2581 2348 Krankenhause, aus der man ersieht, daß der Dichter zugleich
1428 2307 2570 2355 auch Arzt ist. Ein alter Journalist liegt im Sterben, aber
1424 2349 2578 2417 vor seinem Tode möchte er einem Jugendfreunde, einem flachen,
1434 2399 2566 2449 hohlen Gesellen, der es aber als Schriftsteller erheblich weit ge¬
1424 2442 2575 2487 bracht hat, noch einmal gründlich die Wahrheit sagen. Als er
1433 2483 2578 2548 seine Standrede an einem drolligen Mitpatienten probirt, redet
1424 2532 2567 2587 er sich auch all' seinen Ingrimm vom Herzen herunter, als aber
1423 2570 2574 2635 dann der Jugendfreund selbst kommt, bringt er kein Wort mehr
1422 2615 2573 2676 über die Lippen, und der quallige Litteraturbonze kann sich in
1421 2668 2580 2726 ungestörter Selbstgefälligkeit wieder entfernen. Der sterbende Alte,
1425 2709 2573 2768 sein Jugendfreund, der Mitpatient, ein schwerkranker und doch immer
1418 2757 2573 2812 in Illusionen lebender Komödiant, der vielbeschäftigte Arzt, das sind
1414 2799 2578 2846 alles Menschen, die wirklich eines Dichters Auge gesehen und mit
1416 2842 2564 2891 scharfen Strichen festzuhalten gewußt hat. Das kleine Schauspiel
1411 2890 2562 2948 ist im eigentlichsten Sinne eine Tragikomödie, und es verdient
1419 2923 2580 2988 diesen Titel jedenfalls mehr, als der „Rothe Hahn“ und andere
1418 2973 2563 3020 Ueberflüssigkeiten. Gespielt wurde es von den Herren Rein¬
1414 3006 2578 3079 hardt, Bassermann, Fischer und Hofmeister
1419 3059 2579 3113 einfach glänzend. — Den Schluß des Abends bildete ein
1407 3094 2561 3158 toller Schwank. „Litteratur" bringt in ähnlicher Weise,
1416 3151 2559 3203 wie Otto Ernst in „Jugend von heute“ Karikaturen aus der
1419 3187 2571 3241 modernsten Schriftstellerbohéme auf die Bühne, aber der kleine
1419 3233 2565 3286 Schwank beweist auch, wie unendlich witziger, beißender und doch
1406 3289 2571 3332 auch wahrer und liebenswürdiger Arthur Schnitzler ist. Die
1411 3319 2562 3369 junge Dichterin, die nach berühmten Mustern Selbsterlebtes als
1410 3361 2567 3417 reine Phantasie ausgiebt, weil sie sich aus der Bohême in die
1411 3406 2557 3459 Arme eines braven, aber äußerst stumpfsinnigen Barons flüchten
1410 3458 2552 3507 will, der junge genialische Poet, der wie ein Gespenst aus
1415 3484 2560 3555 ihrer Vergangenheit vor ihr erscheint, und der famose Baronk
1405 3543 2553 3598 selbst sind wundervoll charakterisirt und die Handlung ist
1410 3587 2548 3640 in toller Laune und mit behendem, stets schlag¬
1403 3624 2557 3684 fertigem Witz durchgeführt. Und es war ein Vergnügen, mit
1407 3665 2556 3726 wie drolligem, echtem Humor Irene Triesch, sowie die
1407 3713 2558 3772 Herren Bassermann und Rittner dem Dichter zur Seite
1406 3757 2551 3816 standen. Hatten die beiden ersten Einakter nur bei der Claque
1402 3805 2557 3855 einen Achtungserfolg gefunden, so bedeutete die zweite Hälfte des
1415 3843 2549 3893 Abends einen entscheidenden Sieg für Arthur Schnitzler, den das
1411 3865 2566 3947 Publikum zum Schluß gar nicht oft genug vor die Gardine
1409 3927 1672 3991 rufen konnte.
2377 3916 2557 3997 Sch.
2259 3962 2387 4048 —
