3484 4384
253 118 1641 203 I. österr. behördl. conc. Bureau für Zeitungsberichte u. Personalnachrichte
464 173 1461 247 Wien, IX/1. Türkenstrasse 17.
623 243 1262 321 — Filiale in Budapest: „Figyelö“-
255 304 1644 384 Vertretungen in Berlin, Chicago, Genf, London, Newyork, Paris, Rom, Stockholn
243 423 758 517 Ausschnitt aus:
964 376 1436 548 Resbarder Faahr
240 544 808 654 Wom: /2720 2-
703 773 1295 889 Theater und Minun.
572 890 1458 972 T. München. Der Erstaufführung von Arthur
513 943 1456 1026 (Schnitzlers Einacter-Cyclus „Lebendige
539 1003 1464 1052 Stunden“ am Residenztheater wurde mit so
531 1035 1462 1103 großem Interesse entgegengesehen, daß in dieser
540 1086 1465 1146 eigenthümlichen Steigerung der Theilnahme vielleicht
537 1135 1457 1196 der Grund für die leichte Herabstimmung liegt, die
541 1165 1453 1232 sich während der Aufführung bemerkbar machte und
541 1221 1460 1289 erst mit dem Heiterkeitserfolg des letzten Stückes
537 1252 813 1313 beseitigt war.
562 1294 1458 1372 Wie Suvermann in seinem „Morituri=Cyclus sucht
329 1326 525 1405 50 Zeitun
541 1348 1448 1417 Schnitzler in den vier Episoden einen einheitlichen
313 1385 411 1439 100
1443 1385 1609 1450 nelusive
544 1389 1588 1473 Grundgedanken von verschiedenen Seiten und unter Porto.
325 1425 413 1474 200
529 1429 1594 1519 wechselnden Verhältnissen beizukommen; einen zahlbar
326 1460 407 1506 500
537 1476 1451 1548 Grundgedanken, der freilich so nebelhaft ver¬
357 1502 426 1556 00
1449 1508 1628 1562 Voraus.
537 1519 1446 1591 schwommen bleibt, wie seine Bezeichnung „Lebendige
359 1545 531 1606 m Geger
545 1566 1648 1634 Stunden“ und der zudem jeweils durch einen ##ist das
351 1588 530 1639 ment durc
527 1618 1653 1682 anderen Erfahrungssatz, dessen Beweisführung der iht es den
343 1630 527 1691 enten frei
532 1653 1517 1735 Dichter dramatisch darthun will, verdeckt wird. So sth.
522 1683 1437 1772 sind im ersten Einacter, der den Titel
324 1703 514 1780 Der „OB
1437 1733 1636 1796 Itend die
227 1719 508 1811 nhaltsangabe
520 1744 1645 1825 des Ganzen trägt, die Gegensätz: zwisch orgen¬
214 1789 518 1848 lätter (Tag
531 1787 1637 1863 einem alternden Manne, dem der Tod der Freund Leitung
1586 1819 1639 1859 *)
216 1827 515 1883 rodurch eine U
521 1832 1633 1914 den letzten Lebenssinn geraubt hat, und der Jugend, schaftliche
226 1868 507 1919 Leben des In¬
511 1874 1439 1932 die über dem Schmerz des Verlustes der Mutter
1437 1896 1639 1960 liese Mit¬
219 1897 516 1970 heilungen werd
513 1904 1427 1988 hinweg zu neuer Lebenskraft sich durchringen
518 1971 1428 2040 will, dargestellt. Das Stück ist leider kein Drama,
517 2009 1429 2076 sondern nichts als eine principielle Aus¬
512 2060 1428 2124 sprache verschiedener Lebensauffassungen, die sich
507 2103 1423 2170 schon deshalb nicht ernstlich kreuzen können, weil
509 2134 1427 2213 sie sich nicht verstehen, und daher ungehindert
506 2191 1432 2246 nebeneinander herlaufen. „Die Frau mit dem
512 2226 1422 2300 Dolche" bringt in neuer, anziehender Form das
497 2280 1432 2343 Problem der Seelenwanderung, zeigt aber auch
492 2326 1424 2381 aufs Neue, daß der concrete Materialismus der
491 2366 1414 2412 Bühne doch zu sehr Alles an das Aeußerlich Wahr¬
505 2411 1422 2469 nehmbare bindet und daß es die Kraft des Theaters
500 2457 1418 2514 übersteigt, über die Zeit und — die Logik gehende
500 2484 1425 2548 innere Vorgänge glaubwürdig und intuitiv zur
496 2542 1409 2600 Darstellung zu bringen. Trotzdem wir für
483 2579 1421 2631 die „Vision“ der Heldin und deren übersinnliche
491 2626 1410 2692 Einführung in der Drehbühne ein technisch brillau¬
487 2668 1421 2735 tes Mittel besitzen, schien aber die vom Dichter
483 2715 1408 2782 beabsichtigte Bindung über drei Jahrhunderte hin¬
484 2760 1422 2823 weg zu zerreißen, und die Rückkehr zur Gegenwart
482 2818 1414 2873 mit dem grausig sicheren Blick in die Zukunft erweckte
483 2848 1152 2913 nicht Grauen, sondern — Heiterkeit.
515 2889 1404 2955 Von eminenter psychologischer Feinheit sind „Die
481 2925 1415 3013 letzten Masken“. Wie hier der Sterbende, der auf
481 2981 1410 3044 ein Leben voller Entsagung und Unverständniß der
473 3020 1400 3086 Mitwelt für sein ehrliches Lebenswerk zurück¬
476 3069 1399 3135 blickt, dem innerlich jammerhaften aber erfolgs¬
482 3122 1399 3173 gesegneten Berufsfreund, den Spiegel vor¬
478 3161 1412 3230 halten will, aber, von der Nutzlosigkeit seiner
471 3208 1409 3271 Abrechnung mit diesem leeren Kopf überzeugt,
479 3244 1400 3308 sich auch den letzten Triumph versagt und mit der
472 3288 1409 3365 „Maske vor dem Gesicht“ stirbt, das ist iunerlich
475 3340 1400 3414 so wahr und treffend, und dramatisch so sicher
486 3399 1408 3460 behandelt, daß hier eigentlich der Erfolg hätte
482 3440 1409 3501 gesichert sein müssen, den erst die witzige Farce
494 3487 1408 3543 auf das moderne Caiéhauslitteratenthum,
488 3534 1408 3594 „Litteratur“ belitelt brachte. Das flotte Stück ist
479 3576 1413 3642 an und für sich des großen Heiterkeits¬
472 3625 1029 3676 Verfolgesnicht unwerth;
1049 3614 1411 3681 denn in ihm
480 3647 1396 3720 bricht sich der geistvolle und von einer gewissen süd¬
484 3702 1414 3770 ländischen weichen Schwüle beeinflußte Causeur
480 3756 1409 3813 seine erfolgssichere Bahn. Künstlerisch aber wirkt
486 3781 1412 3863 das Stück als Abschluß des Vorhergegangenen
481 3841 1406 3885 nicht. Da der Künstler bewußtermaßen der fest¬
487 3872 1403 3950 stehende Typus des ganzen Cycius ist, um den sich
491 3919 1403 3988 jeweils „die Anderen“ gruppiren, so wäre der Aus¬
483 3970 1391 4027 klang mit einem anderen Mittel, als dem der
480 4005 1406 4088 Selbsttronisirung sicherlich von reinerer Rückwirkung
480 4044 921 4109 auf das Ganze gewesen.
2743 148 2950 225 Ausschültt
1744 125 2808 274 Alex. Weigl's Unternehmen für Zeitungs-Aussel
2814 193 3089 300 Nr. 100
1978 193 2620 388 „OBSERVEB
1650 285 3086 485 gen tenchenen eeeteenn
1869 342 2887 519 Wien. Ia, Fartenntrsnne in
2071 444 2722 577 Piiate in Budapest: „Pispele —
1677 462 3124 677 nen ereine ensacensnn
1682 507 3153 797 SL
1711 837 2477 962 gon 13777 1
2177 1117 2722 1202 Theater und Musik.
1965 1170 2990 1237 aa. München, 7. März. Gestern hatte die Mün¬
1898 1203 2993 1297 chener Hofbühne ihren Schnitzler=Abend. Die
1891 1249 2993 1321 vier Einakter, über die aus verschiedenen Städten
1897 1301 2998 1368 schon seit Monaten berichtet wurde, kamen endlich
1907 1334 3000 1399 auch hier, und zwar im Residenztheater, zur Auf¬
1903 1364 2994 1425 führung, unter Leitung des Herrn Oberregisseurs Savits
1901 1415 2990 1479 sorgfältig studirt und eingerichtet und im Allgemeinen sehr
1887 1453 2993 1504 gut ausgeführt. Gleichwohl kann man ernstlich bezweifeln,
1889 1484 2980 1558 ob auch nur eines der vier Stücke auf eine dauernde Be¬
1894 1528 3173 1586 deutung für den Spielp.an einer Hofbühne Anspruch machen inelueive
1905 1557 2987 1624 kann. Den Inhalt der Dichtungen hier wiederzugeben,
2990 1575 3159 1625 Porto.
1897 1593 3171 1652 dazu fehlt heute angesichts der umfangreichen Berichte aus Zahlbar
1796 1621 1890 1705 Für
1893 1640 2969 1714 Land= und Reichstag leider der Raum. Wir müssen uns
2962 1645 3206 1717 im Voraus.
1893 1681 2973 1750 daher mit einer kurzen Skizze begnügen. Schnitzler ist Arzt und
1894 1701 3237 1791 hat als solcher reichlich Gelegenheit, Verstand und Gemütlhuitte ist das
1890 1741 3244 1828 mit Eindrücken zu belasten, von denen er sich durch seinen sicht es den
1891 1798 3114 1863 poctische Kraft wieder befreien muß. Dafür sprechen deutlich ändern.
1890 1832 2974 1910 schon die „Lebendigen Stunden“ mit denen die Aufführung
1845 1882 3257 1949 # begann, ein sehr ernstes und eigenartiges Stimmungsbilde enthaltend die
1889 1917 3247 1984 das sich der Hauptsache nach unter zwei Männern, dener Morgen¬
1817 1924 1884 1973 Al
1897 1949 3229 2036 Sohne und dem alten, treuen Freunde einer eben geViener Zeitung)
1881 1976 3265 2063 storbenen, im Leben vielgeprüften Frau abwickelt. Die wirthschaftliche
1876 2024 3272 2106 Herren Monnard und Suske brachten ihre sehr von einwird. Diese Mit¬
1884 2066 2962 2149 ander verschiedenen Rollen vortrefflich zur Geltung. Auch
1893 2107 2959 2180 Herr Gura, der den alten Diener und Gärtner gab, ver¬
1884 2136 2962 2217 dient volle Anerkennung. Nicht minder gilt in Bezug auf
1879 2189 2998 2256 den Dichter das eben erwähnte von den „Letzten.
1871 2224 2981 2295 Masken“, gleichfalls einer Art von Stimmungsbild, und
1880 2270 2966 2338 gleichfalls fast nur unter Männern sich abspielend, den
1881 2301 2977 2375 die Pflegeschwester, die ab= und zugeht, ist nur von unter¬
1872 2349 2962 2407 geordneter Bedeutung. Die letzten Stunden eines in
1877 2379 2962 2451 Arbeit und Entbehrung aufgezehrten Schriftstellerlebens,
1869 2423 2974 2488 das im allgemeinen Krankenhause endet, werden ergreifend
1870 2464 2973 2535 geschildert. Dabei fehlt es aber nicht an scharsen Streif¬
1868 2508 2973 2559 lichtern auf ungesunde Zustände im Menschenleben¬
1864 2542 2965 2611 überhaupt und in den Wiener Krankenhäusern ins¬
1861 2568 2080 2621 besondere.
2107 2569 2565 2629 Herr Häusser lieh
2597 2588 2704 2634 dem
2702 2580 2972 2646 sterbenden
1863 2611 2979 2702 Jouxnalisten Rademacher seine sieghafte künstlerische Kraft¬
1873 2657 2972 2719 in edler Einfachheit und Wahrheit, die Herren v. Pindo,
1857 2693 2974 2762 Konig und Waldau sowie Frl. Schwarz unterstützten ihns
1872 2727 2956 2789 n den kleineren Rollen in durchaus dankenswerther Weise.
1901 2767 2966 2844 — Zwischen diese beiden Stücke trat „Die Frau mite
1868 2806 2958 2886 dem Dolche“ der Hauptsache nach eine Vision, die Ge¬
1875 2827 2945 2920 chichte eines Bildes von unbekannter Hand aus dem 16.
1865 2869 2955 2951 Jahrhundert, das ein modernes Liebespaar bei einem ver¬
1857 2918 2941 2988 wegenen Stelldichein in der Gallerie betrachtet; in der Vision,
1857 2955 2950 3034 zu der die Drehbühne gut verwendet wird, haben dann die
1856 3010 2953 3068 gleichen Personen die noch viel verwegeneren Liebesrollen
1858 3036 2937 3107 der Vergangenheit zu spielen. Pauline wird Paola, Leon¬
1856 3077 2940 3137 hard Leonardo, der Dichter (Gatte der sehr freidenkenden
1846 3107 2938 3188 Pauline) Maler. Die sogenannte Symbolistik ist wohl noch
1845 3154 2937 3226 nie schärfer als in dieser Vision verurtheilt worden. Fräu¬
1847 3193 2948 3266 lein Dandler und Herr Stury (das Ehepaar) waren vor¬
1843 3227 2944 3305 züglich, Herr Salfner (der Liebhaber) viel besser als Tags
1846 3269 2941 3344 vorher in der „Braut von Messina“ als Don Cesar; er
1849 3300 2943 3374 ließ aber auch gestern nicht verkennen, daß er noch in den
1838 3336 2933 3415 Lehrjahren sich befindet, und namentlich in Bezug auf die
1841 3363 2925 3445 Kunst der Rede noch recht viel zu lernen und zu vervoll¬
1845 3416 2929 3480 kommnen hat. — Den Schluß bildete eine Art von Satir¬
1852 3459 2937 3535 spiel, als Lustspiel bezeichnet, während die drei voran¬
1850 3499 2957 3595 gegangenen Stücke Schauspiele genannt sind; es führt.
1840 3535 2939 3639 den Titel „Literatur“ und behandelt die Auswüchse der
1835 3582 2934 3674 modernen Schriftstellerei, namentlich auf weiblicher Seite,
1844 3614 2924 3702 mit überlegenem Humor und beißendem Spott. Die Mün¬
1847 3657 2924 3747 chener Verhältnisse kommen dabei nicht zum Besten weg.
1844 3688 2922 3783 Frl. Swoboda im Vereine mit den Herren Waldau
1849 3729 2380 3807 und Basil verkörperten
2383 3763 2924 3830 die drei scharf gezeich¬
1835 3779 2911 3871 neten Figuren mit bestem Erfolge. Das „Lustspiel“
1845 3816 2922 3912 allein erzielte nämlich einen wirklichen, unbestrittenen und
1839 3850 2913 3944 andauernden Beifall. Nach dem ersten Stücke waren die
1827 3888 2919 3988 Beifallszeichen recht matt und schwach, nach dem zweiten
1835 3924 2908 4009 und dritten zwar lebhafter, aber auch von deutlichem Wider¬
1832 3976 2913 4066 spruch angestritten. An den „grünen Kakadu“ reicht keiner
1818 4004 2257 4087 der vier Einakter bin.
