<?xml version="1.0" encoding="UTF-8" standalone="yes"?>
<PcGts xmlns="http://schema.primaresearch.org/PAGE/gts/pagecontent/2013-07-15" xmlns:xsi="http://www.w3.org/2001/XMLSchema-instance" xsi:schemaLocation="http://schema.primaresearch.org/PAGE/gts/pagecontent/2013-07-15 http://schema.primaresearch.org/PAGE/gts/pagecontent/2013-07-15/pagecontent.xsd">
    <Metadata>
        <Creator>prov=University of Rostock/Institute of Mathematics/CITlab/Gundram Leifert/gundram.leifert@uni-rostock.de:name=ONB_Newseye_GT_M1+(htr_id=10810)::::v=2.4.2
prov=University of Rostock/Institute of Mathematics/CITlab/Tobias Gruening/tobias.gruening@uni-rostock.de:name=de.uros.citlab.module.baseline2polygon.B2PSeamMultiOriented:v=2.4.2
prov=University of Rostock/Institute of Mathematics/CITlab/Tobias Gruening/tobias.gruening@uni-rostock.de:name=/mnt/transkribus/LA/DEA/URO/LA_news_onb_att.pb:de.uros.citlab.segmentation.CITlab_LA_ML:v=2.4.2
Transkribus</Creator>
        <Created>2019-10-07T11:36:03.369+02:00</Created>
        <LastChange>2019-10-08T19:11:39.833+02:00</LastChange>
        <TranskribusMetadata docId="223975" pageId="9502369" pageNr="526" tsid="16607362" status="IN_PROGRESS" userId="40391" imgUrl="https://files.transkribus.eu/Get?id=DMTRCKOUOAXODQGFWTOAGBNM&amp;fileType=view" xmlUrl="https://files.transkribus.eu/Get?id=KOKNKWQFONXODMEYAFAZULXO" imageId="6192587"/>
    </Metadata>
    <Page imageFilename="223975_0526.jpeg" imageWidth="3392" imageHeight="4224">
        <ReadingOrder>
            <OrderedGroup id="ro_1711449951345" caption="Regions reading order">
                <RegionRefIndexed index="0" regionRef="r1"/>
            </OrderedGroup>
        </ReadingOrder>
        <TextRegion orientation="0.0" id="r1" custom="readingOrder {index:0;}">
            <Coords points="234,234 234,3529 3208,3529 3208,234"/>
            <TextLine id="r1l1" custom="readingOrder {index:0;}">
                <Coords points="1067,268 1083,267 1100,258 1112,267 1134,270 1139,195 1128,195 1127,192 1097,213 1089,210 1070,211"/>
                <Baseline points="1077,254 1124,257"/>
                <TextEquiv>
                    <Unicode>t</Unicode>
                </TextEquiv>
            </TextLine>
            <TextLine id="r1l2" custom="readingOrder {index:1;}">
                <Coords points="1160,270 1183,270 1193,264 1207,271 1260,266 1262,203 1251,203 1223,221 1213,214 1208,216 1203,210 1192,214 1172,201 1162,201"/>
                <Baseline points="1170,259 1196,261 1223,262 1250,261"/>
                <TextEquiv>
                    <Unicode>In</Unicode>
                </TextEquiv>
            </TextLine>
            <TextLine id="r1l3" custom="readingOrder {index:2;}">
                <Coords points="2021,246 2100,284 2147,266 2187,281 2220,267 2402,289 2484,260 2485,207 2438,200 2363,216 2302,193 2218,232 2052,200 2022,208"/>
                <Baseline points="2032,261 2058,263 2084,264 2110,265 2136,266 2162,267 2188,267 2214,268 2240,268 2266,269 2292,269 2318,269 2344,269 2370,269 2396,268 2422,268 2448,267 2474,266"/>
                <TextEquiv>
                    <Unicode>box 21/4</Unicode>
                </TextEquiv>
            </TextLine>
            <TextLine id="r1l4" custom="readingOrder {index:3;}">
                <Coords points="223,270 1867,308 1868,229 1712,203 1226,266 831,194 461,233 224,195"/>
                <Baseline points="234,258 315,264 396,268 477,272 558,275 639,277 720,279 802,280 883,280 964,281 1045,281 1126,280 1207,280 1288,280 1370,279 1451,279 1532,279 1613,279 1694,280 1775,281 1857,283"/>
                <TextEquiv>
                    <Unicode>16.1. Lebendige Suden zyklus</Unicode>
                </TextEquiv>
            </TextLine>
            <TextLine id="r1l5" custom="readingOrder {index:4;}">
                <Coords points="1834,1325 3041,1295 3040,1230 1832,1268"/>
                <Baseline points="1844,1310 1903,1307 1962,1305 2022,1303 2081,1301 2140,1300 2200,1299 2259,1297 2318,1295 2378,1294 2437,1293 2496,1292 2556,1290 2615,1289 2674,1287 2734,1285 2793,1284 2852,1282 2912,1280 2971,1278 3031,1275"/>
                <TextEquiv>
                    <Unicode>Alex. Weigl's Unternehmen für Zeitungs-Ausschnitte</Unicode>
                </TextEquiv>
            </TextLine>
            <TextLine id="r1l6" custom="readingOrder {index:5;}">
                <Coords points="900,1351 923,1357 961,1344 1014,1357 1105,1338 1146,1354 1193,1343 1215,1351 1227,1338 1262,1348 1261,1293 1247,1298 1187,1264 1143,1273 1106,1257 1019,1282 980,1260 899,1263"/>
                <Baseline points="911,1322 937,1321 963,1320 989,1319 1015,1317 1041,1316 1067,1315 1094,1315 1120,1314 1146,1314 1172,1315 1198,1316 1224,1318 1251,1321"/>
                <TextEquiv>
                    <Unicode>piion 12801.</Unicode>
                </TextEquiv>
            </TextLine>
            <TextLine id="r1l7" custom="readingOrder {index:6;}">
                <Coords points="2712,1377 2744,1370 2778,1389 2815,1348 2840,1353 2865,1340 2920,1338 2956,1351 3001,1338 2998,1287 2957,1283 2881,1302 2858,1292 2837,1305 2817,1292 2761,1327 2730,1335 2706,1327"/>
                <Baseline points="2720,1367 2747,1360 2774,1355 2801,1350 2829,1346 2856,1343 2883,1340 2911,1339 2938,1338 2965,1336 2993,1335"/>
                <TextEquiv>
                    <Unicode>See Ausschnitt</Unicode>
                </TextEquiv>
            </TextLine>
            <TextLine id="r1l8" custom="readingOrder {index:7;}">
                <Coords points="2691,1391 2701,1394 2706,1403 2713,1403 2718,1407 2722,1406 2730,1409 2740,1381 2729,1376 2728,1374 2721,1374 2715,1361 2713,1362 2703,1358"/>
                <Baseline points="2704,1385 2726,1393"/>
                <TextEquiv>
                    <Unicode>7</Unicode>
                </TextEquiv>
            </TextLine>
            <TextLine id="r1l9" custom="readingOrder {index:8;}">
                <Coords points="428,1433 1642,1401 1468,1333 428,1402"/>
                <Baseline points="438,1424 497,1422 557,1420 617,1419 676,1418 736,1416 796,1415 855,1414 915,1413 975,1412 1035,1411 1094,1410 1154,1409 1214,1408 1273,1406 1333,1405 1393,1403 1452,1402 1512,1400 1572,1398 1632,1396"/>
                <TextEquiv>
                    <Unicode>Alex. Weigl’s Unternehmen für Zeitungs-Ausschnitte</Unicode>
                </TextEquiv>
            </TextLine>
            <TextLine id="r1l10" custom="readingOrder {index:9;}">
                <Coords points="2109,1446 2726,1434 2764,1403 2963,1444 3123,1410 3123,1371 2918,1339 2817,1387 2626,1394 2416,1337 2189,1340 2108,1379"/>
                <Baseline points="2119,1431 2168,1426 2218,1422 2268,1418 2318,1414 2367,1412 2417,1410 2467,1409 2517,1408 2566,1408 2616,1408 2666,1408 2716,1409 2765,1409 2815,1410 2865,1411 2915,1412 2964,1413 3014,1413 3064,1414 3114,1414"/>
                <TextEquiv>
                    <Unicode>„OBSEHVEN, Nr. 15</Unicode>
                </TextEquiv>
            </TextLine>
            <TextLine id="r1l11" custom="readingOrder {index:10;}">
                <Coords points="1724,1537 3091,1495 3178,1474 3177,1428 1721,1449"/>
                <Baseline points="1732,1501 1803,1501 1875,1501 1947,1501 2019,1500 2091,1498 2162,1496 2234,1494 2306,1491 2378,1488 2450,1485 2521,1483 2593,1480 2665,1477 2737,1475 2809,1473 2880,1471 2952,1470 3024,1469 3096,1469 3168,1469"/>
                <TextEquiv>
                    <Unicode>Tröstenhördl. conc. Bureau für Zeitungsberichte u. Personalnachrichten</Unicode>
                </TextEquiv>
            </TextLine>
            <TextLine id="r1l12" custom="readingOrder {index:11;}">
                <Coords points="670,1553 952,1537 1088,1563 1162,1526 1263,1540 1301,1497 1347,1506 1410,1467 1581,1460 1575,1406 1431,1409 1341,1452 1134,1456 1061,1427 768,1458 664,1498"/>
                <Baseline points="679,1544 723,1544 768,1543 812,1543 857,1541 901,1540 946,1537 990,1535 1035,1531 1079,1528 1124,1524 1169,1519 1213,1513 1258,1507 1302,1500 1347,1493 1391,1485 1436,1476 1480,1467 1525,1455 1570,1444"/>
                <TextEquiv>
                    <Unicode>„OBSERWEP“ </Unicode>
                </TextEquiv>
            </TextLine>
            <TextLine id="r1l13" custom="readingOrder {index:12;}">
                <Coords points="1339,1532 1384,1535 1435,1567 1502,1543 1545,1556 1567,1537 1654,1558 1683,1547 1681,1466 1618,1475 1563,1462 1525,1481 1506,1468 1439,1471 1411,1492 1339,1506"/>
                <Baseline points="1350,1535 1376,1537 1403,1538 1430,1538 1457,1538 1484,1536 1511,1535 1537,1534 1564,1533 1591,1532 1618,1532 1645,1532 1672,1533"/>
                <TextEquiv>
                    <Unicode>Nr. 13</Unicode>
                </TextEquiv>
            </TextLine>
            <TextLine id="r1l14" custom="readingOrder {index:13;}">
                <Coords points="276,1548 306,1560 341,1553 357,1564 391,1557 405,1570 428,1562 451,1582 502,1575 553,1587 558,1450 540,1445 505,1458 481,1447 452,1464 420,1452 371,1463 341,1484 316,1469 279,1473"/>
                <Baseline points="286,1539 311,1541 337,1543 363,1544 389,1546 415,1547 441,1548 467,1549 493,1549 519,1549 545,1548"/>
                <TextEquiv>
                    <Unicode>NeIO</Unicode>
                </TextEquiv>
            </TextLine>
            <TextLine id="r1l15" custom="readingOrder {index:14;}">
                <Coords points="2008,1575 2616,1555 2660,1578 2702,1554 2895,1562 2929,1553 2928,1515 2716,1483 2643,1516 2377,1502 2281,1536 2241,1509 2142,1534 2006,1512"/>
                <Baseline points="2018,1569 2063,1568 2108,1567 2153,1566 2198,1564 2243,1562 2288,1561 2333,1559 2378,1557 2423,1555 2468,1554 2513,1551 2558,1550 2603,1548 2648,1547 2693,1546 2738,1545 2783,1544 2828,1544 2873,1543 2918,1544"/>
                <TextEquiv>
                    <Unicode>Wien, I., Concondiaplarz 4.</Unicode>
                </TextEquiv>
            </TextLine>
            <TextLine id="r1l16" custom="readingOrder {index:15;}">
                <Coords points="314,1616 1531,1633 1652,1610 1676,1554 314,1599"/>
                <Baseline points="325,1618 392,1618 459,1618 526,1618 593,1617 660,1616 727,1615 794,1613 861,1611 928,1609 996,1607 1063,1605 1130,1603 1197,1601 1264,1600 1331,1598 1398,1597 1465,1597 1532,1596 1599,1596 1667,1597"/>
                <TextEquiv>
                    <Unicode>I. österr. behördl. conc. Bureau für Zeitungsberichte u. Persenalnachrio</Unicode>
                </TextEquiv>
            </TextLine>
            <TextLine id="r1l17" custom="readingOrder {index:16;}">
                <Coords points="1744,1626 3183,1617 3182,1573 3090,1553 1743,1594"/>
                <Baseline points="1754,1633 1824,1630 1895,1627 1966,1625 2037,1622 2108,1620 2179,1618 2250,1615 2321,1613 2392,1611 2463,1609 2533,1607 2604,1605 2675,1603 2746,1602 2817,1601 2888,1599 2959,1599 3030,1598 3101,1598 3172,1598"/>
                <TextEquiv>
                    <Unicode>Vertretungen in Berlin, Budapest, Chicago, Genf, London, Newyork, Paris, Rom.</Unicode>
                </TextEquiv>
            </TextLine>
            <TextLine id="r1l18" custom="readingOrder {index:17;}">
                <Coords points="2104,1681 2287,1686 2360,1654 2545,1678 2623,1647 2693,1674 2820,1655 2819,1610 2103,1634"/>
                <Baseline points="2113,1658 2147,1658 2182,1657 2217,1656 2252,1655 2287,1654 2322,1653 2357,1652 2392,1651 2427,1650 2462,1649 2496,1648 2531,1647 2566,1646 2601,1646 2636,1645 2671,1644 2706,1644 2741,1643 2776,1643 2811,1643"/>
                <TextEquiv>
                    <Unicode>Stockholm, Kristiania, St. Petersburg.</Unicode>
                </TextEquiv>
            </TextLine>
            <TextLine id="r1l19" custom="readingOrder {index:18;}">
                <Coords points="578,1703 1498,1680 1497,1634 1303,1613 1227,1638 982,1615 867,1652 812,1620 577,1630"/>
                <Baseline points="587,1682 632,1683 677,1683 722,1683 767,1683 812,1682 857,1681 902,1680 947,1679 992,1678 1037,1676 1082,1675 1127,1673 1172,1672 1217,1671 1262,1669 1307,1669 1352,1668 1397,1667 1442,1667 1487,1668"/>
                <TextEquiv>
                    <Unicode>Wien, I., Concondiaplarz 4.</Unicode>
                </TextEquiv>
            </TextLine>
            <TextLine id="r1l20" custom="readingOrder {index:19;}">
                <Coords points="319,1747 1653,1744 1652,1687 1505,1670 318,1701"/>
                <Baseline points="329,1746 394,1745 460,1744 526,1743 591,1742 657,1740 723,1739 788,1737 854,1735 920,1733 986,1731 1051,1729 1117,1728 1183,1726 1248,1725 1314,1723 1380,1722 1445,1722 1511,1721 1577,1721 1643,1722"/>
                <TextEquiv>
                    <Unicode>Vertretungen in Berlin, Budapest, Chicago, Genf, London, Newyork, Paris,</Unicode>
                </TextEquiv>
            </TextLine>
            <TextLine id="r1l21" custom="readingOrder {index:20;}">
                <Coords points="685,1810 859,1790 1030,1804 1113,1775 1198,1774 1265,1808 1377,1801 1395,1748 1196,1729 1163,1748 684,1747"/>
                <Baseline points="694,1775 728,1775 763,1775 797,1774 832,1774 866,1773 901,1772 935,1772 970,1771 1004,1770 1039,1769 1073,1768 1108,1768 1142,1768 1177,1767 1211,1767 1246,1768 1280,1768 1315,1769 1349,1771 1384,1773"/>
                <TextEquiv>
                    <Unicode>Steckholm, Kristiania, St. Petersburg.</Unicode>
                </TextEquiv>
            </TextLine>
            <TextLine id="r1l22" custom="readingOrder {index:21;}">
                <Coords points="1728,1825 1815,1841 1837,1820 1934,1813 2004,1834 2135,1807 2160,1825 2225,1823 2257,1816 2255,1747 1961,1747 1925,1775 1726,1774"/>
                <Baseline points="1737,1815 1762,1814 1788,1813 1813,1812 1839,1811 1864,1810 1890,1809 1915,1809 1941,1808 1966,1807 1992,1807 2017,1806 2043,1806 2068,1805 2094,1804 2119,1804 2145,1803 2170,1802 2196,1801 2221,1800 2247,1799"/>
                <TextEquiv>
                    <Unicode>Ausschnitt aus:</Unicode>
                </TextEquiv>
            </TextLine>
            <TextLine id="r1l23" custom="readingOrder {index:22;}">
                <Coords points="2390,1827 2458,1854 2823,1869 2922,1906 2977,1882 3153,1896 3158,1815 3005,1765 2895,1799 2844,1773 2579,1779 2518,1744 2396,1748"/>
                <Baseline points="2400,1833 2437,1837 2474,1842 2511,1845 2548,1850 2586,1853 2623,1856 2660,1859 2697,1862 2734,1865 2772,1868 2809,1870 2846,1872 2883,1874 2920,1876 2958,1878 2995,1880 3032,1881 3069,1883 3106,1885 3144,1886"/>
                <TextEquiv>
                    <Unicode>Arseiter Zeitung Wlen</Unicode>
                </TextEquiv>
            </TextLine>
            <TextLine id="r1l24" custom="readingOrder {index:23;}">
                <Coords points="316,1932 600,1963 639,1944 722,1956 748,1932 856,1932 856,1893 823,1883 726,1889 624,1863 549,1896 521,1875 432,1898 316,1884"/>
                <Baseline points="326,1932 352,1931 378,1931 404,1930 430,1930 456,1929 482,1929 508,1929 534,1929 560,1928 586,1928 612,1928 638,1928 664,1928 690,1929 716,1929 742,1929 768,1930 794,1931 820,1931 846,1932"/>
                <TextEquiv>
                    <Unicode>Ausschnitt aus:</Unicode>
                </TextEquiv>
            </TextLine>
            <TextLine id="r1l25" custom="readingOrder {index:24;}">
                <Coords points="901,1956 968,1944 1059,1966 1157,1945 1185,1965 1321,1963 1358,1940 1427,1964 1465,1941 1581,1939 1581,1896 1532,1874 1006,1877 978,1905 901,1918"/>
                <Baseline points="911,1948 945,1948 980,1949 1015,1949 1049,1950 1084,1950 1119,1950 1153,1950 1188,1950 1223,1950 1257,1950 1292,1950 1327,1950 1361,1949 1396,1949 1431,1948 1465,1947 1500,1946 1535,1945 1570,1944"/>
                <TextEquiv>
                    <Unicode>Houes Hichef Tagbict</Unicode>
                </TextEquiv>
            </TextLine>
            <TextLine id="r1l26" custom="readingOrder {index:25;}">
                <Coords points="1738,1939 1893,1991 2129,1998 2244,1978 2298,1938 2362,1972 2483,1933 2482,1864 2427,1885 2330,1869 2265,1915 2198,1881 2097,1908 2013,1885 1914,1915 1737,1902"/>
                <Baseline points="1748,1949 1784,1954 1820,1958 1856,1961 1893,1964 1929,1966 1965,1966 2002,1967 2038,1967 2074,1966 2111,1964 2147,1963 2183,1961 2219,1959 2256,1957 2292,1954 2328,1952 2365,1950 2401,1948 2437,1946 2474,1945"/>
                <TextEquiv>
                    <Unicode>von: „Pja (405</Unicode>
                </TextEquiv>
            </TextLine>
            <TextLine id="r1l27" custom="readingOrder {index:26;}">
                <Coords points="329,2088 655,2088 750,2137 813,2099 854,2130 919,2087 943,2093 947,2026 826,2011 794,2029 639,2000 332,2036"/>
                <Baseline points="340,2067 369,2069 399,2071 429,2074 458,2077 488,2080 518,2083 547,2086 577,2089 607,2093 637,2095 666,2098 696,2099 726,2101 755,2102 785,2102 815,2101 844,2100 874,2097 904,2094 934,2089"/>
                <TextEquiv>
                    <Unicode>vora: (5 10)</Unicode>
                </TextEquiv>
            </TextLine>
            <TextLine id="r1l28" custom="readingOrder {index:27;}">
                <Coords points="1877,2335 2878,2336 2947,2312 2946,2245 1876,2272"/>
                <Baseline points="1887,2337 1939,2336 1992,2334 2044,2333 2097,2333 2149,2332 2202,2332 2254,2331 2307,2331 2359,2331 2412,2331 2464,2330 2517,2330 2569,2329 2622,2328 2674,2327 2727,2325 2779,2323 2832,2322 2884,2318 2937,2315"/>
                <TextEquiv>
                    <Unicode>Deutsches Volkstheater. Mit starker Verspätung brachte</Unicode>
                </TextEquiv>
            </TextLine>
            <TextLine id="r1l29" custom="readingOrder {index:28;}">
                <Coords points="1766,2388 2756,2390 2935,2366 2934,2317 1765,2360"/>
                <Baseline points="1776,2390 1833,2388 1890,2385 1948,2384 2005,2383 2063,2381 2120,2381 2177,2380 2235,2379 2292,2379 2350,2378 2407,2377 2464,2377 2522,2376 2579,2375 2637,2373 2694,2372 2751,2370 2809,2367 2866,2365 2924,2362"/>
                <TextEquiv>
                    <Unicode>gestern eine Wiener Bühne Schnitzlers „Lebendige Stunden“.</Unicode>
                </TextEquiv>
            </TextLine>
            <TextLine id="r1l30" custom="readingOrder {index:29;}">
                <Coords points="1775,2432 2995,2430 2994,2385 2939,2364 1775,2418"/>
                <Baseline points="1785,2431 1845,2431 1905,2431 1965,2431 2025,2431 2085,2431 2145,2430 2205,2430 2265,2429 2325,2428 2385,2427 2445,2425 2505,2424 2565,2423 2625,2421 2685,2419 2745,2417 2805,2415 2865,2414 2925,2412 2985,2409"/>
                <TextEquiv>
                    <Unicode>ur Aufführung. Der Zyklus ist hier im vorigen Jahre von den!</Unicode>
                </TextEquiv>
            </TextLine>
            <TextLine id="r1l31" custom="readingOrder {index:30;}">
                <Coords points="1937,2471 2053,2475 2066,2485 2082,2474 2147,2473 2146,2439 2122,2441 2111,2433 2075,2446 2065,2440 2034,2445 2018,2439 1996,2446 1967,2438 1937,2441"/>
                <Baseline points="1947,2461 1974,2462 2001,2462 2028,2461 2055,2461 2082,2460 2109,2459 2136,2458"/>
                <TextEquiv>
                    <Unicode>K </Unicode>
                </TextEquiv>
            </TextLine>
            <TextLine id="r1l32" custom="readingOrder {index:31;}">
                <Coords points="1777,2453 1789,2453 1800,2466 1820,2467 1830,2476 1838,2476 1847,2469 1873,2474 1874,2448 1866,2448 1860,2443 1856,2445 1849,2438 1844,2442 1826,2441 1814,2430 1798,2434 1778,2432"/>
                <Baseline points="1786,2459 1812,2461 1838,2463 1864,2463"/>
                <TextEquiv>
                    <Unicode>5 u</Unicode>
                </TextEquiv>
            </TextLine>
            <TextLine id="r1l33" custom="readingOrder {index:32;}">
                <Coords points="1775,2521 2940,2523 2940,2460 1774,2479"/>
                <Baseline points="1785,2511 1842,2511 1899,2512 1956,2512 2013,2512 2071,2512 2128,2511 2185,2511 2242,2511 2299,2511 2357,2510 2414,2510 2471,2509 2528,2509 2585,2509 2643,2508 2700,2507 2757,2507 2814,2506 2871,2506 2929,2506"/>
                <TextEquiv>
                    <Unicode>Schauspielern des Berliner Deutschen Theaters vorgeführt worden.</Unicode>
                </TextEquiv>
            </TextLine>
            <TextLine id="r1l34" custom="readingOrder {index:33;}">
                <Coords points="1769,2573 2942,2574 2942,2523 2905,2513 1769,2519"/>
                <Baseline points="1779,2558 1836,2559 1894,2560 1951,2560 2009,2561 2067,2561 2124,2561 2182,2561 2240,2560 2297,2560 2355,2560 2413,2559 2470,2559 2528,2558 2586,2558 2643,2557 2701,2556 2759,2556 2816,2555 2874,2555 2932,2555"/>
                <TextEquiv>
                    <Unicode>Es herrschte demgemäß gestern keine eigentliche Premierenstimmung</Unicode>
                </TextEquiv>
            </TextLine>
            <TextLine id="r1l35" custom="readingOrder {index:34;}">
                <Coords points="1776,2604 2948,2616 2921,2553 2564,2585 1776,2570"/>
                <Baseline points="1786,2608 1843,2608 1901,2608 1958,2607 2016,2607 2073,2607 2131,2607 2188,2607 2246,2607 2303,2607 2361,2606 2419,2606 2476,2606 2534,2605 2591,2604 2649,2603 2706,2602 2764,2600 2821,2599 2879,2597 2937,2595"/>
                <TextEquiv>
                    <Unicode>im Hause, doch blieb der Erfolg, den die geistreichen Einakter</Unicode>
                </TextEquiv>
            </TextLine>
            <TextLine id="r1l36" custom="readingOrder {index:35;}">
                <Coords points="1777,2665 2939,2657 2918,2604 1777,2607"/>
                <Baseline points="1788,2652 1845,2653 1902,2653 1959,2654 2016,2654 2073,2654 2130,2654 2187,2654 2244,2654 2301,2654 2358,2653 2415,2653 2472,2653 2529,2652 2586,2651 2643,2651 2700,2650 2757,2649 2814,2648 2871,2647 2928,2646"/>
                <TextEquiv>
                    <Unicode>in der Berliner Darstellung errungen haben, ihnen auch in</Unicode>
                </TextEquiv>
            </TextLine>
            <TextLine id="r1l37" custom="readingOrder {index:36;}">
                <Coords points="1780,2710 2960,2700 2960,2666 2895,2652 1780,2664"/>
                <Baseline points="1790,2702 1848,2702 1906,2702 1964,2702 2022,2702 2080,2702 2138,2702 2196,2702 2254,2702 2312,2702 2370,2701 2428,2701 2486,2701 2544,2700 2602,2700 2660,2699 2718,2698 2776,2697 2834,2695 2892,2694 2950,2693"/>
                <TextEquiv>
                    <Unicode>der Wiener treu. Nach den „Letzten Masken“ mußte der</Unicode>
                </TextEquiv>
            </TextLine>
            <TextLine id="r1l38" custom="readingOrder {index:37;}">
                <Coords points="1773,2758 2920,2728 3131,2762 3184,2711 1773,2713"/>
                <Baseline points="1784,2750 1853,2750 1923,2750 1992,2750 2062,2749 2131,2749 2201,2749 2270,2749 2340,2748 2409,2748 2479,2747 2548,2747 2618,2746 2687,2746 2757,2745 2826,2745 2896,2744 2965,2744 3035,2743 3104,2742 3174,2742"/>
                <TextEquiv>
                    <Unicode>Dichter den anhaltenden Hervorrufen Folge leisten. Die ] inclusive</Unicode>
                </TextEquiv>
            </TextLine>
            <TextLine id="r1l39" custom="readingOrder {index:38;}">
                <Coords points="1778,2808 3142,2774 1778,2755"/>
                <Baseline points="1788,2799 1855,2798 1922,2796 1989,2795 2056,2794 2123,2794 2190,2794 2258,2794 2325,2794 2392,2794 2459,2794 2526,2793 2593,2793 2660,2793 2728,2792 2795,2791 2862,2789 2929,2787 2996,2785 3063,2782 3131,2778"/>
                <TextEquiv>
                    <Unicode>Leistungen der Schauspieler waren ungleichmäßig. Fräulein 1 Porto.</Unicode>
                </TextEquiv>
            </TextLine>
            <TextLine id="r1l40" custom="readingOrder {index:39;}">
                <Coords points="804,2820 1313,2805 1329,2801 1328,2750 971,2751 803,2773"/>
                <Baseline points="813,2802 838,2801 863,2800 888,2800 914,2799 939,2799 964,2798 990,2798 1015,2798 1040,2797 1066,2797 1091,2796 1116,2795 1141,2795 1167,2795 1192,2794 1217,2793 1243,2793 1268,2792 1293,2791 1319,2790"/>
                <TextEquiv>
                    <Unicode>Bezugs-Bedingungen:</Unicode>
                </TextEquiv>
            </TextLine>
            <TextLine id="r1l41" custom="readingOrder {index:40;}">
                <Coords points="2980,2824 3005,2824 3013,2832 3045,2824 3096,2823 3102,2829 3122,2829 3144,2809 3157,2809 3156,2782 3144,2782 3136,2790 3122,2782 3102,2791 3059,2783 3035,2791 3024,2785 2980,2782"/>
                <Baseline points="2991,2817 3016,2818 3042,2818 3068,2817 3094,2817 3120,2817 3146,2816"/>
                <TextEquiv>
                    <Unicode>Zahlbar</Unicode>
                </TextEquiv>
            </TextLine>
            <TextLine id="r1l42" custom="readingOrder {index:41;}">
                <Coords points="1781,2844 2975,2847 2950,2782 1781,2804"/>
                <Baseline points="1792,2840 1850,2840 1909,2841 1967,2841 2026,2842 2085,2842 2143,2842 2202,2842 2260,2842 2319,2842 2378,2842 2436,2841 2495,2841 2553,2840 2612,2839 2671,2838 2729,2837 2788,2836 2846,2835 2905,2833 2964,2831"/>
                <TextEquiv>
                    <Unicode>Sandrock hatte in der Renaissanceszene der „Frau mit dem ..</Unicode>
                </TextEquiv>
            </TextLine>
            <TextLine id="r1l43" custom="readingOrder {index:42;}">
                <Coords points="461,2863 651,2892 1309,2839 1377,2862 1478,2841 1476,2778 1278,2816 460,2832"/>
                <Baseline points="471,2865 520,2863 570,2862 620,2861 670,2860 720,2859 770,2857 819,2857 869,2855 919,2854 969,2852 1019,2851 1069,2850 1119,2848 1168,2847 1218,2845 1268,2844 1318,2842 1368,2840 1418,2838 1468,2836"/>
                <TextEquiv>
                    <Unicode>50 Zeitungsansschnitte (Artikel oder Notizen) Kr. 15.</Unicode>
                </TextEquiv>
            </TextLine>
            <TextLine id="r1l44" custom="readingOrder {index:43;}">
                <Coords points="1415,2881 1461,2879 1481,2893 1502,2875 1543,2899 1590,2856 1636,2853 1660,2863 1704,2854 1700,2821 1655,2800 1616,2819 1599,2810 1569,2822 1537,2807 1516,2834 1488,2848 1430,2840 1411,2850"/>
                <Baseline points="1425,2876 1451,2876 1478,2874 1505,2871 1532,2866 1559,2862 1586,2858 1613,2854 1640,2852 1667,2852 1694,2853"/>
                <TextEquiv>
                    <Unicode>28.— inelust</Unicode>
                </TextEquiv>
            </TextLine>
            <TextLine id="r1l45" custom="readingOrder {index:44;}">
                <Coords points="351,2899 363,2898 389,2886 399,2875 416,2877 426,2885 444,2870 456,2870 455,2823 433,2824 412,2816 400,2823 394,2817 390,2821 386,2817 350,2819"/>
                <Baseline points="361,2867 389,2865 417,2865 445,2865"/>
                <TextEquiv>
                    <Unicode>Für</Unicode>
                </TextEquiv>
            </TextLine>
            <TextLine id="r1l46" custom="readingOrder {index:45;}">
                <Coords points="1773,2897 2562,2912 3206,2860 3154,2814 2822,2853 1772,2843"/>
                <Baseline points="1783,2889 1853,2889 1924,2890 1994,2890 2065,2890 2136,2891 2206,2891 2277,2891 2347,2891 2418,2891 2489,2890 2559,2889 2630,2887 2700,2885 2771,2882 2842,2880 2912,2875 2983,2871 3053,2866 3124,2860 3195,2853"/>
                <TextEquiv>
                    <Unicode>Dolche“ Stil und Kraft, für die parodistische Aufgabe, die ihr —] im Voruus.</Unicode>
                </TextEquiv>
            </TextLine>
            <TextLine id="r1l47" custom="readingOrder {index:46;}">
                <Coords points="1556,2880 1576,2878 1604,2900 1615,2892 1635,2902 1649,2893 1676,2901 1698,2885 1714,2887 1713,2842 1701,2842 1681,2859 1671,2855 1659,2863 1645,2857 1580,2862 1555,2858"/>
                <Baseline points="1565,2895 1592,2891 1620,2890 1648,2890 1676,2891 1704,2892"/>
                <TextEquiv>
                    <Unicode>Porto</Unicode>
                </TextEquiv>
            </TextLine>
            <TextLine id="r1l48" custom="readingOrder {index:47;}">
                <Coords points="451,2917 461,2917 467,2910 481,2912 509,2908 522,2911 532,2903 544,2902 542,2870 507,2869 493,2872 475,2867 459,2880 449,2881"/>
                <Baseline points="460,2904 497,2900 534,2900"/>
                <TextEquiv>
                    <Unicode>100</Unicode>
                </TextEquiv>
            </TextLine>
            <TextLine id="r1l49" custom="readingOrder {index:48;}">
                <Coords points="1406,2921 1428,2920 1434,2926 1454,2916 1458,2921 1473,2919 1477,2923 1493,2918 1499,2924 1523,2921 1525,2876 1503,2873 1482,2893 1462,2880 1456,2884 1450,2880 1425,2883 1407,2878"/>
                <Baseline points="1415,2914 1447,2912 1480,2912 1513,2918"/>
                <TextEquiv>
                    <Unicode>50.—</Unicode>
                </TextEquiv>
            </TextLine>
            <TextLine id="r1l50" custom="readingOrder {index:49;}">
                <Coords points="1783,2948 3162,2936 3210,2885 1783,2903"/>
                <Baseline points="1793,2937 1863,2937 1933,2938 2004,2938 2074,2938 2144,2938 2215,2938 2285,2938 2355,2937 2426,2937 2496,2936 2566,2936 2637,2935 2707,2934 2777,2932 2848,2931 2918,2929 2988,2927 3059,2925 3129,2922 3200,2920"/>
                <TextEquiv>
                    <Unicode>„Literatur“ stellt, ist sie zu humorlos und schwer. Herr knitte ist das</Unicode>
                </TextEquiv>
            </TextLine>
            <TextLine id="r1l51" custom="readingOrder {index:50;}">
                <Coords points="1397,2957 1492,2963 1530,2942 1550,2954 1574,2933 1610,2941 1711,2933 1707,2901 1667,2904 1653,2893 1634,2902 1614,2892 1601,2899 1583,2885 1563,2906 1537,2896 1502,2925 1452,2918 1394,2931"/>
                <Baseline points="1407,2949 1433,2952 1460,2952 1486,2949 1513,2945 1540,2940 1566,2935 1593,2931 1620,2927 1646,2925 1673,2926 1700,2929"/>
                <TextEquiv>
                    <Unicode>110.— Zahlh</Unicode>
                </TextEquiv>
            </TextLine>
            <TextLine id="r1l52" custom="readingOrder {index:51;}">
                <Coords points="441,2963 453,2962 465,2949 505,2947 510,2950 548,2942 545,2906 533,2906 529,2911 470,2910 451,2928 439,2928"/>
                <Baseline points="450,2946 479,2941 508,2940 538,2940"/>
                <TextEquiv>
                    <Unicode>200</Unicode>
                </TextEquiv>
            </TextLine>
            <TextLine id="r1l53" custom="readingOrder {index:52;}">
                <Coords points="436,2978 446,2978 456,2986 462,2981 491,2989 523,2986 535,2974 555,2971 555,2939 545,2939 531,2948 466,2949 450,2963 435,2964"/>
                <Baseline points="446,2980 471,2978 496,2978 521,2977 546,2978"/>
                <TextEquiv>
                    <Unicode>500</Unicode>
                </TextEquiv>
            </TextLine>
            <TextLine id="r1l54" custom="readingOrder {index:53;}">
                <Coords points="1387,3003 1453,2995 1477,3006 1567,2990 1717,3001 1710,2923 1683,2937 1621,2932 1608,2943 1538,2933 1491,2964 1382,2948"/>
                <Baseline points="1395,2988 1420,2989 1446,2989 1472,2987 1498,2985 1523,2982 1549,2979 1575,2976 1601,2973 1626,2971 1652,2969 1678,2968 1704,2969"/>
                <TextEquiv>
                    <Unicode>200.— im Vol</Unicode>
                </TextEquiv>
            </TextLine>
            <TextLine id="r1l55" custom="readingOrder {index:54;}">
                <Coords points="1779,2995 3093,2986 3210,2968 3210,2930 1779,2952"/>
                <Baseline points="1789,2983 1859,2984 1930,2984 2000,2985 2071,2985 2142,2985 2212,2985 2283,2985 2353,2984 2424,2984 2495,2983 2565,2982 2636,2981 2706,2979 2777,2978 2848,2976 2918,2973 2989,2971 3059,2968 3130,2964 3201,2961"/>
                <TextEquiv>
                    <Unicode>Kramer war als feudales Gigerl Clemens sehr ergötzlich, ## steht es den</Unicode>
                </TextEquiv>
            </TextLine>
            <TextLine id="r1l56" custom="readingOrder {index:55;}">
                <Coords points="2937,3027 2957,3025 2969,3035 2994,3029 3008,3015 3069,3020 3083,3009 3097,3012 3098,2983 3083,2983 3063,2971 3051,2977 3029,2973 3008,2979 3000,2970 2988,2970 2968,2980 2955,2970 2937,2972"/>
                <Baseline points="2948,3005 2976,3006 3004,3006 3032,3005 3060,3006 3088,3007"/>
                <TextEquiv>
                    <Unicode>ändern.</Unicode>
                </TextEquiv>
            </TextLine>
            <TextLine id="r1l57" custom="readingOrder {index:56;}">
                <Coords points="384,3052 397,3053 405,3048 409,3052 419,3053 427,2974 419,2974 409,2966 403,2972 392,2971"/>
                <Baseline points="398,3026 412,3027"/>
                <TextEquiv>
                    <Unicode>7</Unicode>
                </TextEquiv>
            </TextLine>
            <TextLine id="r1l58" custom="readingOrder {index:57;}">
                <Coords points="1792,3038 2880,3039 2926,3029 2926,2986 1791,2989"/>
                <Baseline points="1802,3033 1857,3033 1913,3032 1969,3032 2024,3032 2080,3032 2136,3032 2191,3032 2247,3031 2303,3031 2359,3031 2414,3030 2470,3029 2526,3029 2581,3028 2637,3027 2693,3026 2748,3025 2804,3024 2860,3022 2916,3021"/>
                <TextEquiv>
                    <Unicode>sein Weihgast in „Die letzten Masken“ ließ die cherakteristischen</Unicode>
                </TextEquiv>
            </TextLine>
            <TextLine id="r1l59" custom="readingOrder {index:58;}">
                <Coords points="470,3071 1657,3049 1698,2988 468,3032"/>
                <Baseline points="479,3069 539,3068 600,3067 660,3066 721,3064 781,3063 842,3061 902,3059 963,3058 1023,3056 1084,3054 1144,3052 1205,3050 1265,3048 1326,3045 1386,3043 1447,3041 1507,3039 1568,3038 1628,3036 1689,3034"/>
                <TextEquiv>
                    <Unicode>Im Gegensatze zu anderen Bureaux für Zeitungsausschnitte ist)</Unicode>
                </TextEquiv>
            </TextLine>
            <TextLine id="r1l60" custom="readingOrder {index:59;}">
                <Coords points="1785,3088 2926,3078 2925,3027 1784,3035"/>
                <Baseline points="1795,3081 1851,3081 1907,3081 1963,3082 2019,3081 2075,3081 2131,3080 2187,3080 2243,3079 2299,3078 2355,3078 2411,3076 2467,3075 2523,3075 2579,3073 2635,3073 2691,3072 2747,3071 2803,3070 2859,3070 2916,3069"/>
                <TextEquiv>
                    <Unicode>Züge vermissen, die auch den gutsituirten Geschäftsliteraten vom</Unicode>
                </TextEquiv>
            </TextLine>
            <TextLine id="r1l61" custom="readingOrder {index:60;}">
                <Coords points="1380,3079 1436,3094 1610,3079 1645,3096 1710,3095 1707,3032 1683,3031 1655,3049 1606,3034 1538,3053 1497,3044 1379,3055"/>
                <Baseline points="1390,3086 1415,3084 1441,3083 1467,3082 1492,3081 1518,3080 1544,3079 1569,3078 1595,3077 1621,3076 1646,3075 1672,3075 1698,3073"/>
                <TextEquiv>
                    <Unicode>— auch steht es</Unicode>
                </TextEquiv>
            </TextLine>
            <TextLine id="r1l62" custom="readingOrder {index:61;}">
                <Coords points="2935,3106 3028,3093 3049,3101 3108,3091 3122,3102 3148,3093 3211,3098 3209,3031 3138,3035 3124,3050 3049,3050 2998,3027 2972,3038 2955,3025 2933,3027"/>
                <Baseline points="2945,3093 2970,3092 2996,3090 3021,3089 3047,3089 3073,3088 3098,3088 3124,3087 3149,3086 3175,3085 3201,3083"/>
                <TextEquiv>
                    <Unicode>nthaltend die</Unicode>
                </TextEquiv>
            </TextLine>
            <TextLine id="r1l63" custom="readingOrder {index:62;}">
                <Coords points="345,3124 1352,3099 1385,3057 525,3083 343,3057"/>
                <Baseline points="355,3111 406,3110 457,3109 508,3108 559,3107 610,3105 661,3104 712,3102 763,3101 814,3099 865,3098 916,3096 967,3095 1018,3093 1069,3092 1120,3090 1171,3089 1222,3088 1273,3087 1324,3086 1375,3086"/>
                <TextEquiv>
                    <Unicode>Abonnement durch keine bestimmte Zeitdauer begrenzt;</Unicode>
                </TextEquiv>
            </TextLine>
            <TextLine id="r1l64" custom="readingOrder {index:63;}">
                <Coords points="1785,3125 2901,3134 2921,3071 2540,3106 1784,3090"/>
                <Baseline points="1795,3121 1850,3123 1906,3124 1962,3125 2018,3125 2074,3126 2129,3126 2185,3127 2241,3127 2297,3126 2353,3126 2408,3126 2464,3125 2520,3124 2576,3123 2632,3122 2687,3121 2743,3120 2799,3118 2855,3116 2911,3115"/>
                <TextEquiv>
                    <Unicode>Bourgeois unterscheiden. Herr Weisse gab in diesem Stücke</Unicode>
                </TextEquiv>
            </TextLine>
            <TextLine id="r1l65" custom="readingOrder {index:64;}">
                <Coords points="2965,3141 3001,3143 3025,3130 3050,3138 3135,3139 3176,3130 3188,3119 3210,3127 3209,3093 3195,3091 3187,3099 3120,3100 3104,3092 3096,3101 3059,3103 3029,3094 2964,3097"/>
                <Baseline points="2975,3128 3000,3128 3025,3128 3050,3129 3075,3129 3100,3129 3125,3129 3150,3127 3175,3125 3200,3122"/>
                <TextEquiv>
                    <Unicode>Morgen¬</Unicode>
                </TextEquiv>
            </TextLine>
            <TextLine id="r1l66" custom="readingOrder {index:65;}">
                <Coords points="364,3160 1677,3150 1676,3091 362,3115"/>
                <Baseline points="374,3148 438,3148 503,3147 567,3146 632,3145 697,3143 761,3142 826,3140 890,3138 955,3137 1020,3135 1084,3133 1149,3131 1213,3128 1278,3126 1342,3124 1407,3122 1472,3119 1536,3117 1601,3115 1666,3113"/>
                <TextEquiv>
                    <Unicode>Abonnenten frei die aufgegebenen Themen zu ergänzen oder zu ändern.</Unicode>
                </TextEquiv>
            </TextLine>
            <TextLine id="r1l67" custom="readingOrder {index:66;}">
                <Coords points="2938,3175 3030,3182 3042,3172 3076,3179 3084,3171 3127,3171 3141,3181 3159,3166 3188,3178 3200,3176 3200,3134 3179,3126 3133,3140 3123,3134 3110,3145 3029,3129 3013,3143 2938,3138"/>
                <Baseline points="2949,3168 2975,3168 3002,3167 3029,3167 3055,3167 3082,3167 3109,3167 3135,3166 3162,3166 3189,3165"/>
                <TextEquiv>
                    <Unicode>iner Zeitung")</Unicode>
                </TextEquiv>
            </TextLine>
            <TextLine id="r1l68" custom="readingOrder {index:67;}">
                <Coords points="1786,3184 2923,3171 2922,3122 2788,3114 1786,3126"/>
                <Baseline points="1796,3170 1851,3170 1907,3171 1963,3171 2019,3172 2075,3172 2131,3172 2186,3173 2242,3173 2298,3173 2354,3173 2410,3173 2466,3173 2522,3172 2577,3172 2633,3170 2689,3170 2745,3168 2801,3166 2857,3164 2913,3161"/>
                <TextEquiv>
                    <Unicode>dem fiebernden Todeskandidaten Rademacher nur seine unerschütter¬</Unicode>
                </TextEquiv>
            </TextLine>
            <TextLine id="r1l69" custom="readingOrder {index:68;}">
                <Coords points="2939,3214 2990,3213 2998,3221 3006,3213 3065,3210 3087,3218 3176,3209 3219,3225 3219,3180 3198,3172 3172,3178 3160,3166 3142,3181 3127,3171 3083,3171 3071,3180 3042,3172 3014,3183 2939,3175"/>
                <Baseline points="2950,3206 2975,3206 3001,3205 3027,3205 3053,3205 3079,3204 3104,3204 3130,3204 3156,3203 3182,3203 3208,3203"/>
                <TextEquiv>
                    <Unicode>irthschaftliche</Unicode>
                </TextEquiv>
            </TextLine>
            <TextLine id="r1l70" custom="readingOrder {index:69;}">
                <Coords points="479,3234 1699,3212 1708,3160 478,3200"/>
                <Baseline points="490,3231 550,3230 610,3230 671,3229 731,3228 792,3226 852,3225 913,3223 973,3222 1034,3219 1094,3217 1154,3216 1215,3213 1275,3211 1336,3208 1396,3206 1457,3204 1517,3201 1578,3199 1638,3197 1699,3194"/>
                <TextEquiv>
                    <Unicode>Der „OBSERVER“ veranstaltet täglich einen Auszug enthaltend.</Unicode>
                </TextEquiv>
            </TextLine>
            <TextLine id="r1l71" custom="readingOrder {index:70;}">
                <Coords points="1781,3217 2563,3215 2664,3251 2774,3216 2930,3230 2930,3169 1781,3184"/>
                <Baseline points="1792,3216 1848,3216 1904,3217 1961,3218 2017,3219 2073,3219 2130,3220 2186,3220 2242,3220 2299,3221 2355,3221 2411,3220 2468,3220 2524,3220 2580,3219 2637,3218 2693,3217 2749,3216 2806,3215 2862,3213 2919,3211"/>
                <TextEquiv>
                    <Unicode>liche Bedächtigkeit. Mit der ihm eigenen Sorgfalt stellte Herr</Unicode>
                </TextEquiv>
            </TextLine>
            <TextLine id="r1l72" custom="readingOrder {index:71;}">
                <Coords points="2808,3253 2843,3270 2900,3259 2927,3278 3074,3258 3116,3278 3164,3251 3218,3251 3217,3225 3174,3208 2807,3229"/>
                <Baseline points="2818,3254 2843,3254 2869,3253 2895,3252 2921,3251 2947,3250 2973,3249 2999,3247 3025,3246 3051,3245 3077,3243 3103,3242 3129,3241 3155,3240 3181,3239 3207,3239"/>
                <TextEquiv>
                    <Unicode>=.I. Diese Mit¬</Unicode>
                </TextEquiv>
            </TextLine>
            <TextLine id="r1l73" custom="readingOrder {index:72;}">
                <Coords points="365,3285 1714,3250 1713,3207 363,3237"/>
                <Baseline points="374,3276 440,3274 506,3273 573,3271 639,3268 706,3267 772,3265 839,3263 905,3261 972,3259 1038,3257 1104,3256 1171,3254 1237,3252 1304,3249 1370,3248 1437,3245 1503,3243 1570,3241 1636,3239 1703,3237"/>
                <TextEquiv>
                    <Unicode>Inhaltsangabe aller wichtigen Mitthellungen der Wiener Morg</Unicode>
                </TextEquiv>
            </TextLine>
            <TextLine id="r1l74" custom="readingOrder {index:73;}">
                <Coords points="1792,3289 2182,3286 2245,3265 2529,3280 2578,3257 2523,3223 2442,3236 2401,3216 2336,3237 1792,3224"/>
                <Baseline points="1802,3276 1840,3273 1878,3271 1916,3270 1955,3269 1993,3268 2031,3268 2069,3267 2108,3267 2146,3267 2184,3267 2222,3268 2261,3268 2299,3268 2337,3268 2375,3267 2414,3267 2452,3266 2490,3265 2528,3263 2567,3261"/>
                <TextEquiv>
                    <Unicode>Brand den tuberkulösen Schauspieler dar.</Unicode>
                </TextEquiv>
            </TextLine>
            <TextLine id="r1l75" custom="readingOrder {index:74;}">
                <Coords points="357,3318 1707,3286 1628,3241 356,3275"/>
                <Baseline points="367,3313 433,3312 500,3311 566,3310 633,3309 699,3307 766,3305 832,3304 899,3302 965,3300 1032,3298 1098,3296 1165,3294 1231,3291 1298,3289 1364,3287 1431,3284 1497,3282 1564,3279 1630,3277 1697,3274"/>
                <TextEquiv>
                    <Unicode>blätter (Tagesjournale ausser „Neue Freie Presse“ und „Wiener Zeitu</Unicode>
                </TextEquiv>
            </TextLine>
            <TextLine id="r1l76" custom="readingOrder {index:75;}">
                <Coords points="1814,3336 2058,3343 2193,3304 2246,3343 2414,3305 2932,3319 2966,3266 1813,3283"/>
                <Baseline points="1823,3312 1879,3313 1936,3313 1993,3313 2049,3312 2106,3311 2163,3310 2219,3308 2276,3307 2333,3305 2390,3303 2446,3302 2503,3300 2560,3299 2616,3297 2673,3296 2730,3296 2786,3295 2843,3295 2900,3296 2957,3296"/>
                <TextEquiv>
                    <Unicode>theilungen werden in Wien um b Cur Frun</Unicode>
                </TextEquiv>
            </TextLine>
            <TextLine id="r1l77" custom="readingOrder {index:76;}">
                <Coords points="366,3352 1702,3337 1665,3279 365,3324"/>
                <Baseline points="375,3351 440,3350 506,3350 572,3349 638,3347 704,3346 769,3345 835,3343 901,3341 967,3338 1033,3336 1098,3334 1164,3332 1230,3329 1296,3327 1362,3325 1427,3322 1493,3320 1559,3317 1625,3315 1691,3313"/>
                <TextEquiv>
                    <Unicode>wodurch eine Uebersicht über das gesammte politische und wirthschaft</Unicode>
                </TextEquiv>
            </TextLine>
            <TextLine id="r1l78" custom="readingOrder {index:77;}">
                <Coords points="361,3399 1593,3377 1694,3335 360,3348"/>
                <Baseline points="371,3389 436,3389 502,3389 567,3388 633,3387 699,3385 764,3383 830,3382 895,3379 961,3377 1027,3374 1092,3372 1158,3370 1223,3368 1289,3365 1354,3363 1420,3361 1486,3359 1551,3358 1617,3357 1683,3356"/>
                <TextEquiv>
                    <Unicode>Leben den In- und Auslandes in drastischer Kürze geboten wird. Diese</Unicode>
                </TextEquiv>
            </TextLine>
            <TextLine id="r1l79" custom="readingOrder {index:78;}">
                <Coords points="2123,3415 2888,3409 2886,3352 2860,3345 2418,3369 2121,3354"/>
                <Baseline points="2133,3406 2170,3406 2207,3406 2244,3405 2282,3405 2319,3403 2356,3402 2393,3401 2431,3400 2468,3399 2505,3397 2542,3395 2580,3394 2617,3393 2654,3391 2691,3390 2729,3388 2766,3388 2803,3387 2840,3386 2878,3386"/>
                <TextEquiv>
                    <Unicode>Prospecre gratis und fnanco.</Unicode>
                </TextEquiv>
            </TextLine>
            <TextLine id="r1l80" custom="readingOrder {index:79;}">
                <Coords points="369,3448 1394,3409 1374,3369 368,3403"/>
                <Baseline points="379,3431 429,3430 479,3428 529,3426 579,3426 630,3424 680,3423 730,3422 780,3421 830,3419 881,3418 931,3417 981,3416 1031,3414 1081,3413 1132,3411 1182,3410 1232,3407 1282,3405 1332,3403 1383,3401"/>
                <TextEquiv>
                    <Unicode>Theilungen werden in Wien um 9 Uhr Früh verschickt.</Unicode>
                </TextEquiv>
            </TextLine>
            <TextLine id="r1l81" custom="readingOrder {index:80;}">
                <Coords points="684,3519 874,3539 1088,3509 1436,3518 1472,3506 1471,3460 1235,3439 1150,3476 1060,3455 978,3484 683,3485"/>
                <Baseline points="695,3515 733,3516 771,3516 809,3517 848,3516 886,3516 924,3515 963,3514 1001,3513 1039,3512 1078,3511 1116,3510 1154,3509 1192,3508 1231,3506 1269,3505 1307,3504 1346,3503 1384,3502 1422,3501 1461,3501"/>
                <TextEquiv>
                    <Unicode>Prospecte gnatis und fnanco.</Unicode>
                </TextEquiv>
            </TextLine>
            <TextEquiv>
                <Unicode>t
In
box 21/4
16.1. Lebendige Suden zyklus
Alex. Weigl's Unternehmen für Zeitungs-Ausschnitte
piion 12801.
See Ausschnitt
7
Alex. Weigl’s Unternehmen für Zeitungs-Ausschnitte
„OBSEHVEN, Nr. 15
Tröstenhördl. conc. Bureau für Zeitungsberichte u. Personalnachrichten
„OBSERWEP“ 
Nr. 13
NeIO
Wien, I., Concondiaplarz 4.
I. österr. behördl. conc. Bureau für Zeitungsberichte u. Persenalnachrio
Vertretungen in Berlin, Budapest, Chicago, Genf, London, Newyork, Paris, Rom.
Stockholm, Kristiania, St. Petersburg.
Wien, I., Concondiaplarz 4.
Vertretungen in Berlin, Budapest, Chicago, Genf, London, Newyork, Paris,
Steckholm, Kristiania, St. Petersburg.
Ausschnitt aus:
Arseiter Zeitung Wlen
Ausschnitt aus:
Houes Hichef Tagbict
von: „Pja (405
vora: (5 10)
Deutsches Volkstheater. Mit starker Verspätung brachte
gestern eine Wiener Bühne Schnitzlers „Lebendige Stunden“.
ur Aufführung. Der Zyklus ist hier im vorigen Jahre von den!
K 
5 u
Schauspielern des Berliner Deutschen Theaters vorgeführt worden.
Es herrschte demgemäß gestern keine eigentliche Premierenstimmung
im Hause, doch blieb der Erfolg, den die geistreichen Einakter
in der Berliner Darstellung errungen haben, ihnen auch in
der Wiener treu. Nach den „Letzten Masken“ mußte der
Dichter den anhaltenden Hervorrufen Folge leisten. Die ] inclusive
Leistungen der Schauspieler waren ungleichmäßig. Fräulein 1 Porto.
Bezugs-Bedingungen:
Zahlbar
Sandrock hatte in der Renaissanceszene der „Frau mit dem ..
50 Zeitungsansschnitte (Artikel oder Notizen) Kr. 15.
28.— inelust
Für
Dolche“ Stil und Kraft, für die parodistische Aufgabe, die ihr —] im Voruus.
Porto
100
50.—
„Literatur“ stellt, ist sie zu humorlos und schwer. Herr knitte ist das
110.— Zahlh
200
500
200.— im Vol
Kramer war als feudales Gigerl Clemens sehr ergötzlich, ## steht es den
ändern.
7
sein Weihgast in „Die letzten Masken“ ließ die cherakteristischen
Im Gegensatze zu anderen Bureaux für Zeitungsausschnitte ist)
Züge vermissen, die auch den gutsituirten Geschäftsliteraten vom
— auch steht es
nthaltend die
Abonnement durch keine bestimmte Zeitdauer begrenzt;
Bourgeois unterscheiden. Herr Weisse gab in diesem Stücke
Morgen¬
Abonnenten frei die aufgegebenen Themen zu ergänzen oder zu ändern.
iner Zeitung")
dem fiebernden Todeskandidaten Rademacher nur seine unerschütter¬
irthschaftliche
Der „OBSERVER“ veranstaltet täglich einen Auszug enthaltend.
liche Bedächtigkeit. Mit der ihm eigenen Sorgfalt stellte Herr
=.I. Diese Mit¬
Inhaltsangabe aller wichtigen Mitthellungen der Wiener Morg
Brand den tuberkulösen Schauspieler dar.
blätter (Tagesjournale ausser „Neue Freie Presse“ und „Wiener Zeitu
theilungen werden in Wien um b Cur Frun
wodurch eine Uebersicht über das gesammte politische und wirthschaft
Leben den In- und Auslandes in drastischer Kürze geboten wird. Diese
Prospecre gratis und fnanco.
Theilungen werden in Wien um 9 Uhr Früh verschickt.
Prospecte gnatis und fnanco.</Unicode>
            </TextEquiv>
        </TextRegion>
    </Page>
</PcGts>
