3392 4224
157 114 789 186 la come una palestra in cui
158 166 788 234 educhi, il carattere si tem¬
147 213 788 297 tà si rafforzi, sibbene come
152 285 791 357 a ma inevitabile necessità,
150 330 788 413 arsi nella vita un impiego.
160 398 790 465 usto che la società riconosca
150 447 786 524 itto di vivere, é giusto an¬
168 502 785 584 la sua scuola ne procuri
158 549 330 626 sinez21.
156 615 800 709 ggevano le sorti del nostro
176 675 791 759 uomini che erano allora
147 697 783 816 a una lotta terribile, nella
150 781 801 868 a era il conseguimento di
139 856 793 934 interessato ideale, anche gli
157 917 789 996 a cosa assai seria. L’esame
152 967 784 1054 eale era veramente la mi¬
165 1024 787 1111 o che un giovane potesse
155 1085 783 1164 hlere; era severo nelle sue
149 1136 767 1228 partano nelle sue dispo¬
149 1203 771 1297 wa esser rinnovato per in¬
175 1260 783 1342 T’avesse potuto superare
146 1313 783 1405 ho. Poi gli epigoni, che pur
152 1370 770 1462 uello che gli altri avevano
164 1440 776 1521 apparecchiato, vollero far
160 1495 777 1585 ovani di quelle facilitä che
163 1553 770 1640 rovato nella vita, e quella
146 1606 763 1697 nza liceale che faceva im¬
160 1665 774 1750 forti, perché era un ci¬
165 1729 768 1817 no, fu concessa a tutti di
151 1778 768 1858 Pzzi, a bocconi, in due anni,
155 1847 775 1938 n un' infinità di sessioni
150 1899 726 1987 rdinarie e straordinarie.
167 1931 783 2048 italiano si adagió como-
164 2019 766 2120 uesto beato ozio del pey¬
190 2107 776 2222 scuoterlo ora é ginsto
167 2190 766 2267 1 suo capo tutti i fulmini;
153 2257 768 2339 Pramente degno dei tempi
164 2314 578 2392 tesse fieramente.
156 2362 770 2452 ei eccitiamo il Ministro a
156 2431 756 2512 Ila sua riforma, anche se
159 2485 761 2571 Iche volta non interamente
149 2548 758 2632 ti i mezzi con cui vuole
162 2603 769 2684 Importa a noi che sia
171 2669 763 2748 o principio, che la scuola
146 2718 765 2798 na seria palestra, e non
153 2774 763 2875 cui la palma resti ai piü
173 2873 759 2982 che hanno avuto con sé
156 2933 771 3036 hrso i loro giovani, che li
161 3019 764 3096 ttati, durante l’anno scola¬
162 3073 771 3158 serie di esperimenti ogni
176 3135 759 3213 devono essere in grado
155 3151 759 3269 are quali di essi sieno atti
164 3252 764 3332 enza tutta quella inutile
164 3303 755 3392 bompa degli esami finali,
160 3369 758 3448 hariamente non esce che
172 3424 749 3511 loro gindizio? E fosse
171 3483 749 3568 Poiché non sono rari i
159 3547 750 3634 tutte le piccole e sottili
160 3588 757 3685 s impiegano largamente
170 3663 755 3761 e la buona fede altrui,
839 112 1759 199 ad essere una seria preparazione alla
838 165 1754 255 vita. Ma per i professori, no. Crediamo
838 227 1752 310 che sia difficile, se non impossibile, tro¬
831 304 1755 370 yare fra essi uno solo che non lamenti
836 342 1756 426 questo odierno andazzo, e che non si
831 407 1749 487 senta in grado di giudicare, senza gli
831 478 1758 548 esami, anzi contro di essi, il valore dei
820 518 1750 611 suoi alunni. E i professori avrebbero
833 566 1753 662 dovuto in questa occasione far sentire
817 628 1754 702 anch’essi la loro voce. Essi che si son
813 687 1743 776 agitati, or non é guari, per una que¬
813 751 1746 834 stione che ingiustamente feriva i loro
818 803 1752 893 legittimi interessi economici, avrebbero
819 871 1750 955 doyuto cogliere questa occasione per
818 913 1750 1003 dimostrare che a loro non stanno meno
816 993 1749 1085 acuore quelli della nostra colturae
821 1041 1733 1113 della nostra educazione. La loro agita¬
815 1107 1750 1191 zione poteva essere per il Ministro una
818 1156 1743 1224 förza morale grandissima per opporre al
817 1223 1740 1301 piccolo e basso segno al quale oggi par
819 1286 1749 1366 che miri l’istruzione ufficiale in Italia,
811 1340 1739 1416 la méta altissima alla quale il nostro
806 1390 1742 1475 paese deve/fehdere per la grandezza del
815 1458 1749 1527 suo avvefire 4 per la gloria della sua
818 1501 1086 1609 tradizighe.
1325 1547 1683 1672 II Marzocco.
854 1691 1385 1861 Maschere
1136 1851 1671 2010 letterarie.
851 2030 1740 2108 Sulle scene tedesche, che pure accolgono
816 2087 1720 2168 tanti gravi rimuginamenti di pensiero filoso¬
806 2136 1722 2236 fico o di teorie sociali e tanti sforzi di co¬
803 2198 1723 2291 micità grave e lenta, trionfano ora quattro
806 2262 1727 2346 agili lavori in un atto di Arturo Schnitzler,
800 2330 1730 2403 un autore che meriterebbe di essere meglio
795 2385 1722 2464 noto in Italia. La nostra patria, non parca
803 2437 1721 2514 fiel concedere ospitalità alle mediocrissime
806 2487 1732 2584 commedie, agl’ imbrogli, pid strampalati che
806 2565 1730 2643 faceti, dei produttori piu in voga del teatro
801 2618 1722 2677 parigino; e alle elucubrazioni pid melanco¬
798 2683 1731 2752 niche dei bevitori di birra berlinese o vien¬
797 2726 1727 2819 nese, non conosce cio che di meglio, di piu
796 2789 1725 2872 vivo o di pid profondo, di tratto in tratto,
791 2848 1722 2935 in Francia o in Germania, in mezzo a un
801 2910 1727 2985 brulicame di stupide cose o una verminaia
803 2972 1724 3040 diesollazzevoli volgarità, stampa e fa rappre¬
798 3028 1723 3085 sentare qualche scrittore di talento, che si
799 3080 1719 3168 muöve lesto e spedito nel piccolo o vasto
785 3141 1724 3221 possesso feudale d’una libera intelligenza. E
789 3195 1718 3274 avverra sempre cosi, finché le nostre compa¬
792 3262 1725 3336 gnie drammatiche saranno le vittime o volon¬
786 3313 1720 3397 Starie o forzose di pochi speculatori, che loro
791 3366 1722 3454 imporranno l’ufficio di divulgare, insieme a
790 3440 1725 3519 qualche gioconda avventura comica, le insanie
793 3496 1710 3573 piu goffe, le scimmiottature piu grottesche e
797 3547 1292 3625 le sciatterie piü diluite.
837 3587 1701 3679 Ritorno ai quattro atti di Arturo Schnitzler.
789 3668 1714 3746 Portano un titolo di buon augürio, anche se
1804 112 2729 213 tarne l’aspetto, come ora rifä i gesti del
2760 132 3300 204 tro col proprio cervello
1793 172 2715 254 medico che lo cura e che lo proclama mo¬
2759 181 3297 261 sensibilità. Ció vuol dire
1783 234 2718 317 ribondo. Carlo Rademacher, vedendolo, pensa
2756 243 3310 326 l’angustia delle cornici va
1793 297 2724 377 ad altri commedianti meno avversati dalla
2751 295 3319 380 gata, perché il soggetto
1790 354 2721 421 Fortuna; ricorda la carriera del suo amico
2747 357 3313 437 contratte e spudorate facce
1789 405 2724 486 d’ infanzia Alessandro Weihgast, lo scrittore
2752 417 3318 495 stituiscono l'azione, induco
1788 476 2715 546 ricco che non si nutri con le briciole del
2738 478 3323 554 prolungare la vita del drat
1780 517 2713 610 giornalismo, ma che guadagno lautamele con
2743 539 3324 613 presentazione, oltre la lettt
1787 579 2706 657 le sue commedie, coi stlol drammi e de dai
2744 588 3319 676 gabile della sua superiorità
1782 643 2709 702 contatti coi pubblici, con gli uomini, con le
2739 637 3330 719 dilettevoli passatempi di tea
1779 693 2714 757 donne, seppe trarre i piu proticui vantaggi.
2740 702 3330 797 ed incorporee astrazioni di
1830 759 2716 848 II contrasto, che lo Schnitzler istituisce fra
2741 760 2942 835 logiche.
1782 813 2706 894 i due, fra il giornalista dannato alla dimen¬
2796 810 3333 899 Arturo Schnitzler ha an
1770 870 2699 954 ticanza e alla povertà e lo scrittore, conse¬
2749 878 3322 967 gonista una visione origina
1778 925 2717 999 crato dal successo e reso felice dal danaro e
2748 938 3319 1013 Rademacher non appartien
1781 995 2713 1059 dalle lusinghe, & veramente interessante. Se
2741 995 3307 1086 famiglia dei pennaiuoli g
1772 1051 2709 1121 le stelle stanno in alto, e vigilano sui de¬
2736 1063 3301 1144 cosi numerosi romanzi e
1775 1111 2705 1191 stini umani, esse sbagliano qualche volta le
2737 1111 3310 1196 sono stilati sotto i nostri C
1781 1155 2706 1243 teste con la luce bianca dei loro raggi. in¬
2739 1174 3326 1264 di cronisti insulsi, di ricatta
1777 1225 2703 1298 fatti, il trionfatore della vita avrebbe dovuto
2740 1225 3311 1314 o di ribaldi intriganti alle
1780 1281 2693 1368 essere il giornalista Rademacher, non il com¬
2739 1294 3331 1387 onorevoli membri d’ un par
1767 1334 2250 1425 mediografo Weihgast.
2738 1346 3315 1433 alla vigilia d’ un’elezione;
1816 1401 2654 1470 II primo si fece macerare — é vero —
2745 1399 3327 1504 non ha avuto certo uno sca
1762 1453 2689 1531 le carni e lo spirito dalla macchina tipogra¬
2740 1460 3339 1552 tirar fuori da una realtà, chef
1778 1515 2706 1600 fica, ma la mise in movimento con laffoga
2741 1524 3323 1603 valore intellettuale logorato
1775 1570 2707 1648 della sua fatica quotidiana, con la rapida,
2727 1581 3337 1678 cessità d’un diuturno travag
1777 1630 2705 1714 istantanea percezione della sua mente, con la
2726 1637 3330 1726 levato in alto questa sua fig
1767 1694 2706 1773 folla delle sue idee improvvise, vive, accese,
2736 1699 3327 1779 nel paragone con Alessandro
1776 1748 2698 1826 con la sua scrittura docile ad ogni impulso
2723 1757 3323 1837 fio della sua catasta di libri
1777 1812 2700 1887 di realtà e di imaginazione inventiva e mul¬
2729 1815 3330 1904 acume e senza ingegno, ac
1772 1857 2700 1937 tanime; mentre il secondo, nei quadri delle
2726 1881 3336 1964 di monumento cartaceo, pe
1772 1925 2699 1988 scene, degli atti, fra gli applausi, decord di
2726 1930 3332 2028 grandezza del loro autore, ca
1772 1976 2690 2066 frasche e di falso lauro la sua vuotaggine
2727 1987 3337 2075 alle dame; e a costui ha im
1762 2036 2681 2120 interna, il suo stento di tardo ed arido alli¬
2723 2050 3331 2139 una maschera di volgarità cin
1768 2095 2697 2161 neatore di frasi convenzionali, di comuniscasi
2731 2108 3324 2186 II dramma e il romanzo del
1757 2159 2682 2224 di vite incolori o vili, la sua abilità digin¬
2728 2165 3325 2246 ancora da scrivere, e non ha
1763 2219 2681 2304 dovinare la tendenza del pubblico, di favo¬
2730 2221 3328 2307 cora il loro Balzac o il lorc
1764 2271 2697 2348 rirla e di riprodurla nei suoi romanzi enei
2727 2276 3331 2373 i primi scorci di figure, balze
1764 2332 2695 2400 suoi drammi senza rilievo di personalità o
2730 2350 3337 2434 giusta comprensione delle en
1769 2401 2681 2478 segno di temerità pugnace. Questo Alessan¬
2728 2401 3331 2487 nostri tempi, non bisognen
1765 2443 2684 2512 dro Weihgast é un ignobile e fortunato fan¬
2733 2454 3329 2540 sbadataggine, trascurare il pf
1760 2504 2689 2601 toccio, fasciato della bestialità sua e degli
2729 2515 3071 2597 ultime maschere.
1765 2560 2685 2651 altri, rappresentativo e moderno in tuttoge
2770 2568 3318 2661 E una persona nuova che
1771 2627 1998 2696 per tutto.
2726 2624 3324 2718 troppo pigri e irreali boemi
1802 2657 2685 2757 E poeta fu invece, anche se getto lecsue
2725 2691 3332 2778 dell’arte e del giornalismo, c
1764 2748 2694 2819 strofe al vento per un'ora sola, il giornalista
2729 2747 3327 2815 timi anni si sono fatti cosl
1763 2798 2681 2880 Rademacher, che spesso, forse, in un para¬
2721 2810 3311 2892 terini nei libretti d’opera;
1750 2853 2681 2934 dosso, raccolse la sintesi di una verità ##che
2715 2857 3343 2952 sueta imagine dell'artista ruin
1760 2918 2692 3000 in un articolo divino i moti secreti delle ideali
2720 2919 3346 3018 morte dalla donna, come neh
1760 2989 2684 3056 aspirazioni di un popolo, le inespresse bel¬
2709 2982 3331 3062 doma o in Hedda Gabler; 8
1753 3034 2680 3114 lezze d’un'arte futura o d’una vita söciale
2718 3041 3330 3120 evidenza del conflitto modern
1757 3082 2690 3174 dell’avvenire, crepitante come fuoco e cebere
2714 3095 3342 3189 che ardente, intensa intelligen
1761 3147 2677 3234 sotto un vulcano ancora tranquillo nelle sue
2724 3155 3328 3244 blico scorda, sbrana, divora e
1759 3216 2642 3302 superfici floride, vegetanti e cosparse di 8#
2725 3212 3327 3300 crità opportunistica che il
1747 3270 1930 3337 nestre.
2720 3272 3344 3366 impingua ed arricchisce. Otta
1801 3322 2684 3392 Solo I. moglie del Weihgast non si lasci
2712 3334 3344 3427 alcuni suoi dialoghi, aveva for
1745 3381 2682 3460 abbagliare dal luccicare delle fallaci appa
2712 3389 3338 3495 altri scolpito l’ inanità stop
1749 3437 2679 3520 renze. Ben presto misuró a fondo l'albagia
2710 3447 3340 3532 di certe fame accademiche, e
1746 3517 2692 3581 e la vacuità del marito; comprese, invece,
2710 3521 3338 3599 giudicare con sarcasmo brutal
1746 3569 2666 3637 che il Rademacher era un uomo ed un ar¬
2721 3565 3324 3645 merieri, meno copiosi nelle
1749 3625 2674 3707 tista e fu amante sua per due anni. All’evo¬
2709 3624 3340 3710 incisivi nelle definizioni, di au
1756 3702 3332 3783 cazione della pace e dell’agiatezza della casa medie di Alessandro Dumas fi
