3436 4224
2109 133 2566 236 box 21/2
298 155 1982 258 16.1. Lebendige StundenZyklus
2307 1201 2407 1278 AER
897 1256 3327 1357 wiegt, dieses Drama gewollt als die „Lebendigen Stunden“l fällen giebt, nur unbewiesene Geschehnisse vorführt,
191 1231 666 1465 Goldscheng,
907 1314 3294 1383 gekonnt zu haben, so viel bequemer ist es, statt einer Vers=fertige Konflikte, von deren Entstehung wir nichts wissen —
901 1341 3338 1422 tragödie vier einaktige „Stücke“ zu geben, deren geistigerses ist auch in der begrenzten Persönlichkeit Schnitzlers be¬
227 1368 447 1462 reau für
910 1386 3344 1468 Gehalt von einem Theaterpublikum gerade noch bewältigtl gründet, soweit wir ihn bis heute kennen, als einen Mann
906 1440 3344 1518 werden kann. Wer vieles bringt, wird manchem etwas von hellem Kunstverstand und vornehmem Geschmack, der
233 1438 647 1530 hnitte und Verlag
916 1502 3334 1578 bringen, und ganz unbefriedigt ging am Sonnabend keinerl ein Artist und ein Poet ist, kein Dichter... Den „Lebendigen
251 1498 642 1579 jaftlichen Revue.
2120 1529 3337 1596 Stunden“, die den Auftakt zu dem Cyklus gleichen Namens
903 1542 2144 1624 aus dem Haus, in dem man vier an Art und Wert grund¬
328 1541 747 1645 iststr. 87 part.
241 1585 344 1650 ugu
2024 1572 3337 1641 ein geben, ist am Schluß das Thema äußerlich angehängt.
911 1596 2048 1662 verschiedene Nippes aneinandergekoppelt hatte,
240 1618 590 1702 imt III. No. 3051.
905 1603 3350 1697 Dramolet, ein Traumstück, eine Tragikomödie und Was vorhergeht, ist ein magerer Vorfall zwischen matt
285 1640 815 1743 IRERTETSuRTESER
904 1678 3353 1759 einen Schwank. Eine Laune des Autors hält sie skizzirten Figuren, die zu bedeutunglos sind, um Anteil¬
913 1707 3335 1789 zusammen, die als Motto das Wort Paul Bourgets nahme zu erwecken. Sie wird auch der „Frau mit dem
361 1728 484 1798 aitt
246 1739 311 1807 880
910 1760 3336 1825 vertrügen: tout est matière pour vous, für euch Künstler, Dolche“ verweigert, einem kühlen Produkt theatralischer
907 1810 3340 1885 die ihr eurn Freuden und Schmerzen, tiefste und weheste, Halbkunst — in der Formgebung an I. V. Widmanns
2125 1843 3346 1909 „Jenseits von Gut und Böse“ erinnernd — das, in einer
916 1856 2130 1917 eurer Kunst dienstbar macht und machen müßt. Und immer
908 1886 3349 1961 wieder klingt an, verweilend oder flüchtig, der Gedanke vom wenig individuellen Verssprache, an der mächtigen Idee der
910 1921 3339 2012 Marionettenspiel des Lebens, der in der leicht melancho= Seelenwanderung leichtfertig herumtastet, um ein paar
913 1965 3328 2033 lischen Welt Schnitzlers häufig wiederkehrt, an letzte Fragen korrupte Bühneneffekte zu erzielen. In den „Letzten Masken“
920 2045 3347 2103 des rätselvollen Menschendaseins wird hier und da zaghaftssind unentbehrliche Theatermittel virtuos verwendet im
909 2056 3309 2137 gerührt, die in der dramatischen Kleinarbeit nicht zu beant= Dienste einer geistreichen Idee, deren Ausführung hinter der
915 2098 3272 2194 worten, nur zu bereden sind. Derlei stimmungvolle Erfindung nicht zurückbleibt. Es entsteht ein Momentb
923 2192 3238 2230 Spielereien weiß dieser Autor, dem eine Handlung auszu= von intimer Wahrheit mit einer Fülle von Imponderabi
923 2202 3215 2272 spinnen Mühe kostet, mit einer oft raffinirten, doch nie das in seiner Geschlossenheit starken Eindruck macht, tro
2133 2246 3182 2312 uns die rechte psychologische Kontrolle über Thun un
924 2257 2137 2324 aufdringlichen Technik zu schaffen, säuberliche Erzeugnisse eines
2122 2291 3205 2341 nehmen der scharf profilirten Gestalten nicht erm
944 2310 2146 2377 vorgeschrittenen Kunsthandwerks, die dem Scharfblick und dem
966 2340 3220 2402 aakt ihres mit weicher Grazie und kosender Anmut, mit wird. Den glücklichen Abschluß bildet endlich „Littere
925 2381 3256 2452 kgletter Ironie und leiser Lyrik begabten Bildners Ehre eine espritfunkelnde feuilletonistische Boshaftigkeit auf ein
943 2428 3281 2517 flachen, die nicht nachhaltig wirken, aber angenehm unter= feinen Wirklichkeituntergrund mit allerliebsten Witzen, i
918 2472 3340 2555 halten, ohne daß hinterher das ästhetische Gewissen mit nicht dem Zettelkasten entnommen sind, sondern zwanglos
915 2514 3307 2586 Vorwürsen sich einzustellen hätte. Doch daß die seelische der Situation entspringen. All das wird, mit einer Aus
925 2567 3305 2614 Ergriffenheit ausbleibt, daß das Zwingende fehlt, das von nahme, nahezu mustergiltig gespielt, ohne daß einem de
923 2614 3296 2679 der Notwendigkeit der Dinge überzeugt, das fällt nicht nur Darsteller ein besonderer Preis gebührte. Als Nachgeric
210 2631 3290 2748 Herr Brahm hat nicht den littera=1der Kunstform des „Einakters“ zur Last, dessen natürliche aber der „Saison“, im April etwa, hätte das Ganze wä
185 2692 3269 2798 Bühnenwirksamkeit von Schnitzlers Unausgeführtheit statt eines lebensvollen Gesamtbildes meren Dank erworben, als auf der Höhe der Spielzeit,
207 2747 3306 2859 zu erproben. So viel schwerer es die Augenblicksaufnahme von Einzelzügen und Ein=zahllose dringendere Aufgaben der Lösung harren. S. J.
