3392 4320
2943 185 3201 342 1902.
451 194 857 381 3. Mai.
1405 216 2694 417 zur Bohemia Nr. 121.
949 238 1412 443 Beilage
1665 423 1728 470 Mn
426 406 798 495 —
503 415 3103 511 Leitrige meit mmn an de Kocknetlon, Angeizen an de Acäminlstention und Vemider an die Brpoälitlon der „Behentn sender
1039 507 1224 576 eme
380 488 962 591 S
1354 544 3265 641 die sich bewußt dem Leben entfremdet, haben] Harmonien lauscht, hat die Empfindung für
3085 617 3260 677 Diese
1351 607 3053 687 wir in unseren Tagen miterlebt, und es ist den Laut des Herzens verloren. —
564 620 1200 721 Lebendige Stunden.
2307 667 3258 725 Ironie gegenüber der Hohlheit gespielter
1359 669 2310 752 kein Zweifel, daß Schnitzler, der selbst zu Be¬
489 681 1276 760 Vier Eingcler von Arthur Schnitzler.
2313 697 3270 767 Empfindung erhält einen tragischen Schauer in
1356 716 2307 792 ginn seiner literarischen Thätigkeit nicht übel
490 733 1357 819 Das Schaffen des Dichters und Künstlers
2308 759 3259 832 dem Einacter „Die letzten Masken“, dem
1365 775 2312 829 Lust zeigte, nach dieser Seite (hinzuneigen, im
401 791 1358 868 überhaupt besteht aus zwei Momenten, die
2306 789 3263 872 bedeutendsten Stück im Cyclus. & Zwei arme
1366 826 2313 882 Widerspruch zu dieser Richtung auch seinerseits
409 838 1353 927 freilich in der Wirklichkeit nicht logisch scharf
2310 847 3264 914 Kerle, ein Journalist Karl Rademacher und ein
1360 861 2321 933 bekennen wollte, daß ihm der Mensch höher
408 887 1356 964 geschieden sind, in dem Aufnehmen des Welt¬
2318 896 3266 961 Schauspieler Florian Jackwerth, sind auf der
1364 920 1824 998 stehe als der Dichter.
410 924 1365 997 bildes und dem Wiedergeben desselben. Dieses
2301 942 3277 1010 letzten Station angekommen, in einem Extra¬
1447 945 2317 1050 Es geht eine herbe Ironie durch die vier
398 976 1368 1049 doppelte Sein birgt einen Conflict in sich, dem
2318 970 3275 1063 zimmer des Wiener Krankenhauses, das sie nicht
1369 1024 2313 1080 Einacter, aber gerade sie ist das Kennzeichen
408 1028 1365 1088 kein Schaffender entgeht. Er muß auf einer
2320 1045 3271 1104 mehr gesund verlassen sollen. Der Schauspieler
1362 1063 2319 1125 der männlichen Weltauffassung, zu der sich
411 1075 1368 1153 Seite der lebende, fühlende Mensch, auf der
2321 1091 3281 1151 phantasirt von seinen zukünftigen Erfolgen und
1360 1106 2317 1184 Schnitzler durchgerungen hat. Alle Stücke haben
408 1123 1359 1185 anderen Seite der beobachtende Zuschauer sein,
2317 1128 3281 1195 lädt schon alle Spitalspersonen zu seinem ersten
1365 1155 2316 1229 eine epigrammatische Spitze, die fast allzusehr
413 1169 1367 1242 auch da, wo es sich um eigene Erlebnisse han¬
2316 1190 3273 1246 Wiederauftreten. Bitterer ist das Herz Rade¬
1360 1202 2314 1264 hervortreten würde, wenn nicht Schnitzler mit
403 1217 1356 1287 delt, und gerade da am schärfsten. Das volle
2321 1246 3275 1296 machers gestimmt. Er hat Großes gewollt und
1359 1246 2320 1313 feinem künstlerischem Sinn sein Motiv zu vollen
408 1262 1369 1331 Gleichgewicht zwischen Erleben und Gestalten
2326 1276 3283 1340 wenig erreicht, und alle seine Talente sind der
1369 1297 2319 1362 Gemälden ausgestaltet hätte. Am härtesten tritt
412 1311 1370 1383 herzustellen ist nur besonders Auserlesenen be¬
2311 1319 3281 1389 Welt verborgen geblieben. In seinem Pult
1359 1360 2310 1410 noch die Spitze in dem ersten Stücke hervor,
413 1361 1374 1426 schieden, und wer weiß, ob es selbst bei dem
2313 1365 3283 1430 liegen die Zeugnisse eines aufwärts ringenden
1363 1397 2321 1472 das dem Cyklus den Namen gegeben hat,
405 1411 1369 1482 harmonischesten der Menschen, bei Goethe aus¬
2323 1423 3273 1475 Geistes und in den letzten Momenten denkt er
1366 1441 2316 1509 „Lebendige Stunden“. Da steckt noch die Ver¬
400 1455 1368 1520 geglichen war. Auch er wird oft genug die
2311 1461 3278 1527 daran, wie er nach seinem Tode sein Andenken
1364 1479 2308 1568 bitterung drin über das verzärtelte Wesen, den
419 1497 1367 1568 Pein empfunden haben, daß sich zwischen das
2325 1508 3279 1574 noch zu rehabilitiren vermag. Aber in dieser
1368 1532 2318 1600 blutlosen Stimmungsucher. Aber gerade dieser
408 1544 1372 1619 heißeste Empfinden der kühle Beobachter drängt,
2322 1559 3283 1635 Sorge um den Nachruhm mischt sich noch ein
1375 1573 2326 1656 Zorn hat Schnitzler die innigsten Worte ein¬
413 1615 1360 1675 und in sich den Contrast durchgemacht haben,
2325 1610 3282 1668 anderes heftigeres Gefühl. Der Haß gegen
1376 1622 2321 1711 gegeben, die je über den Zwiespalt zwischen
416 1649 1374 1711 wie er dem Auge zuweilen auffällt, wenn
2313 1649 3283 1732 den Dichter Weihegast, seinen Collegen von
1373 1676 2323 1742 Mensch und Dichter gesprochen worden sind.
421 1692 1371 1764 irgend eine rasche, heiße That geschehen ist
2331 1705 3281 1762 ehemals, den die Welt überaus verehrt und
1364 1726 2324 1790 Der junge Dichter Heinrich ist vor Kurzem
422 1733 1376 1797 und die neugierige Menge sich kalt herzudrängt.
2326 1752 3290 1818 den er im Innersten verachtet. Aber nicht nur
1378 1775 2319 1837 verwaist. Seine Mutter, die lange krank ge¬
417 1784 1371 1852 Man hat es oft als besonderen Vorzug des
2330 1790 3294 1867 er, auch die Frau des Dichters Weihegast hat
1379 1803 2330 1882 wesen, ist plötzlich gestorben und Heinrich ist
426 1831 1374 1910 Dichters gepriesen, daß er es vermag, sich über
2323 1846 3296 1905 die innere Leere des gefeierten Poeten erkannt
1373 1880 2324 1933 hinaus in die Welt, um sich Trost zu holen.
422 1885 1370 1943 das Leben emporzuschwingen und das, was
2330 1889 3288 1952 und ist mit ihrem übervollen Herzen in die
1374 1913 2324 1980 Aber es treibt ihn wieder zurück in die Hei¬
427 1924 1375 2014 Andere nur dumpf mitmachen, in feste, bleibende
2324 1936 3275 1999 Arme des Journalisten Rademachers geflohen.
1371 1957 2324 2034 math und sein erster Besuch gilt dem vertrauten
421 1976 1382 2052 Form zu gießen. „Und wenn der Mensch in
2331 1978 3288 2048 Weihegast, der Dichter in seiner Nebelsphäre,
1383 2020 2327 2080 Freunde seiner Mutter, der die letzten Jahre
418 2011 1384 2096 seiner Qual verstummt, gab mir ein Gott zu
2331 2028 3288 2092 hat nichts davon gewußt. Und nun brennt
1384 2048 2331 2121 mit ihr in herzlichem Beisammensein verbracht
428 2068 1382 2148 sagen, was ich leide.“ Dieser Vorzug, der sich
2327 2073 3287 2146 in dem armen, sterbenden Journalisten der
1375 2108 2326 2171 hat, dem pensionirten Beamten Anton Haus¬
424 2116 1378 2187 gar ost in den überschwänglichen Ausdrücken
2332 2109 3287 2188 Wunsch, die letzte Maske von dem Gesichte
1377 2162 2331 2214 dorfer. Hausdorfer war der alten Frau, die
427 2168 1375 2240 leines Gottesgnadenthums gespiegelt hat, ver¬
2330 2170 3294 2242 Weihegast's herabzureißen, und ihm, den Be¬
427 2201 2335 2289 liert allgemach an Werth für eine Zeit, sich schon lange zuvor von ihrem Ehegatten
2324 2207 3297 2288 rühmten, noch vor seinem Sterben ins Gesicht
434 2238 2332 2312 in welcher die Poesie nicht mehr unbedingt als hat scheiden lassen müssen, die einzige Stütze
2333 2264 3291 2334 zu sagen, daß Weihegast's Frau seine Ge¬
1385 2295 2329 2361 und ihr Sohn Heinrich war ihre einzige Hoff¬
419 2310 1382 2369 der Herold der Zeit gilt, und da der Dichter
2670 2322 3287 2387 Er ersucht dringend den
2326 2321 2686 2389 liebte gewesen.
1377 2340 2334 2405 nung. Aber das Leiden zog sich durch Jahre
433 2355 1397 2413 nicht mehr die große Macht über die Menschen
2658 2351 3291 2416 ihm noch eine Unter¬
2332 2368 2676 2432 Secundärarzt,
1380 2388 2330 2460 hin und die Mutter erforderte mehr Geduld
425 2400 1396 2476 hat, die er vor dem besessen, besinnt er sich um
2330 2405 3297 2477 rebung mit Weihegast zu vermitteln, und der
1388 2431 2335 2518 als ihr selbst recht war. Namentlich schmerzte
440 2444 1385 2511 so früher auf sich selbst und fragt sich, ob die
2332 2437 3296 2518 Doctor, der Mitleid mit dem armen Teufel
1393 2479 2334 2545 es sie, als der Sohn ihr Leiden als Stö¬
437 2495 1391 2552 Einbuße, die der Mensch erleidet, durch den
2332 2500 3298 2557 hat, bewilligt seinen Wunsch und holt selbst
1382 2521 2339 2598 rung in seinen dichterischen Arbeiten em¬
436 2542 1383 2608 Gewinn als Künstler immer aufgewogen
2333 2551 3301 2617 den Dichter. In der Zwischenzeit vertraut
1377 2575 2341 2646 pfand, und so faßte sie eines Tages den
441 2580 1385 2648 wird. Dieser Conflict klingt ergreifend in Ib¬
2329 2594 3296 2666 Rademacher seinem Collegen, dem Schauspieler,
1388 2615 2339 2681 Entschluß, das Hinderniß aus dem Wege
442 2629 1383 2692 sens Epilog „Wenn wir Todten erwachen“
2345 2626 3279 2708 was ihn quält, und hält an ihn „probeweise“.
1381 2663 2329 2742 zu räumen. Nur ihr Freund Hausdorfer
441 2675 1379 2743 durch. Und wenn Irene den Professor Rubek
2339 2695 3296 2749 wie der Schauspieler es gewollt, die Ansprache,
1398 2709 2339 2782 sollte es wissen; sie verrieth es ihm in einem
439 2740 1386 2794 mit einem harten Ton Dichter nennt, so er¬
2346 2730 3297 2795 die für den Weihegast bestimmt ist. Und nun
1394 2763 2329 2826 letzten Brief und beschwor ihn, dem Sohne
445 2766 1396 2831 widert sie auf die Anfrage, warum sie ihn so
2346 2784 3287 2845 kommt der Dichter, vornehm, freundlich, herab¬
1398 2810 2342 2876 nichts davon zu sagen. Aber als Hausdorfer
444 2822 1395 2879 bezeichnet: „weil Du ohne Kraft und Willen
2347 2828 3295 2892 lassend und Rademacher — sagt ihm nichts.
1401 2857 2339 2921 merkt, wie „objectiv“ Heinrich sich zum Tode
439 2869 1397 2937 bist und voll Absolution für alle Deine Hand¬
2341 2879 3288 2941 Die letzten Masken herunterreißen? Wozu?
1399 2900 2337 2978 seiner Mutter stellt, kann er sich nicht zurück
430 2918 1393 2984 lungen und Gedanken. Zuerst hast Du meine
2340 2926 3298 2984 Was geht ihn das noch an, der im Sterben
1400 2956 2335 3023 halten und theilt Heinrich mit, was seine
441 2969 1394 3024 Seele gemordet und dann modellierst Du Dich
2336 2976 3296 3046 liegt? Er findet nur noch die Menschen arm¬
1405 2992 2346 3064 Mutter gethan hat. Heinrich antwortet im
446 3010 1397 3076 selbst in Reue und Buße und Selbstanklage
2338 3015 3305 3087 selig, die auch morgen noch leben und — die
1394 3042 2354 3118 ersten Augenblick erschreckt, schon im zweiten
450 3062 1401 3118 und damit, meinst Du dann, ist Dein
2334 3065 3295 3134 Komödie mitspielen müssen! Die kleine Tra¬
1390 3092 2344 3148 mit einer Phrase, die zeigt, daß ihm die unge¬
440 3108 1394 3165 Conto beglichen.“ Vor Rubek stand das
2340 3109 3297 3184 gödie ist in ihrer Art ein Meisterstück, und
1398 3140 2333 3207 heuere Selbstopferung der Mutter als selbst¬
444 3151 1399 3216 schöne, jugendliche, glühende Weib, das ihm
2349 3152 3296 3223 nur in der freilich nicht leicht vermeidbaren
1395 3202 2342 3259 verständlich erscheint, die ihm den Weg zum
444 3196 1401 3267 mit ihrem schön geformten Körper das höchste
2345 3207 3306 3267 Weise, wie die Ansprache Rademachers an den
1403 3232 2334 3310 geistigen Fortschritt bahnt. „Mir bleibt nichts
448 3253 1396 3309 Opfer gebracht, und nachdem er das große,
2346 3256 3300 3320 Schauspieler motivirt ist, empfindet man ein
1409 3281 2340 3345 anderes übrig als mich selbst zu tödten oder
447 3299 1395 3355 seither berühmte Werk geschaffen, was sagt nun
2346 3298 3304 3367 wei die Maschine. In dem engen Rahmen spielt
1398 3329 2336 3407 den Beweis zu versuchen, daß meine Mutter
453 3339 1400 3399 der Künstler zu seinem hingebenden Modell?
2347 3346 3311 3417 sich ein volles Leben ab, und ein echter Schauer
1397 3378 2344 3450 nicht vergeblich gestorben ist.“ Und Hausdorfer
452 3389 1403 3465 „Ich danke Dir vom ganzen Herzen, Irene. Dies
2352 3390 3316 3457 tragischer Größe weht durch den resignirten
1402 3424 2346 3493 antwortet ihm jene schönen Worte, die allein
448 3432 1405 3490 ist eine segensreiche Episode für mich ge¬
2345 3443 3305 3510 Ausklang des Stückes. Hier vergißt man voll¬
1403 3470 2348 3549 geeignet sind, dem ganzen Abend die Weihe zu
453 3491 1407 3556 wesen.“ Auf der einen Seite die vollständige
2344 3479 3311 3562 ständig die Pointe über der mächtigen Stim¬
1401 3518 2346 3586 geben: „Heinrich! Vor einem Monat hat Deine
450 3535 1408 3599 Hingabe, auf der anderen Seite die kühle Con¬
2342 3528 3315 3604 mung. Minder geglückt ist dies in dem zweiten
1407 3565 2348 3630 Mutter noch gelebt, und Du kannst so reden?
451 3573 1405 3643 statirung eines künstlerischen Erfolges. Es ist
2355 3599 3305 3650 Stücke „Die Frau mit dem Dolche“, das selbst
1415 3603 2359 3684 Für Dich hat sie sich umgebracht, und Du
457 3619 1404 3685 der Riß zwischen dem Menschen und Künstler,
2359 3624 3307 3693 mit dem Aufwand eines interessanten scenischen
1411 3652 2346 3726 gehst hin und schüttelst es von Dir ab? Und
459 3674 1407 3743 der hier ausgesprochen ist. Zu diesem tief¬
2354 3677 3317 3747 Experimentes die Kühle der Reflexion nicht
1415 3707 2353 3777 in ein paar Tagen nimmst Du's vielleicht hin,
450 3716 1414 3797 greifenden tragischen Gegensatz hat sich zu allen
2358 3728 3315 3793 ganz überwunden hat. Pauline, die Frau eines
1416 3751 2347 3815 als wär' es ihre Schuldigkeit gewesen? Habe
459 3776 1413 3831 Zeiten ein zweiter komischer hinzugesellt. Der
2350 3772 3314 3834 Dichters, hat Beziehungen mit dem jungen
1416 3801 2345 3863 ich nicht recht? seid Ihr nicht Einer wie der
454 3814 1408 3875 Dichter mochte gar nicht mehr im Leben stehen
2358 3822 3309 3881 Leonhard angeknüpft, die sie vergeblich in den
1409 3845 2353 3914 Andere? Hochmüthig seid Ihr — das ist es:
456 3861 1407 3923 und fühlte sich nur in seiner erträumten Welt
2351 3876 3304 3929 Schranken zu halten sucht. Sie verehrt noch
1411 3887 2353 3961 hochmüthig, Alle, die Großen wie die Kleinen!
459 3911 1413 3963 wohl, in der er Alleinherrscher war. In den
2357 3918 3307 3991 ihren Mann und versteht Leonhard nicht, da
1410 3942 2358 4009 Was ist denn Deine ganze Schreiberei, und
461 3961 1408 4020 Poeten stieg ein ungemessener Hochmuth auf,
2362 3963 3306 4029 er ihr die Kühle auseinandersetzt, mit welcher
1417 3979 2359 4052 wenn Du das größte Genie bist, was ist sie
461 3999 1412 4068 der nur ihre abstracte Welt gelten lassen
2352 4014 3309 4083 der Dichter die intimsten Erlebnisse seiner¬
1411 4025 2356 4094 denn gegen so eine Stunde, so eine lebendige
462 4058 1419 4112 wollte, und während sie alles Geschehen um
2351 4045 3305 4112 Frau in seinen Werken dem Pöbel zum
1410 4083 2358 4146 Stunde, in der Deine Mutter hier auf dem
461 4096 1412 4161 sich her ausschließlich als eine unbequeme, über¬
2348 4089 3315 4155 Besten aibe ###er sie sall ihn verstehen¬
1473 4141 1547 4189 HH11
