3436 4224
2112 126 2563 227 box 21/2
281 137 1952 220 16.1. Lebendige Stunden Zuklus
1193 882 1605 959 Telefon 12801.
700 995 2062 1070 Alex. Weigl’s Unternehmen für Zeitungs-Ausschnitte
1724 1045 1928 1108 Ausschnitt
1050 1048 2066 1206 „OBSERVER“ Nr 63
652 1191 2133 1277 I. österr. behördl. conc. Bureau für Zeitungsberichte u. Personalnachrichten
852 1257 1952 1363 Wien, IX,, Türkenstrasse 17.
1057 1341 1728 1433 Filiale in Budapest: „Figyeló“ —
643 1404 2132 1510 Vertretungen in Berlin, Chicago, Genf, Loudon, Newyork, Paris, Rom, Stockholm.
651 1510 2227 1630 Ausschnitt aus: ansger Aue
1901 1597 1966 1673 Kri
2113 1600 2869 1685 ch im Schaffen behindert fühlt, von sich
2409 1673 2943 1727 tter den Tod — dies ist die
1435 1613 1774 1738 Abin
2741 1711 2941 1766 periment,
660 1707 851 1791 vom
2755 1756 2880 1820 bern,
971 1767 1269 1875 402
2536 2062 2918 2159 dah Feitalter der
2460 2140 2925 2191 Künstlers, den sie eben
1887 2149 2076 2227 mit einem
2345 2171 2941 2241 hintergangen hat. Ihr Mann
1875 2209 2932 2269 verscheint, und da er den Jüngling nicht tödten will, er¬
1868 2258 2930 2302 sticht sie selbst den jungen Maler mit ihrem Dolche.
1875 2304 2921 2357 Da —, die Seene verwandelt sich, das Paar steht
1882 2328 2883 2388 wieder in der Bildergallerie und die Frau versprich
1935 2379 2812 2427 m Geliebten, daß sie am Abend zu ihm kon
2831 2376 2929 2432 men
1150 2372 1609 2459 Lebendige Stunden.
1961 2409 2852 2464 de. Das Auge des Zuschauers sieht den Vorgat
1089 2412 1638 2504 Von unserem L=Mitarbeiter.
1876 2439 2930 2495 der Nich am Abend abspielen wird, vor sich, der grau¬
868 2453 1884 2538 (Mehr als vier neue Stücke an einem Abend kann
1877 2493 2921 2561 same Anblick auf das blutige Ende ist die Pointe des
703 2528 1887 2586 par esich wahrhaftig kein Theater leisten! Das „Deutsche
1878 2528 2048 2596 Stücktes.
861 2559 1882 2613 Theater“ hat am Sonabend ins Volle gegriffen, und
2033 2568 2929 2618 eletzten Masken“ nennt sich das dritte
839 2597 1879 2656 lseinem Publikum gleich vier Einakter, allerdings vom
1887 2596 2928 2668 Stück. Ein mit dem Tode ringender Mensch will den,
844 2628 1877 2695 selben Autor, geboten. Arthur Schnitzler, der bekannie
1876 2644 2919 2696 den er im Leben gehaßt, in der letzten Stunde seines
847 2673 2925 2752 Wiener Poet errang mit seinen vier Stücken, Einaktern,[Daseins noch einmal mit seinem Haß überschütten, doch
840 2698 1263 2763 leinen schönen Erfolg.
1883 2728 2918 2787 er erkennt, daß der Gegenstand des Haßes zu nichtig
896 2756 2927 2819 Die ersten drei Stückchen bilden einen Cyklus, der,lund zu gering ist, —.. er stirbt, innerlich befreit und
684 2768 839 2840 Abonn
850 2768 1890 2860 anknüpfend an den Titel des den Abend eröffnenden
1874 2806 2075 2869 geläutert.
692 2826 1883 2896 Abony [Einakters, „Lebendige Stunden“, einen eigen¬
1930 2826 2915 2902 Ein heiteres, übermüthiges und satyrisches Bildchen
847 2874 1876 2927 artigen, wenn auch nicht mehr neuen psychologischen
1875 2868 2924 2932 zeigt das letzte Stück „Litteratur“. Mit Witz und
2257 2927 2302 2959 *
836 2914 2928 2969 Gedanken ausdrücken will. An den Tod knüpft sich dasltrefsendem Humor karrikirt Schnitzler das „litterarische¬
689 2962 2930 3003 Inhafsjquellende Leben. Der schaffende Künstler schöpft aus dem lsüddeutsche Kaffeehausleben; seine Anspielungen wurden
696 2991 2918 3061 brüt Vergehen blühendes Sein, und wenn er Zeuge deslvom Publikum verstanden und belacht. Das flotte
846 3028 1893 3101 Dahinwelkens des Irdischen ist, erwachsen ihm aus der
701 3034 854 3088 wodur
1880 3045 2915 3112 Stückchen besitzt einen hohen Grad von Lebensfähigkeit.
694 3063 824 3125 des
829 3057 1889 3124 Beobachtung dieses erschütternden Vorganges die Triebe
1911 3084 2926 3155 Den vier neuen Sachen war eine außerordemtlich
696 3119 2497 3198 werdeelzu kräftigem Schaffen. Um den Sohn, der durch ihrelfreundliche Aufnahme beschieden.
1054 3191 1453 3278 TOSLEE S
