<?xml version="1.0" encoding="UTF-8" standalone="yes"?>
<PcGts xmlns="http://schema.primaresearch.org/PAGE/gts/pagecontent/2013-07-15" xmlns:xsi="http://www.w3.org/2001/XMLSchema-instance" xsi:schemaLocation="http://schema.primaresearch.org/PAGE/gts/pagecontent/2013-07-15 http://schema.primaresearch.org/PAGE/gts/pagecontent/2013-07-15/pagecontent.xsd">
    <Metadata>
        <Creator>prov=University of Rostock/Institute of Mathematics/CITlab/Gundram Leifert/gundram.leifert@uni-rostock.de:name=ONB_Newseye_GT_M1+(htr_id=10810)::::v=2.4.2
prov=University of Rostock/Institute of Mathematics/CITlab/Tobias Gruening/tobias.gruening@uni-rostock.de:name=de.uros.citlab.module.baseline2polygon.B2PSeamMultiOriented:v=2.4.2
prov=University of Rostock/Institute of Mathematics/CITlab/Tobias Gruening/tobias.gruening@uni-rostock.de:name=/mnt/transkribus/LA/DEA/URO/LA_news_onb_att.pb:de.uros.citlab.segmentation.CITlab_LA_ML:v=2.4.2
Transkribus</Creator>
        <Created>2019-10-07T11:36:47.007+02:00</Created>
        <LastChange>2019-10-08T20:45:03.957+02:00</LastChange>
        <TranskribusMetadata docId="223975" pageId="9503029" pageNr="662" tsid="16609236" status="IN_PROGRESS" userId="40391" imgUrl="https://files.transkribus.eu/Get?id=CRORXKOSNAVEMBPXVVUUOCJN&amp;fileType=view" xmlUrl="https://files.transkribus.eu/Get?id=XMPQPTURQMYNDMWIWMKDYUJR" imageId="6193243"/>
    </Metadata>
    <Page imageFilename="223975_0662.jpeg" imageWidth="3484" imageHeight="4256">
        <ReadingOrder>
            <OrderedGroup id="ro_1711450029304" caption="Regions reading order">
                <RegionRefIndexed index="0" regionRef="r1"/>
            </OrderedGroup>
        </ReadingOrder>
        <TextRegion orientation="0.0" id="r1" custom="readingOrder {index:0;}">
            <Coords points="278,226 278,3486 3339,3486 3339,226"/>
            <TextLine id="r1l1" custom="readingOrder {index:0;}">
                <Coords points="263,272 2439,283 2439,191 2334,175 1477,238 263,197"/>
                <Baseline points="278,250 385,259 492,266 599,272 707,276 814,279 921,281 1029,283 1136,283 1243,283 1351,282 1458,281 1565,279 1672,277 1780,274 1887,272 1994,269 2102,267 2209,265 2316,264 2424,262"/>
                <TextEquiv>
                    <Unicode>16.1. Lebendige Stunden Zyklus bos 21/5</Unicode>
                </TextEquiv>
            </TextLine>
            <TextLine id="r1l2" custom="readingOrder {index:1;}">
                <Coords points="689,1387 3344,1385 3282,1306 689,1308"/>
                <Baseline points="704,1374 835,1375 966,1376 1097,1377 1229,1378 1360,1378 1491,1378 1622,1378 1754,1378 1885,1378 2016,1378 2147,1378 2279,1378 2410,1378 2541,1379 2672,1379 2804,1380 2935,1381 3066,1383 3197,1385 3329,1387"/>
                <TextEquiv>
                    <Unicode>Marchen Vizulesen, die sie selost in gemutvollen bei diesem für sein geistiges Schaffen Trost und volle Jahre hat Laura de Ma</Unicode>
                </TextEquiv>
            </TextLine>
            <TextLine id="r1l3" custom="readingOrder {index:2;}">
                <Coords points="687,1431 2010,1436 2049,1377 687,1378"/>
                <Baseline points="702,1419 768,1421 835,1422 901,1424 968,1425 1034,1425 1101,1426 1167,1426 1234,1426 1300,1426 1367,1426 1434,1426 1500,1426 1567,1426 1633,1426 1700,1426 1766,1426 1833,1427 1899,1427 1966,1428 2033,1429"/>
                <TextEquiv>
                    <Unicode>Stunden zu Papier gebracht hatte, und wenn sie Labsal zu holen.</Unicode>
                </TextEquiv>
            </TextLine>
            <TextLine id="r1l4" custom="readingOrder {index:3;}">
                <Coords points="2699,1435 2876,1431 2935,1451 3250,1432 3355,1457 3356,1381 3336,1378 2700,1379"/>
                <Baseline points="2716,1421 2747,1422 2778,1422 2809,1423 2840,1424 2871,1424 2902,1425 2934,1425 2965,1426 2996,1426 3027,1426 3058,1426 3089,1427 3120,1427 3152,1427 3183,1428 3214,1428 3245,1429 3276,1429 3307,1430 3339,1431"/>
                <TextEquiv>
                    <Unicode>überaus geliebten Sohn überleh</Unicode>
                </TextEquiv>
            </TextLine>
            <TextLine id="r1l5" custom="readingOrder {index:4;}">
                <Coords points="688,1481 2717,1486 2559,1407 688,1432"/>
                <Baseline points="704,1469 803,1472 903,1474 1003,1476 1103,1477 1203,1478 1302,1479 1402,1479 1502,1479 1602,1479 1702,1478 1801,1478 1901,1478 2001,1477 2101,1477 2201,1476 2300,1476 2400,1476 2500,1476 2600,1476 2700,1477"/>
                <TextEquiv>
                    <Unicode>auch keine beachtenswerte Dichterin gewesen ist, das Bitterböses Leid machte in diesem Punkte auch</Unicode>
                </TextEquiv>
            </TextLine>
            <TextLine id="r1l6" custom="readingOrder {index:5;}">
                <Coords points="1676,1580 3347,1581 3347,1532 3248,1529 1676,1531"/>
                <Baseline points="1691,1570 1772,1571 1854,1572 1936,1573 2018,1574 2100,1574 2182,1574 2264,1574 2346,1574 2428,1574 2510,1574 2591,1573 2673,1573 2755,1573 2837,1572 2919,1572 3001,1571 3083,1571 3165,1571 3247,1570 3329,1570"/>
                <TextEquiv>
                    <Unicode>Vertreter der Selbstverneinung des Bürgertums, große dramatische Erschütterun</Unicode>
                </TextEquiv>
            </TextLine>
            <TextLine id="r1l7" custom="readingOrder {index:6;}">
                <Coords points="740,1625 1580,1643 1672,1630 1673,1542 1407,1527 1348,1560 1282,1527 1144,1572 1036,1529 957,1561 740,1540"/>
                <Baseline points="757,1614 801,1615 846,1616 891,1616 936,1617 981,1617 1026,1617 1071,1617 1116,1617 1161,1617 1206,1617 1250,1617 1295,1617 1340,1617 1385,1617 1430,1617 1475,1618 1520,1619 1565,1620 1610,1621 1655,1623"/>
                <TextEquiv>
                    <Unicode>Theater und Kunst.</Unicode>
                </TextEquiv>
            </TextLine>
            <TextLine id="r1l8" custom="readingOrder {index:7;}">
                <Coords points="2705,1634 3345,1620 3345,1581 3188,1601 3158,1578 2705,1575"/>
                <Baseline points="2723,1621 2753,1622 2783,1622 2813,1622 2844,1623 2874,1623 2904,1623 2935,1623 2965,1623 2995,1623 3026,1623 3056,1623 3086,1623 3116,1622 3147,1622 3177,1621 3207,1620 3238,1620 3268,1619 3298,1618 3329,1617"/>
                <TextEquiv>
                    <Unicode>erleben lassen könnte. ... Er</Unicode>
                </TextEquiv>
            </TextLine>
            <TextLine id="r1l9" custom="readingOrder {index:8;}">
                <Coords points="1688,1618 2715,1623 2715,1580 2683,1577 1688,1578"/>
                <Baseline points="1705,1621 1754,1621 1804,1620 1854,1620 1903,1620 1953,1620 2003,1620 2052,1621 2102,1621 2152,1622 2202,1622 2251,1623 2301,1623 2351,1623 2400,1623 2450,1623 2500,1623 2549,1622 2599,1621 2649,1620 2699,1618"/>
                <TextEquiv>
                    <Unicode>als einen der wenigen, die wissen, daß sie ver¬</Unicode>
                </TextEquiv>
            </TextLine>
            <TextLine id="r1l10" custom="readingOrder {index:9;}">
                <Coords points="2713,1678 3353,1691 3352,1616 2712,1625"/>
                <Baseline points="2728,1668 2758,1670 2788,1672 2819,1673 2849,1674 2880,1675 2910,1675 2940,1674 2971,1674 3001,1674 3032,1673 3062,1672 3092,1671 3123,1671 3153,1670 3184,1670 3214,1670 3244,1670 3275,1670 3305,1671 3336,1672"/>
                <TextEquiv>
                    <Unicode>der Beziehungslosigkeit mystisch</Unicode>
                </TextEquiv>
            </TextLine>
            <TextLine id="r1l11" custom="readingOrder {index:10;}">
                <Coords points="1679,1696 1866,1669 2197,1691 2292,1658 2437,1687 2713,1673 2713,1621 1679,1620"/>
                <Baseline points="1696,1677 1746,1675 1796,1674 1846,1674 1896,1673 1946,1673 1996,1673 2046,1673 2096,1673 2146,1673 2196,1673 2246,1673 2296,1674 2346,1674 2396,1674 2446,1673 2496,1673 2546,1672 2596,1672 2646,1671 2696,1670"/>
                <TextEquiv>
                    <Unicode>neinen, die darunter leiden und sich von diesem</Unicode>
                </TextEquiv>
            </TextLine>
            <TextLine id="r1l12" custom="readingOrder {index:11;}">
                <Coords points="1678,1739 3346,1721 3346,1679 3185,1669 1678,1667"/>
                <Baseline points="1695,1720 1776,1720 1858,1720 1940,1720 2022,1720 2103,1720 2185,1721 2267,1721 2349,1721 2430,1721 2512,1721 2594,1722 2676,1722 2757,1722 2839,1722 2921,1722 3003,1722 3084,1722 3166,1722 3248,1721 3330,1721"/>
                <TextEquiv>
                    <Unicode>Leide berauschen lassen. Freilich verallgemeinert Ende fragt man sich: warum?</Unicode>
                </TextEquiv>
            </TextLine>
            <TextLine id="r1l13" custom="readingOrder {index:12;}">
                <Coords points="758,1750 827,1775 1471,1770 1628,1725 1627,1666 757,1697"/>
                <Baseline points="775,1757 816,1755 858,1753 900,1752 942,1750 984,1750 1025,1749 1067,1748 1109,1748 1151,1747 1193,1747 1234,1747 1276,1746 1318,1746 1360,1746 1402,1746 1443,1745 1485,1745 1527,1744 1569,1744 1611,1743"/>
                <TextEquiv>
                    <Unicode>„Lebendige Stunden.“</Unicode>
                </TextEquiv>
            </TextLine>
            <TextLine id="r1l14" custom="readingOrder {index:13;}">
                <Coords points="1695,1771 3343,1780 3291,1727 1695,1735"/>
                <Baseline points="1711,1770 1791,1771 1872,1771 1953,1771 2034,1771 2115,1771 2195,1771 2276,1771 2357,1771 2438,1770 2519,1770 2599,1770 2680,1769 2761,1769 2842,1769 2923,1769 3003,1769 3084,1770 3165,1770 3246,1771 3327,1772"/>
                <TextEquiv>
                    <Unicode>W. F. diese Kunst für das Bürgertum, denn er alt, die Worte — überflüssig.</Unicode>
                </TextEquiv>
            </TextLine>
            <TextLine id="r1l15" custom="readingOrder {index:14;}">
                <Coords points="682,1809 1703,1809 1703,1763 1640,1750 830,1770 682,1737"/>
                <Baseline points="698,1806 747,1807 796,1807 846,1808 895,1808 945,1808 994,1808 1043,1808 1093,1807 1142,1807 1192,1807 1241,1807 1290,1807 1340,1806 1389,1806 1439,1807 1488,1807 1537,1807 1587,1808 1636,1809 1686,1810"/>
                <TextEquiv>
                    <Unicode>(Vier Einakter von Artur Schnitz¬</Unicode>
                </TextEquiv>
            </TextLine>
            <TextLine id="r1l16" custom="readingOrder {index:15;}">
                <Coords points="1700,1826 3328,1820 3298,1771 1700,1773"/>
                <Baseline points="1716,1817 1795,1819 1875,1820 1955,1821 2034,1821 2114,1821 2194,1821 2273,1821 2353,1820 2433,1820 2513,1819 2592,1819 2672,1818 2752,1818 2831,1817 2911,1817 2991,1817 3070,1818 3150,1819 3230,1820 3310,1821"/>
                <TextEquiv>
                    <Unicode>kann und dauf ja nicht schreiben, daß sie nur auf kum im Saal klatscht Beifall,</Unicode>
                </TextEquiv>
            </TextLine>
            <TextLine id="r1l17" custom="readingOrder {index:16;}">
                <Coords points="871,1856 1111,1876 1377,1850 1537,1889 1702,1863 1702,1811 1652,1807 871,1806"/>
                <Baseline points="887,1854 929,1854 971,1854 1013,1855 1055,1855 1097,1855 1139,1856 1181,1856 1223,1856 1265,1856 1307,1857 1349,1857 1391,1857 1433,1857 1475,1856 1517,1856 1559,1856 1601,1855 1643,1854 1686,1853"/>
                <TextEquiv>
                    <Unicode> Aufführung im Schauspiel¬</Unicode>
                </TextEquiv>
            </TextLine>
            <TextLine id="r1l18" custom="readingOrder {index:17;}">
                <Coords points="685,1866 735,1866 751,1879 758,1873 777,1879 791,1892 837,1892 836,1816 816,1816 810,1823 800,1813 770,1807 751,1823 741,1823 721,1814 685,1811"/>
                <Baseline points="703,1857 732,1856 761,1855 790,1855 819,1857"/>
                <TextEquiv>
                    <Unicode>ler.</Unicode>
                </TextEquiv>
            </TextLine>
            <TextLine id="r1l19" custom="readingOrder {index:18;}">
                <Coords points="1697,1901 3341,1882 3309,1820 1697,1826"/>
                <Baseline points="1713,1869 1793,1870 1874,1870 1954,1870 2035,1870 2116,1870 2196,1870 2277,1870 2358,1870 2438,1869 2519,1869 2600,1868 2680,1868 2761,1868 2842,1867 2922,1867 3003,1867 3084,1868 3164,1868 3245,1869 3326,1870"/>
                <TextEquiv>
                    <Unicode>jenes „Bürgertum“ paßt, das etwa hinter den bildeter Mensch“ von Artur</Unicode>
                </TextEquiv>
            </TextLine>
            <TextLine id="r1l20" custom="readingOrder {index:19;}">
                <Coords points="913,1910 956,1927 995,1913 1166,1926 1202,1903 1346,1935 1366,1915 1494,1908 1494,1862 1438,1856 913,1858"/>
                <Baseline points="929,1902 956,1903 983,1905 1011,1906 1038,1907 1066,1907 1093,1907 1120,1908 1148,1907 1175,1907 1203,1907 1230,1906 1257,1906 1285,1906 1312,1905 1340,1904 1367,1904 1394,1904 1422,1904 1449,1903 1477,1903"/>
                <TextEquiv>
                    <Unicode>hause am 10. Juni.)</Unicode>
                </TextEquiv>
            </TextLine>
            <TextLine id="r1l21" custom="readingOrder {index:20;}">
                <Coords points="2709,1930 2847,1922 2893,1936 2912,1933 2936,1911 2972,1911 2972,1875 2916,1881 2877,1874 2867,1883 2789,1872 2710,1877"/>
                <Baseline points="2727,1916 2752,1914 2777,1913 2803,1912 2828,1913 2853,1914 2879,1914 2904,1916 2929,1917 2955,1918"/>
                <TextEquiv>
                    <Unicode>sein muß.“</Unicode>
                </TextEquiv>
            </TextLine>
            <TextLine id="r1l22" custom="readingOrder {index:21;}">
                <Coords points="1697,1935 2675,1930 2724,1926 2724,1874 1697,1885"/>
                <Baseline points="1713,1924 1762,1921 1812,1919 1862,1918 1911,1917 1961,1916 2011,1915 2060,1915 2110,1915 2160,1916 2210,1916 2259,1916 2309,1916 2359,1917 2408,1917 2458,1917 2508,1916 2557,1916 2607,1915 2657,1913 2707,1911"/>
                <TextEquiv>
                    <Unicode>„großen“ Wiener Judenblättern steht. Das ist</Unicode>
                </TextEquiv>
            </TextLine>
            <TextLine id="r1l23" custom="readingOrder {index:22;}">
                <Coords points="759,1985 2712,1974 2633,1905 759,1906"/>
                <Baseline points="774,1966 870,1965 966,1965 1062,1964 1158,1964 1254,1965 1350,1965 1446,1965 1542,1966 1638,1966 1734,1967 1830,1967 1926,1968 2022,1968 2118,1969 2214,1969 2310,1969 2406,1969 2502,1969 2598,1969 2695,1968"/>
                <TextEquiv>
                    <Unicode>Zum 60. Geburtstage Artur Schnitzlers fühlte aber, wie sich wiederholt ziffernmäßig gezeigt hat,</Unicode>
                </TextEquiv>
            </TextLine>
            <TextLine id="r1l24" custom="readingOrder {index:23;}">
                <Coords points="2766,1975 3025,1980 3058,1961 3196,1985 3347,1977 3347,1921 3298,1894 3209,1933 3164,1913 2937,1911 2894,1937 2766,1922"/>
                <Baseline points="2782,1963 2809,1964 2836,1964 2864,1965 2891,1966 2919,1966 2946,1967 2973,1967 3001,1968 3028,1968 3056,1969 3083,1969 3110,1969 3138,1969 3165,1969 3193,1969 3220,1969 3247,1969 3275,1968 3302,1968 3330,1967"/>
                <TextEquiv>
                    <Unicode>Dies genügt wohl zu er###</Unicode>
                </TextEquiv>
            </TextLine>
            <TextLine id="r1l25" custom="readingOrder {index:24;}">
                <Coords points="687,2023 1715,2014 1715,1971 1685,1968 688,1964"/>
                <Baseline points="705,2015 754,2014 804,2014 853,2014 903,2014 953,2014 1002,2014 1052,2014 1101,2015 1151,2015 1201,2015 1250,2015 1300,2016 1349,2016 1399,2016 1449,2016 1498,2016 1548,2015 1597,2014 1647,2014 1697,2012"/>
                <TextEquiv>
                    <Unicode>sich die Bühnenleitung verpflichtet, eine Art</Unicode>
                </TextEquiv>
            </TextLine>
            <TextLine id="r1l26" custom="readingOrder {index:25;}">
                <Coords points="1711,2021 2715,2031 2692,1972 1711,1972"/>
                <Baseline points="1727,2016 1775,2016 1824,2016 1872,2016 1921,2017 1970,2017 2018,2017 2067,2017 2116,2017 2164,2017 2213,2017 2262,2017 2310,2017 2359,2017 2408,2017 2456,2016 2505,2016 2554,2016 2602,2016 2651,2016 2700,2016"/>
                <TextEquiv>
                    <Unicode>in Wirklichkeit eine sehr dünne Schichte. Und daß</Unicode>
                </TextEquiv>
            </TextLine>
            <TextLine id="r1l27" custom="readingOrder {index:26;}">
                <Coords points="2722,2028 3208,2019 3254,2036 3336,2024 3337,1978 2723,1969"/>
                <Baseline points="2740,2016 2769,2017 2798,2017 2827,2017 2856,2018 2885,2018 2914,2018 2943,2018 2972,2019 3001,2019 3030,2019 3059,2020 3088,2020 3117,2020 3146,2021 3175,2021 3204,2021 3233,2021 3262,2021 3291,2021 3321,2022"/>
                <TextEquiv>
                    <Unicode>sondere Schnitzler-Feier auch</Unicode>
                </TextEquiv>
            </TextLine>
            <TextLine id="r1l28" custom="readingOrder {index:27;}">
                <Coords points="683,2071 1711,2071 1711,2018 683,2009"/>
                <Baseline points="701,2065 750,2065 800,2065 849,2065 899,2065 949,2065 998,2066 1048,2066 1098,2066 1147,2067 1197,2067 1247,2067 1296,2067 1346,2067 1396,2067 1445,2067 1495,2066 1545,2065 1594,2065 1644,2063 1694,2062"/>
                <TextEquiv>
                    <Unicode>Schnitzler=Feier zu begehen, wozu sie die Einakter¬</Unicode>
                </TextEquiv>
            </TextLine>
            <TextLine id="r1l29" custom="readingOrder {index:28;}">
                <Coords points="1704,2066 2593,2083 2721,2073 2721,2027 1703,2017"/>
                <Baseline points="1719,2066 1768,2067 1817,2067 1866,2067 1916,2068 1965,2068 2014,2068 2063,2068 2113,2068 2162,2068 2211,2068 2260,2067 2310,2067 2359,2067 2408,2066 2457,2066 2507,2066 2556,2065 2605,2065 2654,2064 2704,2064"/>
                <TextEquiv>
                    <Unicode>diese verneinende, sich an der Vernichtung, am</Unicode>
                </TextEquiv>
            </TextLine>
            <TextLine id="r1l30" custom="readingOrder {index:29;}">
                <Coords points="2709,2076 3340,2075 3340,2019 3018,2038 2710,2017"/>
                <Baseline points="2727,2068 2756,2068 2786,2068 2816,2068 2846,2068 2876,2068 2905,2068 2935,2068 2965,2069 2995,2069 3025,2069 3054,2069 3084,2070 3114,2070 3144,2070 3174,2070 3203,2070 3233,2070 3263,2070 3293,2069 3323,2069"/>
                <TextEquiv>
                    <Unicode>gewesen wäre, hätte der Die</Unicode>
                </TextEquiv>
            </TextLine>
            <TextLine id="r1l31" custom="readingOrder {index:30;}">
                <Coords points="1523,2121 1542,2118 1565,2137 1578,2127 1598,2133 1621,2120 1677,2126 1683,2119 1703,2119 1703,2076 1680,2077 1647,2067 1522,2068"/>
                <Baseline points="1538,2112 1567,2110 1597,2109 1627,2109 1657,2110 1687,2109"/>
                <TextEquiv>
                    <Unicode>wählte.</Unicode>
                </TextEquiv>
            </TextLine>
            <TextLine id="r1l32" custom="readingOrder {index:31;}">
                <Coords points="690,2127 1530,2109 1529,2067 689,2075"/>
                <Baseline points="706,2114 746,2115 786,2116 827,2116 867,2116 908,2116 948,2115 989,2115 1029,2114 1070,2114 1110,2113 1150,2112 1191,2112 1231,2111 1272,2110 1312,2110 1353,2110 1393,2110 1434,2110 1474,2110 1515,2111"/>
                <TextEquiv>
                    <Unicode>reihe „Lebendige Stunden“</Unicode>
                </TextEquiv>
            </TextLine>
            <TextLine id="r1l33" custom="readingOrder {index:32;}">
                <Coords points="1711,2119 3336,2117 3336,2075 3241,2068 1711,2073"/>
                <Baseline points="1727,2113 1806,2114 1886,2114 1966,2115 2045,2115 2125,2115 2205,2115 2284,2115 2364,2114 2444,2114 2524,2114 2603,2114 2683,2114 2763,2114 2842,2114 2922,2114 3002,2115 3081,2115 3161,2116 3241,2117 3321,2118"/>
                <TextEquiv>
                    <Unicode>Verderben berauschende Art seit Goethes Mephisto Charakterzüge offenbart, als</Unicode>
                </TextEquiv>
            </TextLine>
            <TextLine id="r1l34" custom="readingOrder {index:33;}">
                <Coords points="691,2179 1695,2178 1715,2116 691,2127"/>
                <Baseline points="707,2166 756,2165 806,2164 855,2164 905,2163 955,2163 1004,2163 1054,2163 1104,2163 1153,2164 1203,2164 1253,2164 1302,2164 1352,2164 1402,2164 1451,2164 1501,2164 1551,2164 1600,2163 1650,2163 1700,2162"/>
                <TextEquiv>
                    <Unicode>Könnten wir uns mit der Veranstaltung einer</Unicode>
                </TextEquiv>
            </TextLine>
            <TextLine id="r1l35" custom="readingOrder {index:34;}">
                <Coords points="1700,2167 3345,2177 3256,2121 1700,2117"/>
                <Baseline points="1716,2163 1796,2164 1877,2165 1957,2166 2038,2166 2118,2167 2199,2167 2279,2166 2360,2166 2440,2166 2521,2165 2602,2165 2682,2165 2763,2164 2843,2164 2924,2164 3004,2164 3085,2165 3165,2166 3246,2167 3327,2168"/>
                <TextEquiv>
                    <Unicode>her als teuflisch allbekannt ist, verschweigt dazu gar nicht bestimmte „Re</Unicode>
                </TextEquiv>
            </TextLine>
            <TextLine id="r1l36" custom="readingOrder {index:35;}">
                <Coords points="679,2237 1283,2212 1716,2237 1716,2158 679,2178"/>
                <Baseline points="696,2217 746,2216 796,2215 846,2215 896,2214 947,2214 997,2214 1047,2213 1097,2213 1147,2213 1198,2213 1248,2213 1298,2213 1348,2213 1398,2213 1449,2213 1499,2213 1549,2213 1599,2213 1649,2213 1700,2213"/>
                <TextEquiv>
                    <Unicode>Schnitzler-Feier überhaupt befreunden, müßten</Unicode>
                </TextEquiv>
            </TextLine>
            <TextLine id="r1l37" custom="readingOrder {index:36;}">
                <Coords points="2712,2214 3103,2230 3159,2207 3188,2227 3336,2234 3336,2175 2712,2172"/>
                <Baseline points="2728,2212 2757,2212 2787,2212 2816,2213 2846,2213 2876,2213 2905,2214 2935,2214 2964,2215 2994,2215 3024,2215 3053,2216 3083,2216 3112,2216 3142,2216 3172,2216 3201,2216 3231,2215 3260,2215 3290,2214 3320,2213"/>
                <TextEquiv>
                    <Unicode>des Geschäftemachens mit de</Unicode>
                </TextEquiv>
            </TextLine>
            <TextLine id="r1l38" custom="readingOrder {index:37;}">
                <Coords points="1714,2220 2718,2220 2718,2171 1714,2171"/>
                <Baseline points="1730,2215 1778,2216 1827,2217 1875,2217 1924,2217 1973,2218 2021,2218 2070,2218 2118,2218 2167,2218 2216,2217 2264,2217 2313,2217 2361,2216 2410,2216 2459,2216 2507,2215 2556,2215 2604,2214 2653,2214 2702,2214"/>
                <TextEquiv>
                    <Unicode>W. F. ebenfalls. Dagegen müssen wir ihm recht</Unicode>
                </TextEquiv>
            </TextLine>
            <TextLine id="r1l39" custom="readingOrder {index:38;}">
                <Coords points="2713,2287 2975,2266 2998,2283 3103,2283 3130,2264 3271,2275 3300,2272 3301,2229 3209,2232 3160,2208 3064,2231 2713,2215"/>
                <Baseline points="2730,2260 2757,2261 2785,2261 2813,2262 2840,2263 2868,2263 2896,2264 2923,2264 2951,2265 2979,2265 3007,2265 3034,2266 3062,2266 3090,2266 3117,2266 3145,2266 3173,2266 3200,2265 3228,2265 3256,2264 3284,2264"/>
                <TextEquiv>
                    <Unicode>Rampenlicht gezerrt wurde.</Unicode>
                </TextEquiv>
            </TextLine>
            <TextLine id="r1l40" custom="readingOrder {index:39;}">
                <Coords points="676,2268 2714,2282 2714,2219 676,2213"/>
                <Baseline points="691,2267 791,2266 891,2265 992,2264 1092,2264 1192,2264 1293,2264 1393,2264 1493,2265 1594,2265 1694,2265 1794,2266 1895,2266 1995,2266 2095,2266 2196,2266 2296,2266 2396,2266 2497,2265 2597,2264 2698,2262"/>
                <TextEquiv>
                    <Unicode>wir wohl die Wahl der Stücke als glücklich be- geben, Schnitzlers Werke als „müde" zu bezeich¬</Unicode>
                </TextEquiv>
            </TextLine>
            <TextLine id="r1l41" custom="readingOrder {index:40;}">
                <Coords points="676,2321 2728,2337 2728,2258 676,2285"/>
                <Baseline points="694,2323 794,2319 895,2316 996,2314 1097,2312 1198,2311 1299,2311 1399,2311 1500,2311 1601,2311 1702,2312 1803,2313 1904,2314 2005,2315 2105,2315 2206,2316 2307,2316 2408,2316 2509,2315 2610,2314 2711,2312"/>
                <TextEquiv>
                    <Unicode>zeichnen, da sie Art und Grenzen des Dichters gut nen. Wahrhaftig, wir haben gerade die „Leben¬</Unicode>
                </TextEquiv>
            </TextLine>
            <TextLine id="r1l42" custom="readingOrder {index:41;}">
                <Coords points="2764,2312 2827,2329 2919,2313 3017,2331 3103,2308 3138,2335 3339,2324 3339,2252 3185,2280 2765,2272"/>
                <Baseline points="2782,2311 2810,2311 2838,2312 2867,2313 2895,2314 2923,2314 2952,2315 2980,2315 3008,2316 3037,2317 3065,2317 3094,2318 3122,2318 3150,2318 3179,2318 3207,2317 3235,2317 3264,2316 3292,2315 3321,2314"/>
                <TextEquiv>
                    <Unicode>Nicht, daß man Schnitzler n</Unicode>
                </TextEquiv>
            </TextLine>
            <TextLine id="r1l43" custom="readingOrder {index:42;}">
                <Coords points="683,2370 2564,2379 2715,2373 2715,2317 683,2321"/>
                <Baseline points="701,2366 800,2365 900,2364 1000,2363 1100,2363 1200,2362 1300,2362 1400,2362 1500,2362 1600,2362 1700,2362 1799,2362 1899,2362 1999,2362 2099,2363 2199,2363 2299,2363 2399,2363 2499,2364 2599,2364 2699,2364"/>
                <TextEquiv>
                    <Unicode>erkennen lassen. Aber nach dem „Reigen"=Skandal digen Stunden“ vor etwa 20 Jahren (mit Mebus,</Unicode>
                </TextEquiv>
            </TextLine>
            <TextLine id="r1l44" custom="readingOrder {index:43;}">
                <Coords points="2711,2362 2787,2379 3151,2361 3200,2381 3335,2379 3329,2323 2814,2324 2712,2306"/>
                <Baseline points="2727,2364 2756,2363 2786,2363 2815,2363 2845,2363 2874,2364 2904,2364 2933,2365 2963,2366 2992,2366 3022,2367 3051,2368 3081,2368 3110,2369 3140,2369 3169,2369 3199,2369 3228,2369 3258,2369 3287,2368 3317,2367"/>
                <TextEquiv>
                    <Unicode>mal aufführen sollte, er ist ja</Unicode>
                </TextEquiv>
            </TextLine>
            <TextLine id="r1l45" custom="readingOrder {index:44;}">
                <Coords points="690,2433 2680,2428 2719,2372 690,2374"/>
                <Baseline points="706,2417 805,2415 905,2413 1005,2412 1105,2411 1205,2411 1305,2410 1405,2411 1505,2411 1605,2412 1705,2412 1804,2413 1904,2414 2004,2414 2104,2415 2204,2415 2304,2415 2404,2415 2504,2414 2604,2413 2704,2411"/>
                <TextEquiv>
                    <Unicode>wäre jede deutsche Bühne solcher Gedächtnispflicht Mehnert, Marr, Sussin u. s. w.) gesehen und uns</Unicode>
                </TextEquiv>
            </TextLine>
            <TextLine id="r1l46" custom="readingOrder {index:45;}">
                <Coords points="2716,2421 2897,2421 2916,2438 3025,2412 3113,2432 3248,2428 3307,2422 3307,2366 2716,2372"/>
                <Baseline points="2731,2414 2760,2414 2789,2414 2819,2414 2848,2414 2878,2414 2907,2414 2936,2414 2966,2414 2995,2414 3025,2414 3054,2414 3084,2414 3113,2414 3142,2414 3172,2414 3201,2414 3231,2414 3260,2415 3290,2415"/>
                <TextEquiv>
                    <Unicode>beachtenswerte Erscheinung</Unicode>
                </TextEquiv>
            </TextLine>
            <TextLine id="r1l47" custom="readingOrder {index:46;}">
                <Coords points="692,2458 2724,2472 2616,2413 692,2425"/>
                <Baseline points="710,2468 809,2466 909,2464 1009,2463 1109,2462 1209,2461 1309,2461 1409,2460 1509,2460 1609,2460 1709,2461 1808,2461 1908,2461 2008,2461 2108,2462 2208,2462 2308,2462 2408,2462 2508,2462 2608,2462 2708,2462"/>
                <TextEquiv>
                    <Unicode>enthoben, selbst wenn sie sich darüber hinwegsetzen nunmehr gewundert, daß der Verfasser erst heuer</Unicode>
                </TextEquiv>
            </TextLine>
            <TextLine id="r1l48" custom="readingOrder {index:47;}">
                <Coords points="2717,2471 3341,2469 3341,2420 3311,2410 2717,2419"/>
                <Baseline points="2733,2462 2762,2462 2792,2463 2821,2463 2851,2463 2881,2463 2910,2463 2940,2463 2969,2464 2999,2464 3029,2464 3058,2465 3088,2465 3117,2465 3147,2465 3177,2465 3206,2466 3236,2466 3265,2466 3295,2466 3325,2465"/>
                <TextEquiv>
                    <Unicode>Literatur und man gibt unbeh</Unicode>
                </TextEquiv>
            </TextLine>
            <TextLine id="r1l49" custom="readingOrder {index:48;}">
                <Coords points="1710,2527 1753,2534 1789,2498 1822,2521 1874,2528 1920,2516 2048,2530 2157,2521 2157,2462 1980,2480 1944,2470 1924,2486 1711,2464"/>
                <Baseline points="1726,2507 1752,2509 1778,2511 1804,2512 1830,2513 1856,2513 1882,2514 1908,2514 1934,2513 1960,2513 1986,2513 2012,2513 2038,2513 2064,2513 2090,2513 2116,2514 2142,2515"/>
                <TextEquiv>
                    <Unicode>60 Jahre alt wurde.</Unicode>
                </TextEquiv>
            </TextLine>
            <TextLine id="r1l50" custom="readingOrder {index:49;}">
                <Coords points="681,2520 1705,2514 1705,2465 681,2464"/>
                <Baseline points="696,2512 745,2513 795,2514 844,2514 894,2515 944,2515 993,2515 1043,2515 1092,2515 1142,2514 1192,2514 1241,2513 1291,2513 1340,2512 1390,2512 1440,2511 1489,2510 1539,2510 1588,2509 1638,2509 1688,2509"/>
                <TextEquiv>
                    <Unicode>würde, daß Schnitzler zwar nach der Sprache</Unicode>
                </TextEquiv>
            </TextLine>
            <TextLine id="r1l51" custom="readingOrder {index:50;}">
                <Coords points="2690,2499 2769,2529 2950,2509 2973,2529 3196,2529 3238,2510 3337,2526 3337,2470 2746,2473 2690,2450"/>
                <Baseline points="2707,2511 2737,2512 2768,2512 2799,2512 2830,2513 2860,2513 2891,2513 2922,2513 2953,2513 2983,2513 3014,2513 3045,2513 3076,2513 3106,2513 3137,2513 3168,2513 3199,2513 3229,2513 3260,2512 3291,2512 3322,2512"/>
                <TextEquiv>
                    <Unicode>von seinen Rassegenossen: </Unicode>
                </TextEquiv>
            </TextLine>
            <TextLine id="r1l52" custom="readingOrder {index:51;}">
                <Coords points="683,2557 1714,2571 1714,2509 683,2521"/>
                <Baseline points="700,2563 749,2563 799,2563 849,2564 899,2564 949,2564 999,2563 1048,2563 1098,2563 1148,2563 1198,2562 1248,2562 1298,2562 1348,2561 1397,2561 1447,2560 1497,2560 1547,2560 1597,2559 1647,2559 1697,2559"/>
                <TextEquiv>
                    <Unicode>seiner Werke, nicht aber nach seiner Abstammung</Unicode>
                </TextEquiv>
            </TextLine>
            <TextLine id="r1l53" custom="readingOrder {index:52;}">
                <Coords points="1759,2559 3338,2573 3338,2523 3246,2510 1759,2509"/>
                <Baseline points="1776,2555 1853,2558 1930,2561 2007,2562 2085,2564 2162,2565 2239,2565 2316,2565 2394,2565 2471,2565 2548,2565 2625,2564 2703,2564 2780,2564 2857,2563 2934,2563 3012,2563 3089,2564 3166,2564 3243,2566 3321,2567"/>
                <TextEquiv>
                    <Unicode>Über die Grenzen von Schnitzlers Begabung und Bach, Opern von Meyer</Unicode>
                </TextEquiv>
            </TextLine>
            <TextLine id="r1l54" custom="readingOrder {index:53;}">
                <Coords points="682,2615 1713,2622 1713,2570 682,2556"/>
                <Baseline points="698,2612 750,2612 803,2613 855,2613 908,2614 960,2614 1013,2614 1066,2614 1118,2614 1171,2614 1223,2613 1276,2613 1328,2612 1381,2612 1434,2611 1486,2610 1539,2609 1591,2608 1644,2607 1697,2606"/>
                <TextEquiv>
                    <Unicode>ein Deutscher ist. Außerdem befolgt unsere Bühne</Unicode>
                </TextEquiv>
            </TextLine>
            <TextLine id="r1l55" custom="readingOrder {index:54;}">
                <Coords points="1712,2617 3337,2640 3305,2568 1713,2564"/>
                <Baseline points="1729,2608 1808,2609 1888,2610 1967,2611 2047,2611 2127,2612 2206,2612 2286,2612 2366,2612 2445,2612 2525,2612 2605,2612 2684,2612 2764,2612 2844,2613 2923,2613 3003,2614 3083,2614 3162,2616 3242,2617 3322,2619"/>
                <TextEquiv>
                    <Unicode>sei — aus den angedeuteten Gründen — gleich= Operetten von Offenbach, Osk</Unicode>
                </TextEquiv>
            </TextLine>
            <TextLine id="r1l56" custom="readingOrder {index:55;}">
                <Coords points="678,2650 1111,2691 1144,2665 1712,2673 1712,2614 678,2617"/>
                <Baseline points="696,2664 746,2663 796,2662 846,2661 896,2661 946,2660 996,2660 1046,2660 1096,2660 1146,2660 1196,2660 1246,2660 1296,2660 1346,2660 1396,2660 1446,2660 1496,2660 1546,2659 1596,2659 1646,2659 1697,2659"/>
                <TextEquiv>
                    <Unicode>ansonsten das Wagnerwort „Ehrt eure deutschen</Unicode>
                </TextEquiv>
            </TextLine>
            <TextLine id="r1l57" custom="readingOrder {index:56;}">
                <Coords points="1705,2661 3320,2676 3274,2620 1705,2612"/>
                <Baseline points="1723,2662 1802,2662 1881,2662 1960,2662 2039,2662 2118,2662 2197,2662 2276,2662 2355,2662 2434,2663 2513,2663 2592,2663 2671,2663 2750,2663 2829,2664 2908,2664 2987,2665 3066,2665 3145,2666 3224,2667 3304,2667"/>
                <TextEquiv>
                    <Unicode>falls hieher gesetzt, was W. F. im „Arbeiterwillen“ Fall, Eysler u. s. w. u. s. w.,</Unicode>
                </TextEquiv>
            </TextLine>
            <TextLine id="r1l58" custom="readingOrder {index:57;}">
                <Coords points="1711,2715 3145,2738 3349,2715 3349,2653 1711,2669"/>
                <Baseline points="1729,2713 1809,2712 1889,2711 1969,2711 2049,2710 2129,2710 2209,2710 2290,2710 2370,2710 2450,2710 2530,2711 2610,2711 2690,2712 2770,2712 2851,2712 2931,2713 3011,2713 3091,2713 3171,2714 3251,2714 3332,2714"/>
                <TextEquiv>
                    <Unicode>schreibt: „Meister in der Beobachtung und Analyse die so nach völkischer Besinn</Unicode>
                </TextEquiv>
            </TextLine>
            <TextLine id="r1l59" custom="readingOrder {index:58;}">
                <Coords points="683,2719 1714,2719 1714,2663 683,2654"/>
                <Baseline points="699,2712 749,2711 799,2710 849,2710 899,2710 949,2710 999,2710 1049,2710 1099,2710 1149,2711 1199,2711 1249,2712 1299,2712 1349,2712 1399,2713 1449,2713 1499,2713 1549,2712 1599,2712 1649,2711 1699,2710"/>
                <TextEquiv>
                    <Unicode>Meister!“ nicht in jenem Maße, daß sie den</Unicode>
                </TextEquiv>
            </TextLine>
            <TextLine id="r1l60" custom="readingOrder {index:59;}">
                <Coords points="683,2762 3339,2761 683,2719"/>
                <Baseline points="701,2761 832,2760 963,2759 1094,2758 1225,2758 1356,2758 1487,2758 1619,2758 1750,2759 1881,2759 2012,2760 2143,2760 2274,2761 2405,2761 2537,2762 2668,2763 2799,2763 2930,2763 3061,2763 3192,2763 3324,2763"/>
                <TextEquiv>
                    <Unicode>„auch“=deutschen Schnitzler in das „Ehren“ einbe= der Gesellschaft, in der Wiedergabe der schlaffen Ertlichtigung dürstet, wie die</Unicode>
                </TextEquiv>
            </TextLine>
            <TextLine id="r1l61" custom="readingOrder {index:60;}">
                <Coords points="694,2836 733,2846 756,2829 769,2839 795,2815 841,2825 858,2815 917,2817 927,2827 1022,2816 1021,2767 693,2770"/>
                <Baseline points="710,2812 737,2810 764,2809 791,2808 818,2807 845,2807 872,2807 899,2807 926,2807 953,2807 980,2808 1007,2808"/>
                <TextEquiv>
                    <Unicode>ziehen müßte.</Unicode>
                </TextEquiv>
            </TextLine>
            <TextLine id="r1l62" custom="readingOrder {index:61;}">
                <Coords points="1701,2807 3346,2825 3346,2772 3241,2758 1701,2771"/>
                <Baseline points="1716,2810 1796,2808 1877,2807 1957,2807 2038,2807 2119,2807 2199,2807 2280,2808 2360,2809 2441,2809 2522,2810 2602,2811 2683,2812 2763,2812 2844,2813 2925,2813 3005,2813 3086,2813 3166,2813 3247,2812 3328,2810"/>
                <TextEquiv>
                    <Unicode>und entnervten Spätsommerstimmung und sich eine besondere Schnitzler¬</Unicode>
                </TextEquiv>
            </TextLine>
            <TextLine id="r1l63" custom="readingOrder {index:62;}">
                <Coords points="745,2877 1714,2870 1714,2794 745,2818"/>
                <Baseline points="763,2857 809,2857 856,2857 903,2857 949,2857 996,2858 1043,2858 1089,2858 1136,2858 1183,2858 1230,2859 1276,2859 1323,2859 1370,2859 1416,2859 1463,2859 1510,2859 1556,2859 1603,2859 1650,2858 1697,2858"/>
                <TextEquiv>
                    <Unicode>Damit wir nicht in den Geruch kommen, aus</Unicode>
                </TextEquiv>
            </TextLine>
            <TextLine id="r1l64" custom="readingOrder {index:63;}">
                <Coords points="1706,2867 3308,2864 3308,2825 3108,2811 1706,2824"/>
                <Baseline points="1721,2860 1799,2859 1878,2859 1956,2859 2035,2859 2113,2859 2192,2859 2270,2860 2349,2860 2427,2860 2506,2861 2585,2861 2663,2861 2742,2862 2820,2862 2899,2862 2977,2862 3056,2862 3134,2862 3213,2862 3292,2862"/>
                <TextEquiv>
                    <Unicode>-philosophie der guten Gesellschaft und ihrer Ab- Gegenwart des Verfassers</Unicode>
                </TextEquiv>
            </TextLine>
            <TextLine id="r1l65" custom="readingOrder {index:64;}">
                <Coords points="694,2922 1709,2914 1709,2868 1611,2854 695,2849"/>
                <Baseline points="710,2909 759,2908 808,2908 857,2907 906,2907 956,2907 1005,2907 1054,2908 1103,2908 1152,2909 1202,2909 1251,2910 1300,2911 1349,2911 1398,2911 1448,2912 1497,2912 1546,2912 1595,2911 1644,2910 1694,2909"/>
                <TextEquiv>
                    <Unicode>„antisemitischer Feindseligkeit" und „Voreinge¬</Unicode>
                </TextEquiv>
            </TextLine>
            <TextLine id="r1l66" custom="readingOrder {index:65;}">
                <Coords points="1705,2911 2706,2917 2726,2858 1705,2868"/>
                <Baseline points="1723,2912 1772,2912 1821,2911 1870,2911 1920,2911 1969,2911 2018,2911 2067,2910 2117,2910 2166,2910 2215,2910 2264,2910 2314,2910 2363,2910 2412,2910 2461,2911 2511,2911 2560,2911 2609,2911 2658,2911 2708,2911"/>
                <TextEquiv>
                    <Unicode>trünnigen, versagt seine künstlerische Kraft, wenn</Unicode>
                </TextEquiv>
            </TextLine>
            <TextLine id="r1l67" custom="readingOrder {index:66;}">
                <Coords points="2717,2914 3059,2930 3105,2913 3150,2930 3177,2907 3338,2931 3338,2839 3266,2872 2718,2862"/>
                <Baseline points="2734,2908 2763,2909 2792,2910 2821,2911 2851,2912 2880,2912 2909,2913 2939,2914 2968,2914 2997,2914 3027,2915 3056,2915 3085,2915 3114,2915 3144,2915 3173,2914 3202,2914 3232,2913 3261,2913 3290,2912 3320,2911"/>
                <TextEquiv>
                    <Unicode>können. Hatte er doch Samst</Unicode>
                </TextEquiv>
            </TextLine>
            <TextLine id="r1l68" custom="readingOrder {index:67;}">
                <Coords points="686,2949 752,2976 1717,2965 1717,2912 1461,2898 1228,2927 686,2910"/>
                <Baseline points="702,2955 751,2956 801,2957 851,2958 901,2958 951,2959 1001,2959 1050,2959 1100,2960 1150,2960 1200,2960 1250,2960 1300,2960 1350,2959 1399,2959 1449,2959 1499,2959 1549,2959 1599,2959 1649,2959 1699,2959"/>
                <TextEquiv>
                    <Unicode>nommenheit“, den literarischen Wert Schnitzlers</Unicode>
                </TextEquiv>
            </TextLine>
            <TextLine id="r1l69" custom="readingOrder {index:68;}">
                <Coords points="1708,2963 2729,2986 2703,2914 1708,2921"/>
                <Baseline points="1725,2961 1774,2960 1823,2960 1873,2960 1922,2960 1971,2960 2021,2960 2070,2960 2119,2960 2169,2960 2218,2960 2267,2960 2317,2960 2366,2961 2415,2961 2465,2961 2514,2960 2563,2960 2613,2960 2662,2959 2712,2958"/>
                <TextEquiv>
                    <Unicode>er selbst gestalten will. Die Idee wird nicht Fleisch</Unicode>
                </TextEquiv>
            </TextLine>
            <TextLine id="r1l70" custom="readingOrder {index:69;}">
                <Coords points="2722,2967 3093,2959 3336,2995 3337,2923 3317,2919 2723,2918"/>
                <Baseline points="2740,2957 2768,2958 2797,2959 2826,2960 2855,2960 2884,2961 2913,2962 2942,2962 2971,2963 3000,2963 3029,2963 3057,2964 3086,2964 3115,2964 3144,2964 3173,2965 3202,2965 3231,2965 3260,2965 3289,2965 3318,2965"/>
                <TextEquiv>
                    <Unicode>Teilnahme an der Aufführung</Unicode>
                </TextEquiv>
            </TextLine>
            <TextLine id="r1l71" custom="readingOrder {index:70;}">
                <Coords points="2715,3019 3339,3019 3333,2972 2716,2973"/>
                <Baseline points="2730,3007 2759,3006 2789,3006 2818,3006 2848,3007 2877,3007 2907,3007 2936,3008 2966,3009 2995,3009 3025,3010 3055,3010 3084,3011 3114,3012 3143,3012 3173,3013 3202,3013 3232,3013 3261,3013 3291,3013 3321,3013"/>
                <TextEquiv>
                    <Unicode>in Wien verkünden lassen..</Unicode>
                </TextEquiv>
            </TextLine>
            <TextLine id="r1l72" custom="readingOrder {index:71;}">
                <Coords points="693,3013 2715,3023 2715,2967 693,2954"/>
                <Baseline points="709,3005 808,3007 908,3008 1007,3010 1107,3010 1206,3011 1306,3011 1405,3012 1505,3012 1604,3011 1704,3011 1804,3011 1903,3010 2003,3010 2102,3010 2202,3009 2301,3009 2401,3009 2500,3008 2600,3008 2700,3008"/>
                <TextEquiv>
                    <Unicode>herabzusetzen, sei hier angeführt, was vor wenigen und Blut, wird nicht menschlich packendes Drama,</Unicode>
                </TextEquiv>
            </TextLine>
            <TextLine id="r1l73" custom="readingOrder {index:72;}">
                <Coords points="692,3055 2724,3080 2688,3014 692,3016"/>
                <Baseline points="709,3055 809,3056 909,3057 1009,3058 1109,3058 1209,3058 1309,3058 1409,3058 1509,3058 1609,3057 1709,3056 1809,3056 1909,3055 2009,3055 2109,3055 2209,3055 2309,3055 2409,3055 2509,3056 2609,3057 2709,3059"/>
                <TextEquiv>
                    <Unicode>Tagen im rasseverwandten „Arbeiterwillen“ bleibt Abstraktion. Schnitzter hat viele und gute</Unicode>
                </TextEquiv>
            </TextLine>
            <TextLine id="r1l74" custom="readingOrder {index:73;}">
                <Coords points="2772,3062 2922,3077 2985,3064 3047,3085 3123,3063 3333,3068 3333,3019 3314,3015 2772,3019"/>
                <Baseline points="2789,3056 2815,3056 2841,3057 2867,3057 2894,3057 2920,3058 2946,3058 2973,3059 2999,3060 3025,3060 3052,3061 3078,3061 3104,3061 3130,3062 3157,3062 3183,3062 3209,3062 3236,3061 3262,3061 3288,3061 3315,3060"/>
                <TextEquiv>
                    <Unicode>Die vier Stücke, unter de</Unicode>
                </TextEquiv>
            </TextLine>
            <TextLine id="r1l75" custom="readingOrder {index:74;}">
                <Coords points="696,3113 729,3111 748,3119 765,3113 775,3120 795,3111 814,3125 834,3113 850,3130 876,3134 879,3069 852,3067 846,3074 823,3063 797,3062 783,3074 748,3059 699,3054"/>
                <Baseline points="714,3101 743,3103 773,3105 802,3105 832,3107 862,3108"/>
                <TextEquiv>
                    <Unicode>W. F.</Unicode>
                </TextEquiv>
            </TextLine>
            <TextLine id="r1l76" custom="readingOrder {index:75;}">
                <Coords points="861,3113 3339,3122 3339,3062 861,3045"/>
                <Baseline points="877,3111 999,3110 1121,3110 1243,3109 1366,3109 1488,3109 1610,3108 1732,3109 1855,3109 1977,3109 2099,3109 2221,3110 2344,3110 2466,3111 2588,3111 2710,3112 2833,3112 2955,3113 3077,3113 3199,3114 3322,3114"/>
                <TextEquiv>
                    <Unicode>(jedenfalls W. Fischer) über Schnitzler Schauspiele geschaffen — aber er ist nicht Drama= als „Lebendige Stunden“ zu</Unicode>
                </TextEquiv>
            </TextLine>
            <TextLine id="r1l77" custom="readingOrder {index:76;}">
                <Coords points="697,3170 3349,3187 3254,3114 697,3114"/>
                <Baseline points="713,3155 844,3157 975,3159 1106,3160 1237,3161 1368,3162 1499,3162 1630,3162 1761,3162 1892,3162 2023,3162 2154,3162 2285,3162 2416,3162 2547,3162 2678,3162 2809,3163 2940,3164 3071,3165 3202,3167 3334,3169"/>
                <TextEquiv>
                    <Unicode>schrieb. Er betrachtete ihn als ausgeprägtesten tiker, weil er zu mude und skeptisch ist, als daß er seinerzeit im „Tagblatte“ au</Unicode>
                </TextEquiv>
            </TextLine>
            <TextLine id="r1l78" custom="readingOrder {index:77;}">
                <Coords points="804,3350 902,3372 1017,3344 1086,3372 1200,3328 1267,3370 1457,3334 1582,3365 1660,3328 1659,3249 1511,3241 1433,3272 1400,3243 1341,3280 1304,3251 1190,3252 1131,3289 1019,3248 868,3251 803,3278"/>
                <Baseline points="819,3321 860,3327 901,3331 942,3335 983,3337 1024,3338 1065,3339 1107,3340 1148,3339 1189,3339 1230,3337 1271,3335 1312,3334 1353,3332 1395,3329 1436,3328 1477,3326 1518,3324 1559,3322 1600,3321 1642,3321"/>
                <TextEquiv>
                    <Unicode>Mu I#g Gbe</Unicode>
                </TextEquiv>
            </TextLine>
            <TextLine id="r1l79" custom="readingOrder {index:78;}">
                <Coords points="911,3481 951,3470 970,3485 1013,3475 1039,3484 1050,3474 1084,3497 1138,3474 1169,3503 1222,3500 1231,3386 1211,3381 1173,3405 1136,3369 1094,3402 1001,3375 956,3398 918,3386"/>
                <Baseline points="930,3453 955,3456 980,3459 1005,3462 1031,3464 1056,3466 1081,3468 1106,3469 1132,3471 1157,3472 1182,3473 1208,3474"/>
                <TextEquiv>
                    <Unicode>icfe</Unicode>
                </TextEquiv>
            </TextLine>
            <TextEquiv>
                <Unicode>16.1. Lebendige Stunden Zyklus bos 21/5
Marchen Vizulesen, die sie selost in gemutvollen bei diesem für sein geistiges Schaffen Trost und volle Jahre hat Laura de Ma
Stunden zu Papier gebracht hatte, und wenn sie Labsal zu holen.
überaus geliebten Sohn überleh
auch keine beachtenswerte Dichterin gewesen ist, das Bitterböses Leid machte in diesem Punkte auch
Vertreter der Selbstverneinung des Bürgertums, große dramatische Erschütterun
Theater und Kunst.
erleben lassen könnte. ... Er
als einen der wenigen, die wissen, daß sie ver¬
der Beziehungslosigkeit mystisch
neinen, die darunter leiden und sich von diesem
Leide berauschen lassen. Freilich verallgemeinert Ende fragt man sich: warum?
„Lebendige Stunden.“
W. F. diese Kunst für das Bürgertum, denn er alt, die Worte — überflüssig.
(Vier Einakter von Artur Schnitz¬
kann und dauf ja nicht schreiben, daß sie nur auf kum im Saal klatscht Beifall,
 Aufführung im Schauspiel¬
ler.
jenes „Bürgertum“ paßt, das etwa hinter den bildeter Mensch“ von Artur
hause am 10. Juni.)
sein muß.“
„großen“ Wiener Judenblättern steht. Das ist
Zum 60. Geburtstage Artur Schnitzlers fühlte aber, wie sich wiederholt ziffernmäßig gezeigt hat,
Dies genügt wohl zu er###
sich die Bühnenleitung verpflichtet, eine Art
in Wirklichkeit eine sehr dünne Schichte. Und daß
sondere Schnitzler-Feier auch
Schnitzler=Feier zu begehen, wozu sie die Einakter¬
diese verneinende, sich an der Vernichtung, am
gewesen wäre, hätte der Die
wählte.
reihe „Lebendige Stunden“
Verderben berauschende Art seit Goethes Mephisto Charakterzüge offenbart, als
Könnten wir uns mit der Veranstaltung einer
her als teuflisch allbekannt ist, verschweigt dazu gar nicht bestimmte „Re
Schnitzler-Feier überhaupt befreunden, müßten
des Geschäftemachens mit de
W. F. ebenfalls. Dagegen müssen wir ihm recht
Rampenlicht gezerrt wurde.
wir wohl die Wahl der Stücke als glücklich be- geben, Schnitzlers Werke als „müde" zu bezeich¬
zeichnen, da sie Art und Grenzen des Dichters gut nen. Wahrhaftig, wir haben gerade die „Leben¬
Nicht, daß man Schnitzler n
erkennen lassen. Aber nach dem „Reigen"=Skandal digen Stunden“ vor etwa 20 Jahren (mit Mebus,
mal aufführen sollte, er ist ja
wäre jede deutsche Bühne solcher Gedächtnispflicht Mehnert, Marr, Sussin u. s. w.) gesehen und uns
beachtenswerte Erscheinung
enthoben, selbst wenn sie sich darüber hinwegsetzen nunmehr gewundert, daß der Verfasser erst heuer
Literatur und man gibt unbeh
60 Jahre alt wurde.
würde, daß Schnitzler zwar nach der Sprache
von seinen Rassegenossen: 
seiner Werke, nicht aber nach seiner Abstammung
Über die Grenzen von Schnitzlers Begabung und Bach, Opern von Meyer
ein Deutscher ist. Außerdem befolgt unsere Bühne
sei — aus den angedeuteten Gründen — gleich= Operetten von Offenbach, Osk
ansonsten das Wagnerwort „Ehrt eure deutschen
falls hieher gesetzt, was W. F. im „Arbeiterwillen“ Fall, Eysler u. s. w. u. s. w.,
schreibt: „Meister in der Beobachtung und Analyse die so nach völkischer Besinn
Meister!“ nicht in jenem Maße, daß sie den
„auch“=deutschen Schnitzler in das „Ehren“ einbe= der Gesellschaft, in der Wiedergabe der schlaffen Ertlichtigung dürstet, wie die
ziehen müßte.
und entnervten Spätsommerstimmung und sich eine besondere Schnitzler¬
Damit wir nicht in den Geruch kommen, aus
-philosophie der guten Gesellschaft und ihrer Ab- Gegenwart des Verfassers
„antisemitischer Feindseligkeit" und „Voreinge¬
trünnigen, versagt seine künstlerische Kraft, wenn
können. Hatte er doch Samst
nommenheit“, den literarischen Wert Schnitzlers
er selbst gestalten will. Die Idee wird nicht Fleisch
Teilnahme an der Aufführung
in Wien verkünden lassen..
herabzusetzen, sei hier angeführt, was vor wenigen und Blut, wird nicht menschlich packendes Drama,
Tagen im rasseverwandten „Arbeiterwillen“ bleibt Abstraktion. Schnitzter hat viele und gute
Die vier Stücke, unter de
W. F.
(jedenfalls W. Fischer) über Schnitzler Schauspiele geschaffen — aber er ist nicht Drama= als „Lebendige Stunden“ zu
schrieb. Er betrachtete ihn als ausgeprägtesten tiker, weil er zu mude und skeptisch ist, als daß er seinerzeit im „Tagblatte“ au
Mu I#g Gbe
icfe</Unicode>
            </TextEquiv>
        </TextRegion>
    </Page>
</PcGts>
