3484 4384
-5 1729 51 1773 un
-12 1768 51 1812 on
336 163 1991 248 16.1. Lebendige Stunden— Zuklus
260 1141 700 1227 Telephon 12801.
216 1226 1091 1318 Unternehmen für Zeitungs-Ausschnitte
863 1294 1079 1364 Ausschnitt
997 1314 2070 1392 erbarmungslos vernichteten: das Schicksal der Doppelscene wäre
216 1301 746 1434 BSERYER
922 1357 2066 1431 V] das gleiche geblieben. Es waltet zuviel hohle Theatralik in dieser
990 1416 2063 1468 phantasievollen Mischung des Realen mit dem Stilisirten, das
206 1454 2073 1518 Bureau für Zeitungsberichte u. Personalna Symbolische bleibt im Bilde stecken und übersetzt sich nur schwer
992 1487 2074 1548 und unklar ins Begriffliche. Künstlerisch am werthvollsten sind
199 1493 965 1580 X/1, Türkenstrasse 17.
993 1536 2068 1579 Akt 1 und 3, der ins Neuwienerische übersetzte Fall Charlotte
989 1565 2067 1615 Stieglitz und die lebendige Todesstunde im „Extrakammerl“ des
208 1563 781 1642 liale in Budapest: „Figyelö“
986 1607 2066 1666 Allgemeinen Krankenhauses. Diese beiden psychologisch ebenso
206 1628 983 1696 hicago, Genf, London, Newyork, Paris, Rom,
995 1650 2059 1697 fein wie dialektisch besonnen und klar ausgeführten Arbeiten ver¬
989 1691 2067 1740 einen alle Vorzüge des Dichters und des Bühnenpraktikers
996 1732 2066 1779 Schnitzler. Sie wurden meisterhaft gespielt, namentlich unser
985 1765 2065 1818 trefflicher Charakterdarsteller Carl Häußer schuf mit dem
984 1808 2064 1855 Journalisten Karl Rademacher, der sich angesichts des Todes zum
988 1847 2057 1915 großen Verstehen, Schweigen und Verzeihen durchkämpft, eine ex¬
992 1883 1370 1943 greisend echte Gestalt.
443 1848 989 2006 Frankfurter Teitun
1102 1906 2058 1974 [Vom Theater in Genf und Lausanne.] Aus
996 1956 2062 2016 Lausanne wird uns geschrieben: Eine Vergleichung des
1001 1997 2062 2042 Genfer mit dem Lausanner Theater ist zur Zeit sehr
988 2035 2066 2098 interessant. Bekannt dürfte sein, unter welchem Unstern das
995 2079 2056 2124 Genfer Theater besonders im letzten Jahre stand. Die Verbält¬
991 2121 2064 2166 nisse sind unter der neuen Direktion bessere geworden, auf der
986 2150 2061 2206 Höhe berechtigter Ansprüche steht aber das Institut noch keinen¬
992 2190 2063 2237 falls. Die Stadt gibt monatlich etwa 25,000 Franken Subsidien;
191 2207 982 2276 ner Theater.] Man berichtet uns aus
991 2235 2069 2288 dafür sollte man schon etwas erwarten können. Das ließen auch
198 2266 980 2308 7. ds.: Aus Anlaß ihres 40jährigen Bühnen¬
990 2269 2077 2310 die Ankündigungen am Anfang der Saison hoffen; aber die Hoff¬
192 2306 983 2361 unsere Tragödin Clara Ziegler als Isabella
987 2304 2072 2363 nung ersüllte sich nicht. Von sechs angekündigten Neuheiten der
190 2336 970 2395 Messina“ die Bretter des Hoftheaters
984 2350 2064 2404 Oper war bis Ende Januar eine einzige herausgekommen, die
203 2386 985 2436 Neuem in Bewunderung ob ihres immer noch
997 2387 2075 2439 „Vie de Bohème“ von Puccini, von der man allerdings, was
188 2423 988 2484 gans, ihrer Frische und ihrer bei aller gemessenen
989 2428 2079 2477 Einstudirung und Dekoration betrifft, Lobenswerthes melden kann.
193 2462 979 2509 heit doch nicht erstarrten Geberdensprache. Unge¬
984 2467 2076 2523 Unter den wiederaufgenommenen Opern, die aus dem gewöhn¬
194 2506 983 2563 Blumenkörbe und Lorbeer dankten der Jubilarin.
989 2506 2072 2546 lichen Repertoire hervorragen, sind die wichtlasten „Sapho“ und
203 2545 978 2589 zog Arthur Schnitzler mit seinem neuen
989 2538 2055 2592 „Hérodiade“, Häufig hörte man „Faust“. „Voyage en Chine“
188 2581 977 2631 Hklus im Residenztheater ein, ohne es
986 2578 2071 2633 und „Le petit Poucet“, letzteren allein 17 Mal im Monat Ja¬
194 2624 981 2667 Sieger wieder zu verlassen. Sei es, daß das
997 2619 2063 2675 nuar! An Schauspielen waren neu: „Hernani“, „Ruy Blas“
197 2656 981 2706 unserer Rokokobühne noch den Schnitzler des
994 2645 2067 2713 „Phédre“, „Les Plaideurs“. Der Februar brachte dann als
209 2691 979 2747 * im Kopfe hatte, sei es, daß es sich von den
997 2697 2079 2750 besondere Neuheit die sehr gute Aufführung des „Freischütz“.
212 2721 980 2777 Stunden“ einen lebendigen Abend
1046 2746 2072 2782 Das Lausanner Theater erhält von der Stadt die Gas¬
181 2778 977 2825 ar nicht auf den schattenhaften Zug stiller Leiden
996 2775 2078 2823 beleuchtung und monatlich etwa 2000 Franken mit der Verpflicht¬
176 2804 977 2862 an war auf laute Abenteuer und buntes Leben
985 2817 2070 2871 ung, dafür ein Dutzend Volksvorstellungen zu geben, bei welchen
187 2854 978 2894 arg man in den ersten drei Stücken seine Ent¬
983 2854 2066 2903 alle Plätze 1 Franken oder 50 Cent. kosten. Trotz dieser wirklich
190 2893 972 2945 und schlecht es ging, um sich desto mehr über das
997 2889 2073 2941 geringen Beihilfe leistet dieses Theater besonders in den letzten
178 2919 974 2979 erk literarischer Bosheiten und die glänzende Ab¬
989 2920 2078 2979 Jahren ganz Bedeutendes, dank dem äußerst tüchtigen und litera¬
188 2966 973 3023 blichen Gefühlsfnobismus in der bissigen Parodie
994 2978 2072 3026 risch hochgebildeten Direktor Darcourt und zum Theil vor¬
176 3013 972 3064 enen. Für das Schicksal des zweiten Aktes: „Die
982 3013 2067 3064 züglicher Kräfte. Unter diesen letzteren nenne ich besonders Frau
182 3031 990 3099 dem Dolche“ kann ein Fehler der Regie nur
987 3049 2072 3098 Sybel=Bardet, eine durch vorzügliches Spiel und aus¬
185 3078 979 3140 rantwortlich gemacht werden. Aber ich glaube,
985 3092 2079 3140 gezeichnete Aussprache ganz hervorragende Schauspielerin. Schon
187 3125 983 3162 nicht die knarrende, die Illusion unbedingt zer¬
992 3126 2068 3171 voriges Jahr hatten wir eine ganze Reihe Neuheiten, darunter
185 3157 979 3207 hbühne zur Erfüllung der Forderung des
996 3164 2069 3210 wie dieses Jahr auch wieder solche, die kurz zuvor als Premièren
187 3202 983 3244 kasche Verwandlung“ herangezogen und nicht bei
989 3199 2080 3251 in Paris herausgekommen waren und hier ihre erste Auf¬
189 3240 995 3291 in die Bildergalerie Statisten in Gestalt Paulines
984 3225 2081 3291 führung außerhalb Paris fanden. Diesen Winter sahen
189 3278 2091 3342 erwendet hätte, die die seine Pvinte des Schlusses wir als Besonderheiten „La nouvelle ldole“, „Cathérme“, !
207 3338 855 3404 Specte gratis und inanco.
2127 164 2586 257 box 21/3
2071 1339 3177 1402 „La Robe Rouge“, „Blanchette“, „Les Rempla¬
2076 1375 3168 1429 çantes“, „L’Emgme“, „Le voiturier Henschel“ und
2073 1400 3170 1472 einige sehr interessante Einakter. Daneben kam das gewöhn¬
2078 1452 3158 1506 liche und klassische Repertoire zu vollem Rechte, ebenso wurden eine
2081 1496 3158 1546 Menge Lustspiele und einige Volksdramen gegeben. Zum Schluß
2071 1539 3158 1583 will uns der rührige Direktor noch „Le petit Poucet“ bieten,
2079 1568 3159 1629 den er von Genf übernimmt. Und das Alles an zwei, höchstens
2072 1608 3150 1664 drei wöchentlichen Spielabenden! Sofort nach Ostern schließt sich
2074 1655 3152 1709 jedes Jahr abwechselnd die Opern oder Operettensaison an, die
2072 1698 3159 1740 ungefähr zwei Monate dauert und unter der Leitung eines sehr
2078 1736 3155 1781 geschickten, kunstverständigen Comité's hiesiger Bürger steht.
2077 1766 3159 1821 Letztes Jahr gab man als Neuheiten, mit sehr guten Kräften u. a.
2082 1808 3155 1862 „Thais“, „Phryné“ Vie de Bohème“ letztere also noch ein
2073 1831 3153 1890 Jahr vor Genf. Dieses Jahr ist wieder Operettensaison; die letzte
2082 1889 3160 1942 vor 2 Jahren war, was Kräfte und Einstudirung betrifft, ganz
2064 1919 3160 1985 prächtig. — Man leistet also hier unstreitig mindestens doppelt so
2071 1960 3158 2009 viel als in Genf, was bei der großen Verschiedenheit städtischer
2065 2005 3161 2049 Subsidien und der Theater an und für sich doppelt anerkennens¬
2081 2039 3161 2091 werth erscheint. Leider nur ließ das Interesse und Kunstverstänb¬
2070 2076 3155 2130 niß des Publikums wahrend der diesjährigen Schauspielzeit
2078 2114 2571 2185 Manches zu wünschen übrig.
