3484 4256
320 251 2595 336 16.1. Lebendige Stunden zyklus box 21/2
1278 812 1728 882 Telefon 12801.
825 909 2178 1011 Alex. Weigl's Unternehmen für Zeitungs-Ausschnitte
1846 968 2041 1035 Ausschnitt
1853 989 2166 1109 Nr. 91
1158 983 1801 1124 „OBSERVER“
749 1111 2223 1193 I. österr. behördl. conc. Burean für Zeitungsberichte u. Personalnachrichten
947 1186 2070 1272 Wien, IX. Türkenstrasse 17.
1158 1274 1814 1357 — Filiale in Budapest: „Figyelö“
770 1326 2230 1408 Vertretungen in Berlin, Chicago, Genf, London, Newyork, Paris, Rom, Stockholm.
771 1463 2201 1635 Ausschnitt aus: Frankfurter Oderzeitung
1370 1602 1944 1710 Frankfurt a. O.
769 1612 1327 1740 vor 1/7 90.
1181 1967 1587 2050 Aus Berlin.
1843 1897 2767 2056 er und inhalelet. Die Firmer sid ie un.
1827 2021 2781 2102 lebendig und wächsern, wie der Titel, der ans
1007 2021 2774 2143 In seinem neuesten Einakter=Cyklus „Leben=] Panoptikum erinnert. Nicht, daß die Frau sündigt
933 2058 1854 2144 dige Stunden“, welcher in dieser Woche über
1850 2097 2776 2162 und gesündigt hat, ist interessant. Wie sie zur
936 2104 1842 2182 die Breiter des Deutschen Theaters ging, ist
1843 2139 2784 2222 Sünde kommt, das allein ist für den Dichter und
940 2140 1835 2216 Schaigler zu seiner ersten Kunstform zurückgekehrt.
1846 2170 2312 2235 Psychologen von Werth.
942 2183 1334 2246 On revient tonjours
1417 2198 1848 2265 Er scheint den Ehrgeiz
1912 2210 2770 2290 Gift und Dolch waren an dem Publikum des
946 2225 1841 2300 zu haben, sich zum Einakter=Spezialisten auszu¬
1838 2242 2771 2335 Deutschen Theaters eindruckslos vorübergegangen.
932 2266 1839 2341 bilden. Oder sollte in dieser ewig wiederkehrenden
1844 2292 2772 2361 Im dritten Einakter „Die letzten Masken“ wirkt
931 2299 1829 2375 Art, kleine Scenchen zusammenzubasteln, das Geständ¬
1849 2329 2784 2423 Freund Hain auf natürliche Weise und erzielte
927 2337 1836 2413 niß der Unfähigkeit zu Größerem, Weitausgreifendem
1834 2370 2772 2449 einen stärkeren Erfolg. Die Scene spielt im Spital,
931 2381 1829 2448 liegen? „Lebendige Stunden“ heißt legitimerweise der
1846 2415 2758 2485 welches Schnitzler, der Arzt von Beruf ist, genau
928 2424 1848 2500 erste der vier Einakter. Richtiger würde man ihn „Tot¬
815 2435 925 2514 Für
1842 2447 2774 2529 studirt hat. Ein armer, vom Leben zerbrochener
931 2456 1832 2531 geboren“ nennen können. Die Idee ist roh. Um
1844 2488 2767 2564 Kerl hat in der Todesstunde das breunende Be¬
926 2498 1841 2572 den dichterisch veranlagten Sohn an der Entfaltung
1840 2528 2758 2608 dürfniß, dem Todfeind und ehemaligen Freund
921 2529 1830 2613 seiner Schwingen nicht zu hindern, tödtet sich die
1833 2565 2765 2630 seinen Zorn und seine Verachtung ins Gesicht zu
917 2573 1831 2642 opferfreudige, an schwerem Siechthum darnieder¬
1830 2604 2764 2681 schleudern. Beide sind Litteraten; der Sterbende
899 2609 1825 2683 1 liegende Mutter durch Gift, weil sie zu merken ver¬
1837 2645 2763 2722 verkannt und ohne Erfolg, der Lebende, obwohl ein
907 2650 1821 2722 meint, daß der Sohn die Last der kranken Mutter
1824 2680 2747 2761 fader Geselle, von rauschendem Triumph verwöhnt.
794 2709 1821 2771 Abonn schwer empfindet. Das Opfer dünkt dem „genialischen“
1831 2724 2752 2802 Ein Geheimniß ruht in der Brust des Sterbenden:
793 2739 957 2805 Aboung
940 2730 1827 2808 Sohn fast selbstverständlich. Die entgegengesetzte
1825 2757 2754 2847 Die eigene Frau des unverdient Berühmten hat
911 2775 1820 2845 Auffassung vertritt ein alter Freund der Mutter.
1830 2800 2756 2882 dessen Werthlosigkeit erkannt und dem bescheidenen.
910 2803 1819 2879 Das soi-disant=Drama besteht in einer Unterredung,
1824 2844 2755 2911 aber bedeutenderen Freunde zwei Jahre lang
911 2843 1824 2921 welche die verschiedenen Meinungen des Sohnes
1820 2879 2752 2964 angehört. Das soll nun der in Glanz und Wonne
804 2852 1816 2950 Inhülund des Freundes in einer gradezu trostlos nüch¬
1817 2915 2750 2994 Schwelgende jetzt erfahren, damit ein tiefer und
804 2910 1823 2991 hlülternen Form entrollt. Alles in diesem Einakter
812 2953 1811 3040 wollulklingt gemacht; es ist Schreibtisch=Problemdramatik
1829 2956 2741 3025 unzerstörbarer Schatten auf sein Leben falle, und
1827 2995 2754 3075 er den Sterbenden beneide. Aber der Edelmuth
805 2985 1813 3075 des schlimmster Sorte. Keine Spur dichterischen Ein¬
1825 3036 2745 3112 und die Größe siegen. Als der arme Todeskandi¬
797 3031 1807 3106 werd gehens, liebevoller Vertiefung in die Charaktere:
1812 3069 2738 3153 dat den sogenannten großen Mann in seiner Er¬
893 3091 2745 3200 zwei hölzerne Figuren, mühsam herausgeschnitze bärmlichkeit vor sich sieht, bleibt er stumm. Er, der
894 3116 1603 3189 und mit unmöglichen Farben bemalt.
1814 3146 2740 3230 vom Leben Besiegte, fühlt sich Sieger. Auch in
975 3160 2739 3279 Auf diese jammervollen Männergestalten folgt diesem Drama, welches in der Gestalt des „großen
891 3186 1812 3265 die „Frau mit dem Dolche“. Sie ist der ur¬
1809 3227 2731 3315 Schriftstellers“, die vsychologisch wahrste Fi¬
901 3248 1814 3312 alte Typus der Ehebrecherin nach französischem
1817 3271 1907 3316 gur
1917 3279 2745 3349 der vier Einakter enthält, stören
899 3270 1812 3349 Muster. In einem Museum, das sie als Rendez¬
1810 3307 2731 3402 Inkonsequenzen. Wird der edelmüthige, innerlich
899 3312 1810 3383 vous=Platz benutzt, macht sie der Liebhaber auf die
1810 3344 2745 3419 so Großdenkende jemals, besonders in der Stunde.
889 3341 1809 3428 Aehnlichkeit zwischen ihr selbst und einem alten
1807 3386 2727 3468 da alles Vergängliche zum Gleichniß wird, ein so
897 3394 1803 3464 Renaissancebild: „Die Frau mit dem Dolch“ aus¬
1809 3421 2730 3516 aufbäumendes Rachegefühl empfinden? Theatralisch
884 3421 1799 3509 merksam. Sofort schlägt es zwölf Uhr Mittags
1808 3464 2723 3544 und unwahr berührt auch ein Auftritt, in
881 3470 1809 3536 und sofort träumt die Dame einen Renaissance¬
1812 3498 2002 3552 welchem
1992 3515 2724 3581 Schnitzler den Sterbenden, damit
891 3504 1811 3582 traum, in welchem sie dem Gatten zu Liebe am
1813 3540 2734 3622 das Publikum das Geheimniß des alten Herrn
880 3537 1809 3626 Arnostrand den Geliebten erdolcht. Während es
1808 3579 2735 3675 erfahre, die ganze Rachescene, um sie nachher
891 3590 1803 3664 noch immer zwölf Uhr schlägt, wacht sie im Museum
1802 3616 2195 3685 ordentlich exekutiren
891 3626 1802 3700 wieder auf und verkündet, trotz Dolch und Mord
2177 3634 2718 3703 zu können, einem Spital¬
1812 3660 2164 3715 genossen vorspielt.
876 3653 1793 3737 im Traume zu Florenz, dem werbenden Geliebten an
2185 3668 2723 3740 Wie kann der feinsinnige
880 3709 1795 3775 der Donau ein Stelldichein. Es wäre lächerlich, diese
1811 3680 2720 3795 Mensch, der so lange geschwiegen und die Ehre der
1799 3730 2708 3809 von ihm geliebten Frau des anderen gehütet hat,
874 3752 1791 3816 Farce auch nur im entferntesten mit den tiefsinnigen
1805 3772 2717 3855 einem beliebigen Schwätzer diese Ehre preisgeben?
882 3774 1791 3858 Gesetzen von der Seelenwanderung in Zusammen¬
1796 3811 2723 3894 Das wirkt direkt widerwärtig, und bei dem vornehm
875 3832 1796 3894 hang zu bringen. Das Stück, welches mit einem,
1796 3861 2708 3933 geschilderten Naturell des Redenden unglaublich.
882 3863 1802 3932 übrigens schon von dem bekannten schweizerischen
1792 3895 2707 3971 So wandelt sich selbst in diesem Min#aturdrama,
879 3903 1794 3974 Dichter Widmann verwendeten Traum=Scenenwechsel
1786 3925 2713 4007 das ergreifend wirken konnte, die innere Wahr¬
875 3939 2712 4055 zwischen Moderne und Renaissance arbeitet, und haftigkeit zum äußerlichen Effekt, der Seelenvorgung
865 3978 2137 4080 dadurch einen Requisitenerfolg erzielt, ist vollständig zur Schausvielerei.
