<?xml version="1.0" encoding="UTF-8" standalone="yes"?>
<PcGts xmlns="http://schema.primaresearch.org/PAGE/gts/pagecontent/2013-07-15" xmlns:xsi="http://www.w3.org/2001/XMLSchema-instance" xsi:schemaLocation="http://schema.primaresearch.org/PAGE/gts/pagecontent/2013-07-15 http://schema.primaresearch.org/PAGE/gts/pagecontent/2013-07-15/pagecontent.xsd">
    <Metadata>
        <Creator>prov=University of Rostock/Institute of Mathematics/CITlab/Gundram Leifert/gundram.leifert@uni-rostock.de:name=ONB_Newseye_GT_M1+(htr_id=10810)::::v=2.4.2
prov=University of Rostock/Institute of Mathematics/CITlab/Tobias Gruening/tobias.gruening@uni-rostock.de:name=de.uros.citlab.module.baseline2polygon.B2PSeamMultiOriented:v=2.4.2
prov=University of Rostock/Institute of Mathematics/CITlab/Tobias Gruening/tobias.gruening@uni-rostock.de:name=/mnt/transkribus/LA/DEA/URO/LA_news_onb_att.pb:de.uros.citlab.segmentation.CITlab_LA_ML:v=2.4.2
Transkribus</Creator>
        <Created>2019-10-07T11:33:49.345+02:00</Created>
        <LastChange>2019-10-08T13:13:53.914+02:00</LastChange>
        <TranskribusMetadata docId="223975" pageId="9500499" pageNr="108" tsid="16579890" status="IN_PROGRESS" userId="40391" imgUrl="https://files.transkribus.eu/Get?id=CRYBVCVMHGUEBJQMPOCEQEXB&amp;fileType=view" xmlUrl="https://files.transkribus.eu/Get?id=RPAPQUVWGXXJCHKGNPMIIAXH" imageId="6190721"/>
    </Metadata>
    <Page imageFilename="223975_0108.jpeg" imageWidth="3484" imageHeight="4256">
        <ReadingOrder>
            <OrderedGroup id="ro_1711449712585" caption="Regions reading order">
                <RegionRefIndexed index="0" regionRef="r1"/>
            </OrderedGroup>
        </ReadingOrder>
        <TextRegion orientation="0.0" id="r1" custom="readingOrder {index:0;}">
            <Coords points="627,243 627,4174 2843,4174 2843,243"/>
            <TextLine id="r1l1" custom="readingOrder {index:0;}">
                <Coords points="615,290 724,297 769,278 796,297 900,274 922,290 977,262 1050,291 1144,259 1143,223 1021,214 974,243 951,224 678,218 613,247"/>
                <Baseline points="627,279 652,279 677,277 702,276 728,275 753,274 778,273 804,273 829,272 854,271 880,270 905,269 930,268 955,268 981,267 1006,266 1031,266 1057,265 1082,264 1107,264 1133,263"/>
                <TextEquiv>
                    <Unicode>Ausschnitt aus:</Unicode>
                </TextEquiv>
            </TextLine>
            <TextLine id="r1l2" custom="readingOrder {index:1;}">
                <Coords points="1330,439 1359,439 1372,428 1393,439 1412,441 1424,269 1390,269 1377,258 1369,263 1342,261"/>
                <Baseline points="1344,417 1373,419 1402,421"/>
                <TextEquiv>
                    <Unicode></Unicode>
                </TextEquiv>
            </TextLine>
            <TextLine id="r1l3" custom="readingOrder {index:2;}">
                <Coords points="618,422 638,422 664,443 681,434 710,444 724,435 768,439 788,430 809,435 830,458 869,449 871,384 840,393 816,375 796,379 785,369 775,376 761,361 736,368 708,359 690,368 666,360 644,377 620,376"/>
                <Baseline points="630,423 655,420 680,418 705,418 730,418 756,419 781,421 806,423 831,426 857,428"/>
                <TextEquiv>
                    <Unicode>vom</Unicode>
                </TextEquiv>
            </TextLine>
            <TextLine id="r1l4" custom="readingOrder {index:3;}">
                <Coords points="913,472 932,476 968,463 1000,475 1014,468 1034,484 1053,467 1102,481 1123,473 1167,480 1166,414 1144,407 1122,410 1108,401 1093,411 1047,394 1009,412 936,411 912,421"/>
                <Baseline points="925,455 950,460 975,462 1001,462 1026,461 1052,459 1077,457 1103,456 1128,457 1154,459"/>
                <TextEquiv>
                    <Unicode>902</Unicode>
                </TextEquiv>
            </TextLine>
            <TextLine id="r1l5" custom="readingOrder {index:4;}">
                <Coords points="1831,900 2854,935 2856,869 1832,847"/>
                <Baseline points="1844,896 1896,899 1949,900 2001,902 2054,904 2106,905 2159,907 2212,909 2264,911 2317,912 2369,914 2422,915 2474,916 2527,918 2580,919 2632,920 2685,922 2737,923 2790,924 2843,926"/>
                <TextEquiv>
                    <Unicode>1Liebeswünschen verfolgender junger Mann, die beiden!</Unicode>
                </TextEquiv>
            </TextLine>
            <TextLine id="r1l6" custom="readingOrder {index:5;}">
                <Coords points="1857,940 2835,962 2817,916 2618,937 1858,901"/>
                <Baseline points="1869,934 1916,937 1964,940 2011,942 2059,944 2107,945 2154,948 2202,949 2250,951 2297,952 2345,953 2393,954 2440,955 2488,956 2536,957 2583,958 2631,959 2679,960 2726,961 2774,962 2822,963"/>
                <TextEquiv>
                    <Unicode>treffen sich, und zwar schon im Rückfalle, in einem</Unicode>
                </TextEquiv>
            </TextLine>
            <TextLine id="r1l7" custom="readingOrder {index:6;}">
                <Coords points="1106,985 1251,1004 1416,977 1471,996 1682,992 1686,855 1303,853 1108,905"/>
                <Baseline points="1118,975 1145,972 1173,970 1200,969 1228,968 1256,967 1283,968 1311,968 1338,969 1366,970 1394,972 1421,973 1449,975 1476,976 1504,978 1532,980 1559,981 1587,982 1614,983 1642,983 1670,983"/>
                <TextEquiv>
                    <Unicode>Feuilleton.</Unicode>
                </TextEquiv>
            </TextLine>
            <TextLine id="r1l8" custom="readingOrder {index:7;}">
                <Coords points="1860,983 2833,1003 2817,959 1862,939"/>
                <Baseline points="1873,976 1920,977 1967,979 2015,981 2062,983 2110,985 2157,986 2205,988 2252,989 2300,991 2347,992 2394,993 2442,995 2489,996 2537,997 2584,998 2632,999 2679,1000 2727,1001 2774,1002 2822,1002"/>
                <TextEquiv>
                    <Unicode>Museumsaale mit Bildern alter italienischer Meister,</Unicode>
                </TextEquiv>
            </TextLine>
            <TextLine id="r1l9" custom="readingOrder {index:8;}">
                <Coords points="1850,1017 2708,1053 2832,1042 2833,1004 1851,968"/>
                <Baseline points="1861,1016 1908,1018 1956,1020 2004,1022 2052,1024 2100,1025 2148,1027 2196,1028 2244,1030 2292,1031 2340,1033 2387,1034 2435,1035 2483,1036 2531,1038 2579,1039 2627,1040 2675,1041 2723,1042 2771,1043 2819,1044"/>
                <TextEquiv>
                    <Unicode>und plötzlich überfällt Frau Pauline das Gefühl, daß</Unicode>
                </TextEquiv>
            </TextLine>
            <TextLine id="r1l10" custom="readingOrder {index:9;}">
                <Coords points="1849,1056 2543,1090 2826,1086 2828,1045 1850,1018"/>
                <Baseline points="1862,1056 1909,1057 1957,1059 2004,1061 2052,1062 2100,1064 2147,1065 2195,1067 2243,1069 2290,1071 2338,1072 2386,1074 2433,1075 2481,1076 2529,1077 2576,1078 2624,1079 2672,1080 2719,1080 2767,1080 2815,1080"/>
                <TextEquiv>
                    <Unicode>ein italienisches Bild aus dem 16. Jahrhundert: „Die</Unicode>
                </TextEquiv>
            </TextLine>
            <TextLine id="r1l11" custom="readingOrder {index:10;}">
                <Coords points="1862,1102 1937,1096 1966,1113 2046,1093 2062,1110 2099,1111 2126,1094 2217,1118 2295,1097 2295,1075 2230,1062 2177,1073 2148,1058 2124,1070 1862,1058"/>
                <Baseline points="1874,1098 1899,1098 1925,1098 1950,1099 1976,1099 2001,1099 2027,1100 2052,1100 2078,1100 2103,1100 2129,1101 2154,1101 2180,1102 2205,1103 2231,1104 2256,1104 2282,1106"/>
                <TextEquiv>
                    <Unicode>Frau mit dem Dolche“.</Unicode>
                </TextEquiv>
            </TextLine>
            <TextLine id="r1l12" custom="readingOrder {index:11;}">
                <Coords points="1029,1121 1180,1104 1223,1127 1320,1126 1356,1100 1462,1136 1707,1129 1708,1049 1531,1058 1450,1030 1297,1061 1133,1026 1031,1031"/>
                <Baseline points="1042,1099 1074,1101 1107,1103 1139,1105 1172,1106 1205,1107 1237,1108 1270,1109 1302,1109 1335,1110 1368,1110 1400,1110 1433,1111 1465,1111 1498,1111 1531,1112 1563,1112 1596,1113 1628,1113 1661,1114 1694,1115"/>
                <TextEquiv>
                    <Unicode>Berliner Theater.</Unicode>
                </TextEquiv>
            </TextLine>
            <TextLine id="r1l13" custom="readingOrder {index:12;}">
                <Coords points="2328,1103 2386,1120 2442,1102 2459,1120 2519,1122 2541,1105 2565,1121 2667,1110 2829,1130 2830,1084 2804,1080 2544,1089 2402,1064 2329,1079"/>
                <Baseline points="2340,1101 2365,1103 2390,1104 2415,1106 2440,1108 2465,1109 2490,1110 2515,1112 2540,1113 2565,1114 2590,1115 2615,1115 2640,1116 2665,1117 2690,1117 2715,1117 2740,1117 2765,1117 2790,1117 2816,1117"/>
                <TextEquiv>
                    <Unicode>wir sehen es in Lebens¬</Unicode>
                </TextEquiv>
            </TextLine>
            <TextLine id="r1l14" custom="readingOrder {index:13;}">
                <Coords points="1851,1140 2270,1158 2360,1134 2824,1172 2825,1119 1852,1099"/>
                <Baseline points="1864,1134 1911,1135 1958,1136 2006,1137 2053,1138 2100,1139 2148,1140 2195,1142 2242,1143 2290,1144 2337,1146 2384,1147 2432,1148 2479,1149 2526,1151 2574,1152 2621,1153 2668,1154 2716,1155 2763,1157 2811,1158"/>
                <TextEquiv>
                    <Unicode>größe an der Wand hängen — vielleicht ihre Vorfahre</Unicode>
                </TextEquiv>
            </TextLine>
            <TextLine id="r1l15" custom="readingOrder {index:14;}">
                <Coords points="1222,1174 1295,1172 1326,1186 1368,1170 1508,1180 1508,1132 1494,1129 1462,1136 1436,1124 1409,1139 1399,1129 1353,1133 1327,1121 1298,1128 1281,1114 1254,1135 1223,1135"/>
                <Baseline points="1235,1165 1261,1163 1287,1162 1313,1161 1339,1161 1366,1161 1392,1162 1418,1162 1444,1164 1470,1164 1497,1165"/>
                <TextEquiv>
                    <Unicode>(Eigenbericht.)</Unicode>
                </TextEquiv>
            </TextLine>
            <TextLine id="r1l16" custom="readingOrder {index:15;}">
                <Coords points="1855,1172 2143,1191 2248,1167 2607,1209 2789,1202 2819,1173 1856,1136"/>
                <Baseline points="1867,1172 1914,1173 1961,1175 2008,1176 2055,1177 2102,1179 2149,1180 2196,1181 2243,1182 2290,1183 2337,1184 2384,1186 2431,1187 2478,1188 2525,1189 2572,1190 2619,1191 2666,1192 2713,1192 2760,1193 2807,1194"/>
                <TextEquiv>
                    <Unicode>ist, ihr wird zu Muth als lebe sie selbst im 16. Jahr¬</Unicode>
                </TextEquiv>
            </TextLine>
            <TextLine id="r1l17" custom="readingOrder {index:16;}">
                <Coords points="1836,1210 2372,1237 2484,1213 2485,1181 2308,1192 2246,1168 2114,1192 2083,1174 1837,1166"/>
                <Baseline points="1848,1212 1879,1213 1910,1213 1941,1213 1972,1214 2003,1214 2034,1215 2066,1216 2097,1216 2128,1217 2159,1218 2190,1219 2221,1220 2252,1221 2284,1221 2315,1222 2346,1223 2377,1224 2408,1224 2439,1225 2471,1226"/>
                <TextEquiv>
                    <Unicode>hundert, und ein Traumzustand</Unicode>
                </TextEquiv>
            </TextLine>
            <TextLine id="r1l18" custom="readingOrder {index:17;}">
                <Coords points="666,1225 685,1223 719,1237 772,1226 777,1231 789,1221 821,1231 867,1218 866,1175 818,1168 798,1185 774,1171 752,1173 743,1164 731,1169 721,1164 692,1184 665,1184"/>
                <Baseline points="677,1222 702,1221 727,1220 753,1219 778,1219 804,1220 829,1220 855,1219"/>
                <TextEquiv>
                    <Unicode>Für 50</Unicode>
                </TextEquiv>
            </TextLine>
            <TextLine id="r1l19" custom="readingOrder {index:18;}">
                <Coords points="1415,1219 1458,1235 1473,1224 1487,1236 1557,1226 1591,1240 1606,1226 1712,1241 1821,1235 1822,1194 1750,1187 1718,1198 1692,1178 1596,1162 1500,1186 1416,1180"/>
                <Baseline points="1426,1219 1451,1220 1476,1221 1502,1223 1527,1224 1553,1226 1578,1227 1604,1228 1629,1230 1655,1231 1680,1231 1706,1232 1731,1232 1757,1231 1782,1230 1808,1228"/>
                <TextEquiv>
                    <Unicode>Berlin, 5. Januar.</Unicode>
                </TextEquiv>
            </TextLine>
            <TextLine id="r1l20" custom="readingOrder {index:19;}">
                <Coords points="2530,1220 2549,1217 2590,1242 2651,1241 2660,1233 2692,1246 2704,1234 2788,1242 2818,1233 2818,1197 2719,1203 2692,1188 2651,1199 2632,1194 2605,1209 2569,1184 2554,1198 2530,1198"/>
                <Baseline points="2543,1228 2569,1227 2595,1227 2621,1227 2648,1228 2674,1228 2700,1228 2727,1229 2753,1229 2779,1230 2806,1231"/>
                <TextEquiv>
                    <Unicode>in gebildetem</Unicode>
                </TextEquiv>
            </TextLine>
            <TextLine id="r1l21" custom="readingOrder {index:20;}">
                <Coords points="1855,1248 1979,1262 2030,1238 2080,1268 2122,1247 2196,1273 2281,1257 2351,1268 2352,1234 2253,1220 1856,1214"/>
                <Baseline points="1868,1248 1894,1250 1920,1251 1946,1252 1972,1253 1999,1253 2025,1254 2051,1254 2077,1254 2104,1255 2130,1255 2156,1255 2182,1255 2208,1255 2235,1256 2261,1256 2287,1257 2313,1258 2340,1259"/>
                <TextEquiv>
                    <Unicode>Deutsch; eine Hypnose —</Unicode>
                </TextEquiv>
            </TextLine>
            <TextLine id="r1l22" custom="readingOrder {index:21;}">
                <Coords points="693,1286 734,1283 769,1260 798,1267 866,1266 862,1220 824,1229 780,1223 769,1231 749,1233 736,1246 701,1232 689,1233"/>
                <Baseline points="704,1266 729,1265 754,1263 779,1259 804,1256 829,1255 854,1256"/>
                <TextEquiv>
                    <Unicode>„ 100</Unicode>
                </TextEquiv>
            </TextLine>
            <TextLine id="r1l23" custom="readingOrder {index:22;}">
                <Coords points="2343,1260 2425,1274 2524,1266 2541,1284 2599,1263 2626,1278 2829,1285 2830,1254 2753,1233 2689,1246 2472,1212 2440,1233 2344,1229"/>
                <Baseline points="2354,1261 2379,1262 2405,1263 2431,1264 2456,1264 2482,1265 2508,1265 2533,1266 2559,1266 2585,1267 2610,1267 2636,1267 2662,1268 2687,1268 2713,1269 2739,1270 2764,1271 2790,1271 2816,1273"/>
                <TextEquiv>
                    <Unicode>überfällt sie am hellen</Unicode>
                </TextEquiv>
            </TextLine>
            <TextLine id="r1l24" custom="readingOrder {index:23;}">
                <Coords points="957,1262 1837,1308 1839,1243 1776,1231 959,1207"/>
                <Baseline points="970,1257 1012,1259 1055,1260 1098,1261 1141,1262 1183,1263 1226,1264 1269,1265 1312,1266 1354,1267 1397,1268 1440,1269 1483,1270 1525,1271 1568,1272 1611,1273 1654,1274 1696,1275 1739,1276 1782,1278 1825,1279"/>
                <TextEquiv>
                    <Unicode>„Lebendige Stunden“ von Arthur Schnitzler.</Unicode>
                </TextEquiv>
            </TextLine>
            <TextLine id="r1l25" custom="readingOrder {index:24;}">
                <Coords points="744,1305 882,1291 932,1323 983,1302 1022,1318 1073,1304 1138,1318 1167,1299 1189,1304 1190,1278 1153,1279 1132,1262 1095,1271 1081,1258 991,1266 934,1236 863,1264 744,1269"/>
                <Baseline points="757,1300 783,1297 809,1296 835,1295 861,1294 887,1294 914,1295 940,1295 966,1296 992,1297 1018,1298 1045,1300 1071,1301 1097,1302 1123,1302 1149,1303 1176,1303"/>
                <TextEquiv>
                    <Unicode>200 Einacterabend.</Unicode>
                </TextEquiv>
            </TextLine>
            <TextLine id="r1l26" custom="readingOrder {index:25;}">
                <Coords points="1853,1291 2558,1301 2821,1337 2822,1274 1854,1247"/>
                <Baseline points="1866,1289 1913,1290 1960,1291 2007,1292 2054,1293 2101,1294 2148,1295 2195,1297 2242,1297 2289,1299 2337,1300 2384,1301 2431,1302 2478,1303 2525,1304 2572,1306 2619,1307 2666,1309 2713,1310 2760,1311 2808,1313"/>
                <TextEquiv>
                    <Unicode>lichten Tage mitten in dem Bildersaal. Der Vorhang</Unicode>
                </TextEquiv>
            </TextLine>
            <TextLine id="r1l27" custom="readingOrder {index:26;}">
                <Coords points="747,1340 764,1339 778,1345 783,1342 803,1346 858,1340 856,1309 844,1309 822,1301 803,1307 795,1303 781,1304 776,1299 764,1307 744,1306"/>
                <Baseline points="759,1339 787,1335 816,1334 845,1333"/>
                <TextEquiv>
                    <Unicode>500</Unicode>
                </TextEquiv>
            </TextLine>
            <TextLine id="r1l28" custom="readingOrder {index:27;}">
                <Coords points="1849,1335 2831,1370 2832,1324 2753,1315 1850,1292"/>
                <Baseline points="1861,1327 1911,1328 1961,1329 2012,1331 2062,1332 2113,1334 2163,1335 2214,1336 2264,1337 2315,1338 2365,1340 2416,1341 2466,1342 2517,1343 2567,1344 2618,1346 2668,1347 2719,1349 2769,1351 2820,1353"/>
                <TextEquiv>
                    <Unicode>kommt ihren rückwärts gewandten Renaissanceträumen</Unicode>
                </TextEquiv>
            </TextLine>
            <TextLine id="r1l29" custom="readingOrder {index:28;}">
                <Coords points="957,1341 1424,1378 1838,1373 1839,1327 1798,1309 958,1307"/>
                <Baseline points="969,1344 1011,1346 1054,1348 1097,1349 1140,1351 1183,1352 1226,1354 1268,1355 1311,1356 1354,1357 1397,1358 1440,1359 1483,1359 1526,1360 1568,1361 1611,1361 1654,1362 1697,1363 1740,1363 1783,1364 1826,1365"/>
                <TextEquiv>
                    <Unicode>Der Verfasser oder die Leitung des Deutschen</Unicode>
                </TextEquiv>
            </TextLine>
            <TextLine id="r1l30" custom="readingOrder {index:29;}">
                <Coords points="696,1388 708,1387 736,1405 768,1405 790,1403 796,1395 828,1398 839,1385 866,1380 862,1334 836,1344 807,1346 758,1340 740,1361 725,1354 694,1354"/>
                <Baseline points="708,1384 737,1381 766,1379 795,1375 824,1374 854,1374"/>
                <TextEquiv>
                    <Unicode>„ 1000</Unicode>
                </TextEquiv>
            </TextLine>
            <TextLine id="r1l31" custom="readingOrder {index:30;}">
                <Coords points="1856,1373 2046,1358 2618,1402 2814,1396 2815,1369 1857,1335"/>
                <Baseline points="1868,1369 1914,1369 1961,1369 2008,1370 2055,1371 2101,1372 2148,1373 2195,1374 2242,1375 2288,1376 2335,1377 2382,1378 2429,1380 2475,1381 2522,1382 2569,1383 2616,1384 2662,1384 2709,1385 2756,1386 2803,1386"/>
                <TextEquiv>
                    <Unicode>zu Hülfe: als er sich nach einer Pause vor der ver¬</Unicode>
                </TextEquiv>
            </TextLine>
            <TextLine id="r1l32" custom="readingOrder {index:31;}">
                <Coords points="867,1397 1743,1415 1842,1411 1843,1374 868,1335"/>
                <Baseline points="880,1379 927,1382 974,1384 1022,1386 1069,1389 1117,1390 1164,1392 1212,1393 1259,1395 1307,1396 1354,1397 1401,1399 1449,1400 1496,1401 1544,1401 1591,1402 1639,1403 1686,1403 1734,1404 1781,1404 1829,1405"/>
                <TextEquiv>
                    <Unicode>Theuters oder Beide haben gewußt, warum sie an</Unicode>
                </TextEquiv>
            </TextLine>
            <TextLine id="r1l33" custom="readingOrder {index:32;}">
                <Coords points="1856,1411 2826,1435 2827,1392 2723,1384 1857,1373"/>
                <Baseline points="1867,1405 1914,1406 1961,1406 2008,1407 2056,1409 2103,1410 2150,1411 2198,1413 2245,1414 2292,1416 2340,1417 2387,1419 2434,1420 2481,1421 2529,1423 2576,1423 2623,1424 2671,1425 2718,1425 2765,1425 2813,1424"/>
                <TextEquiv>
                    <Unicode>dunkelten Bühne wieder erhob sahen wir die Frau</Unicode>
                </TextEquiv>
            </TextLine>
            <TextLine id="r1l34" custom="readingOrder {index:33;}">
                <Coords points="868,1412 1840,1448 1841,1411 1779,1400 869,1383"/>
                <Baseline points="880,1419 927,1421 974,1424 1022,1426 1069,1428 1117,1430 1164,1432 1212,1434 1259,1435 1307,1437 1354,1438 1401,1439 1449,1440 1496,1441 1544,1442 1591,1443 1639,1443 1686,1443 1734,1444 1781,1444 1829,1444"/>
                <TextEquiv>
                    <Unicode>den Schluß dieses aus vier Stückchen bestehenden</Unicode>
                </TextEquiv>
            </TextLine>
            <TextLine id="r1l35" custom="readingOrder {index:34;}">
                <Coords points="1842,1459 2788,1477 2831,1473 2832,1444 2405,1406 1843,1408"/>
                <Baseline points="1855,1440 1903,1442 1951,1444 1999,1446 2047,1447 2096,1449 2144,1451 2192,1452 2240,1453 2288,1455 2337,1456 2385,1457 2433,1458 2481,1459 2529,1460 2578,1461 2626,1463 2674,1464 2722,1465 2770,1466 2819,1467"/>
                <TextEquiv>
                    <Unicode>mit dem Dolche aus dem 16. Jahrhundert und sahen</Unicode>
                </TextEquiv>
            </TextLine>
            <TextLine id="r1l36" custom="readingOrder {index:35;}">
                <Coords points="649,1479 664,1479 678,1491 703,1481 722,1488 746,1481 758,1488 765,1481 804,1488 826,1480 867,1487 867,1448 797,1442 753,1415 712,1440 649,1438"/>
                <Baseline points="661,1475 688,1475 716,1475 744,1475 772,1475 800,1474 828,1474 856,1474"/>
                <TextEquiv>
                    <Unicode>Abonnemer</Unicode>
                </TextEquiv>
            </TextLine>
            <TextLine id="r1l37" custom="readingOrder {index:36;}">
                <Coords points="890,1461 2816,1512 2686,1461 891,1424"/>
                <Baseline points="902,1458 997,1464 1092,1467 1187,1471 1282,1474 1377,1477 1472,1478 1568,1480 1663,1482 1758,1483 1853,1484 1948,1485 2043,1487 2138,1488 2234,1489 2329,1491 2424,1493 2519,1496 2614,1499 2709,1503 2805,1507"/>
                <TextEquiv>
                    <Unicode>Einacterabends das lustigste und geistreichste gesetzt auch die Begebenheit, in der ihr Dolch eine verhängniß¬</Unicode>
                </TextEquiv>
            </TextLine>
            <TextLine id="r1l38" custom="readingOrder {index:37;}">
                <Coords points="640,1518 693,1523 727,1537 751,1530 766,1537 790,1528 802,1540 826,1530 834,1535 843,1525 877,1527 877,1489 853,1489 838,1479 759,1489 730,1487 722,1479 696,1484 640,1475"/>
                <Baseline points="652,1516 678,1514 705,1513 731,1513 758,1513 784,1514 811,1514 837,1514 864,1513"/>
                <TextEquiv>
                    <Unicode>Abonnente.</Unicode>
                </TextEquiv>
            </TextLine>
            <TextLine id="r1l39" custom="readingOrder {index:38;}">
                <Coords points="887,1503 2812,1567 2826,1512 888,1462"/>
                <Baseline points="900,1499 995,1503 1091,1506 1186,1509 1282,1512 1378,1514 1473,1516 1569,1518 1665,1520 1760,1522 1856,1524 1952,1525 2047,1527 2143,1529 2239,1530 2334,1532 2430,1535 2526,1537 2621,1540 2717,1543 2813,1547"/>
                <TextEquiv>
                    <Unicode>haben. Bei umgekehrter Reihenfolge wäre eine arge volle Rolle gespielt hatte; dann senkt sich der Vorhang</Unicode>
                </TextEquiv>
            </TextLine>
            <TextLine id="r1l40" custom="readingOrder {index:39;}">
                <Coords points="871,1543 2820,1562 872,1502"/>
                <Baseline points="884,1536 980,1540 1076,1543 1172,1546 1268,1549 1364,1551 1460,1553 1556,1555 1652,1557 1748,1559 1845,1561 1941,1563 2037,1565 2133,1567 2229,1569 2325,1571 2421,1574 2517,1576 2613,1580 2709,1583 2806,1587"/>
                <TextEquiv>
                    <Unicode>Mißstimmung entstanden, denn wer ist vergeßlicher als abermals, die Bühne wird noch einmal verdunkelt,</Unicode>
                </TextEquiv>
            </TextLine>
            <TextLine id="r1l41" custom="readingOrder {index:40;}">
                <Coords points="878,1578 1833,1611 1834,1565 1771,1556 879,1537"/>
                <Baseline points="889,1576 935,1577 982,1578 1028,1579 1075,1580 1122,1581 1168,1583 1215,1584 1262,1585 1308,1587 1355,1589 1402,1590 1448,1591 1495,1592 1542,1594 1588,1595 1635,1596 1682,1597 1728,1598 1775,1598 1822,1599"/>
                <TextEquiv>
                    <Unicode>die Zuhörer im Theater? So aber vergaßen sie, daß</Unicode>
                </TextEquiv>
            </TextLine>
            <TextLine id="r1l42" custom="readingOrder {index:41;}">
                <Coords points="758,1606 782,1604 799,1612 814,1612 828,1606 847,1618 872,1616 873,1570 861,1570 856,1575 846,1565 798,1564 786,1551 779,1556 759,1555"/>
                <Baseline points="771,1602 800,1600 829,1601 859,1604"/>
                <TextEquiv>
                    <Unicode>Der</Unicode>
                </TextEquiv>
            </TextLine>
            <TextLine id="r1l43" custom="readingOrder {index:42;}">
                <Coords points="1843,1607 2699,1638 2821,1625 2822,1591 1844,1564"/>
                <Baseline points="1856,1599 1903,1601 1951,1602 1998,1603 2046,1605 2094,1606 2141,1607 2189,1608 2236,1610 2284,1610 2332,1611 2379,1612 2427,1614 2474,1615 2522,1615 2570,1617 2617,1618 2665,1620 2712,1621 2760,1623 2808,1625"/>
                <TextEquiv>
                    <Unicode>und als es wieder hell wird, wacht Frau Pauline</Unicode>
                </TextEquiv>
            </TextLine>
            <TextLine id="r1l44" custom="readingOrder {index:43;}">
                <Coords points="872,1643 951,1614 1831,1645 1832,1609 1755,1599 874,1580"/>
                <Baseline points="885,1614 931,1616 978,1618 1025,1619 1071,1621 1118,1622 1165,1623 1211,1625 1258,1626 1305,1627 1352,1629 1398,1629 1445,1630 1492,1632 1538,1632 1585,1633 1632,1634 1678,1635 1725,1636 1772,1637 1819,1638"/>
                <TextEquiv>
                    <Unicode>sie zuerst zwei quälerische und im Gefühl wie im</Unicode>
                </TextEquiv>
            </TextLine>
            <TextLine id="r1l45" custom="readingOrder {index:44;}">
                <Coords points="661,1644 710,1658 749,1648 770,1655 802,1648 836,1657 874,1652 874,1613 857,1609 838,1616 777,1609 750,1590 676,1613 661,1610"/>
                <Baseline points="673,1643 700,1644 727,1644 754,1644 781,1644 808,1643 835,1643 863,1641"/>
                <TextEquiv>
                    <Unicode>Inhaltsan</Unicode>
                </TextEquiv>
            </TextLine>
            <TextLine id="r1l46" custom="readingOrder {index:45;}">
                <Coords points="1844,1642 2819,1675 2820,1634 2648,1617 1845,1608"/>
                <Baseline points="1856,1639 1903,1640 1951,1642 1998,1643 2046,1644 2093,1645 2141,1646 2188,1647 2236,1649 2283,1649 2331,1651 2378,1652 2426,1653 2473,1654 2521,1655 2568,1656 2616,1657 2663,1659 2711,1660 2758,1661 2806,1662"/>
                <TextEquiv>
                    <Unicode>aus ihrem Renaissanceschlaf auf und verheißt dem</Unicode>
                </TextEquiv>
            </TextLine>
            <TextLine id="r1l47" custom="readingOrder {index:46;}">
                <Coords points="889,1664 1757,1689 1842,1686 1843,1655 890,1616"/>
                <Baseline points="902,1657 948,1657 994,1658 1041,1659 1087,1660 1133,1661 1180,1662 1226,1663 1272,1665 1319,1666 1365,1667 1411,1668 1458,1670 1504,1670 1550,1672 1597,1673 1643,1674 1689,1674 1736,1675 1782,1675 1829,1676"/>
                <TextEquiv>
                    <Unicode>Inhalt gewaltsame Stücke gesehen, vergaßen auch die</Unicode>
                </TextEquiv>
            </TextLine>
            <TextLine id="r1l48" custom="readingOrder {index:47;}">
                <Coords points="653,1690 709,1687 721,1697 735,1685 781,1697 815,1687 834,1704 849,1694 880,1699 880,1651 817,1656 810,1648 750,1648 711,1658 675,1641 653,1646"/>
                <Baseline points="666,1681 691,1681 716,1680 741,1680 767,1680 792,1680 817,1680 842,1680 868,1681"/>
                <TextEquiv>
                    <Unicode>blätter</Unicode>
                </TextEquiv>
            </TextLine>
            <TextLine id="r1l49" custom="readingOrder {index:48;}">
                <Coords points="1844,1679 2817,1714 2796,1660 1845,1640"/>
                <Baseline points="1857,1678 1904,1679 1951,1680 1999,1681 2046,1683 2093,1684 2141,1685 2188,1686 2235,1687 2283,1689 2330,1690 2377,1691 2425,1692 2472,1693 2519,1694 2567,1695 2614,1696 2661,1697 2709,1698 2756,1698 2804,1699"/>
                <TextEquiv>
                    <Unicode>Anbeter eine Schäferstunde, in der, wie nach dem</Unicode>
                </TextEquiv>
            </TextLine>
            <TextLine id="r1l50" custom="readingOrder {index:49;}">
                <Coords points="884,1696 1839,1719 1840,1683 1765,1676 885,1667"/>
                <Baseline points="897,1696 943,1696 990,1697 1036,1698 1083,1699 1129,1700 1176,1701 1222,1702 1269,1703 1315,1704 1362,1706 1408,1706 1455,1708 1501,1709 1548,1710 1594,1711 1641,1713 1687,1714 1734,1715 1780,1716 1827,1717"/>
                <TextEquiv>
                    <Unicode>etwas allzu dick aufgetragene Herbigkeit des dritten</Unicode>
                </TextEquiv>
            </TextLine>
            <TextLine id="r1l51" custom="readingOrder {index:50;}">
                <Coords points="651,1724 673,1734 707,1727 721,1737 784,1725 818,1735 835,1723 869,1733 869,1694 842,1687 736,1686 726,1696 709,1688 651,1693"/>
                <Baseline points="663,1719 690,1719 718,1719 746,1719 773,1720 801,1720 829,1720 857,1719"/>
                <TextEquiv>
                    <Unicode>wodurch e</Unicode>
                </TextEquiv>
            </TextLine>
            <TextLine id="r1l52" custom="readingOrder {index:51;}">
                <Coords points="1837,1717 2785,1748 2815,1719 1838,1676"/>
                <Baseline points="1848,1713 1895,1716 1943,1718 1990,1719 2038,1721 2086,1722 2133,1724 2181,1725 2229,1726 2276,1727 2324,1727 2372,1728 2419,1729 2467,1730 2515,1731 2562,1732 2610,1733 2658,1735 2705,1736 2753,1739 2801,1741"/>
                <TextEquiv>
                    <Unicode>Vorangegangenen zu fürchten steht, der bewußte Dolch,</Unicode>
                </TextEquiv>
            </TextLine>
            <TextLine id="r1l53" custom="readingOrder {index:52;}">
                <Coords points="876,1732 1826,1761 1827,1722 1707,1709 877,1700"/>
                <Baseline points="887,1732 933,1733 979,1734 1026,1736 1072,1737 1119,1738 1165,1739 1211,1741 1258,1743 1304,1744 1351,1745 1397,1747 1443,1748 1490,1750 1536,1751 1583,1752 1629,1753 1675,1754 1722,1755 1768,1756 1815,1757"/>
                <TextEquiv>
                    <Unicode>Stückes und gingen über das vierte Stückchen lachend</Unicode>
                </TextEquiv>
            </TextLine>
            <TextLine id="r1l54" custom="readingOrder {index:53;}">
                <Coords points="659,1758 678,1758 697,1773 710,1770 717,1775 746,1771 758,1759 780,1771 802,1772 824,1755 840,1755 841,1738 816,1735 802,1726 790,1730 783,1725 739,1737 729,1727 712,1732 705,1727 683,1729 676,1722 659,1724"/>
                <Baseline points="670,1757 696,1758 722,1758 749,1758 775,1759 801,1759 828,1759"/>
                <TextEquiv>
                    <Unicode>des In¬</Unicode>
                </TextEquiv>
            </TextLine>
            <TextLine id="r1l55" custom="readingOrder {index:54;}">
                <Coords points="1841,1756 2804,1791 2805,1748 2668,1734 1842,1717"/>
                <Baseline points="1853,1754 1899,1756 1946,1757 1993,1759 2040,1760 2087,1761 2134,1762 2181,1763 2228,1764 2275,1765 2322,1766 2368,1767 2415,1768 2462,1769 2509,1770 2556,1772 2603,1773 2650,1776 2697,1777 2744,1780 2791,1784"/>
                <TextEquiv>
                    <Unicode>diesmal aber wahrscheinlich in der Hand ihres Mannes,</Unicode>
                </TextEquiv>
            </TextLine>
            <TextLine id="r1l56" custom="readingOrder {index:55;}">
                <Coords points="869,1773 1749,1803 1834,1800 1835,1764 870,1734"/>
                <Baseline points="881,1772 928,1773 975,1775 1022,1776 1069,1777 1116,1778 1163,1780 1210,1781 1257,1782 1304,1784 1351,1785 1398,1786 1445,1787 1492,1789 1539,1790 1586,1791 1633,1792 1680,1793 1727,1794 1774,1795 1821,1796"/>
                <TextEquiv>
                    <Unicode>nach Hause oder, was sehr Viele thaten, zu dem</Unicode>
                </TextEquiv>
            </TextLine>
            <TextLine id="r1l57" custom="readingOrder {index:56;}">
                <Coords points="661,1820 680,1823 702,1808 734,1816 770,1811 780,1819 794,1807 816,1824 872,1819 872,1764 853,1766 831,1754 783,1773 766,1765 732,1777 693,1767 662,1772"/>
                <Baseline points="674,1799 700,1799 727,1799 753,1799 780,1799 806,1799 833,1800 860,1801"/>
                <TextEquiv>
                    <Unicode>werden in</Unicode>
                </TextEquiv>
            </TextLine>
            <TextLine id="r1l58" custom="readingOrder {index:57;}">
                <Coords points="1840,1797 2811,1818 2766,1778 1842,1756"/>
                <Baseline points="1853,1793 1900,1795 1947,1796 1994,1798 2042,1799 2089,1800 2136,1802 2183,1803 2231,1804 2278,1805 2325,1806 2372,1808 2420,1809 2467,1810 2514,1811 2561,1812 2609,1814 2656,1815 2703,1816 2750,1818 2798,1820"/>
                <TextEquiv>
                    <Unicode>irgend Jemand, man weiß noch nicht recht, wen, ob</Unicode>
                </TextEquiv>
            </TextLine>
            <TextLine id="r1l59" custom="readingOrder {index:58;}">
                <Coords points="874,1812 1440,1825 1440,1787 1399,1781 1112,1776 1087,1792 874,1776"/>
                <Baseline points="885,1812 912,1813 939,1814 966,1815 993,1816 1020,1816 1047,1817 1074,1818 1101,1818 1128,1819 1156,1819 1183,1819 1210,1820 1237,1820 1264,1820 1291,1821 1318,1821 1345,1822 1372,1822 1399,1823 1427,1824"/>
                <TextEquiv>
                    <Unicode>glänzenden Musikabend in d</Unicode>
                </TextEquiv>
            </TextLine>
            <TextLine id="r1l60" custom="readingOrder {index:59;}">
                <Coords points="1497,1826 1671,1831 1693,1841 1770,1833 1789,1845 1833,1833 1834,1800 1497,1790"/>
                <Baseline points="1508,1827 1534,1828 1560,1829 1586,1830 1612,1831 1638,1831 1664,1832 1690,1832 1716,1832 1742,1832 1768,1832 1794,1832 1820,1831"/>
                <TextEquiv>
                    <Unicode>Wandelhalle des</Unicode>
                </TextEquiv>
            </TextLine>
            <TextLine id="r1l61" custom="readingOrder {index:60;}">
                <Coords points="1840,1837 2698,1870 2808,1858 2809,1817 1841,1796"/>
                <Baseline points="1853,1833 1900,1835 1947,1836 1994,1838 2041,1839 2088,1840 2135,1841 2182,1842 2229,1843 2276,1844 2324,1845 2371,1846 2418,1847 2465,1848 2512,1849 2559,1850 2606,1851 2653,1853 2700,1854 2747,1856 2795,1858"/>
                <TextEquiv>
                    <Unicode>die Frau oder den Anbeter, tödten wird. Ich muß</Unicode>
                </TextEquiv>
            </TextLine>
            <TextLine id="r1l62" custom="readingOrder {index:61;}">
                <Coords points="875,1853 1830,1899 1831,1836 875,1821"/>
                <Baseline points="887,1852 933,1853 980,1853 1026,1854 1073,1855 1120,1856 1166,1857 1213,1858 1259,1859 1306,1860 1353,1861 1399,1863 1446,1864 1492,1865 1539,1867 1586,1869 1632,1870 1679,1871 1725,1872 1772,1874 1819,1875"/>
                <TextEquiv>
                    <Unicode>Reichstages zum Besten der Wohlthätigkeitscasse des</Unicode>
                </TextEquiv>
            </TextLine>
            <TextLine id="r1l63" custom="readingOrder {index:62;}">
                <Coords points="1834,1883 2807,1906 2808,1858 1835,1841"/>
                <Baseline points="1846,1876 1893,1876 1940,1877 1988,1878 2035,1879 2083,1880 2130,1880 2178,1882 2225,1882 2273,1884 2320,1884 2367,1886 2415,1887 2462,1887 2510,1888 2557,1889 2605,1890 2652,1891 2700,1892 2747,1893 2795,1893"/>
                <TextEquiv>
                    <Unicode>gestehen, es war uns Allen auch sehr gleichgültig, was</Unicode>
                </TextEquiv>
            </TextLine>
            <TextLine id="r1l64" custom="readingOrder {index:63;}">
                <Coords points="863,1916 940,1917 965,1896 1035,1888 1103,1913 1122,1897 1197,1896 1279,1912 1328,1901 1329,1865 864,1858"/>
                <Baseline points="876,1887 901,1889 927,1890 953,1892 979,1892 1005,1893 1030,1894 1056,1894 1082,1895 1108,1895 1134,1895 1160,1896 1185,1896 1211,1896 1237,1897 1263,1897 1289,1898 1315,1898"/>
                <TextEquiv>
                    <Unicode>Vereins Berliner Presse.</Unicode>
                </TextEquiv>
            </TextLine>
            <TextLine id="r1l65" custom="readingOrder {index:64;}">
                <Coords points="1832,1913 2819,1952 2818,1896 1833,1880"/>
                <Baseline points="1844,1911 1892,1913 1940,1914 1988,1916 2036,1917 2084,1918 2132,1919 2181,1920 2229,1921 2277,1921 2325,1922 2373,1923 2421,1924 2469,1925 2518,1926 2566,1928 2614,1930 2662,1933 2710,1936 2758,1939 2807,1943"/>
                <TextEquiv>
                    <Unicode>mit dem Dolche vielleicht geschehen würde, denn die</Unicode>
                </TextEquiv>
            </TextLine>
            <TextLine id="r1l66" custom="readingOrder {index:65;}">
                <Coords points="944,1930 1135,1956 1370,1935 1820,1953 1821,1919 1684,1887 945,1901"/>
                <Baseline points="957,1928 999,1930 1042,1932 1084,1933 1127,1934 1170,1936 1212,1937 1255,1938 1297,1939 1340,1940 1383,1941 1425,1942 1468,1943 1510,1943 1553,1944 1596,1945 1638,1946 1681,1947 1723,1948 1766,1949 1809,1950"/>
                <TextEquiv>
                    <Unicode>Arthur Schnitzler hat allen vier Stückchen den</Unicode>
                </TextEquiv>
            </TextLine>
            <TextLine id="r1l67" custom="readingOrder {index:66;}">
                <Coords points="1830,1958 1864,1980 1927,1955 2503,1975 2503,1941 2470,1931 1831,1914"/>
                <Baseline points="1842,1950 1874,1951 1906,1953 1939,1954 1971,1955 2004,1956 2036,1957 2068,1958 2101,1958 2133,1959 2166,1959 2198,1960 2230,1960 2263,1961 2295,1961 2328,1961 2360,1962 2392,1962 2425,1962 2457,1963 2490,1963"/>
                <TextEquiv>
                    <Unicode>Menschen gingen uns Alle nichts an.</Unicode>
                </TextEquiv>
            </TextLine>
            <TextLine id="r1l68" custom="readingOrder {index:67;}">
                <Coords points="864,1958 1524,2002 1826,1999 1828,1957 865,1929"/>
                <Baseline points="875,1964 922,1966 969,1967 1016,1969 1063,1971 1110,1973 1157,1974 1204,1975 1251,1977 1298,1978 1345,1981 1392,1982 1439,1984 1486,1985 1533,1986 1580,1987 1627,1988 1674,1989 1721,1990 1768,1990 1815,1990"/>
                <TextEquiv>
                    <Unicode>Gesammttitel „Lebendige Stunden“ gegeben, obgleich</Unicode>
                </TextEquiv>
            </TextLine>
            <TextLine id="r1l69" custom="readingOrder {index:68;}">
                <Coords points="1892,1991 2683,2025 2792,2018 2793,1952 1892,1969"/>
                <Baseline points="1905,1992 1948,1993 1992,1994 2036,1995 2080,1996 2123,1997 2167,1998 2211,1999 2255,2000 2298,2001 2342,2002 2386,2003 2430,2004 2473,2005 2517,2005 2561,2006 2605,2006 2648,2007 2692,2007 2736,2007 2780,2007"/>
                <TextEquiv>
                    <Unicode>In dem dritten Stückchen: „Die letzten Masken“.</Unicode>
                </TextEquiv>
            </TextLine>
            <TextLine id="r1l70" custom="readingOrder {index:69;}">
                <Coords points="860,2012 1760,2040 1815,2035 1817,1996 862,1957"/>
                <Baseline points="873,2004 919,2005 966,2006 1012,2007 1059,2008 1105,2010 1152,2012 1198,2014 1245,2015 1291,2018 1338,2020 1385,2021 1431,2023 1478,2025 1524,2026 1571,2027 1617,2028 1664,2028 1710,2029 1757,2028 1804,2028"/>
                <TextEquiv>
                    <Unicode>nur das erste diesen Titel als seinen eigenen aufweist.</Unicode>
                </TextEquiv>
            </TextLine>
            <TextLine id="r1l71" custom="readingOrder {index:70;}">
                <Coords points="1830,2040 2805,2062 2806,2016 1831,1987"/>
                <Baseline points="1841,2028 1888,2029 1936,2030 1983,2032 2031,2034 2079,2035 2126,2036 2174,2038 2221,2039 2269,2040 2317,2041 2364,2043 2412,2044 2459,2045 2507,2046 2555,2048 2602,2049 2650,2050 2697,2052 2745,2053 2793,2054"/>
                <TextEquiv>
                    <Unicode>hat Schnitzler uns mit kühnem Griff eine zwar alte,</Unicode>
                </TextEquiv>
            </TextLine>
            <TextLine id="r1l72" custom="readingOrder {index:71;}">
                <Coords points="862,2041 1452,2080 1832,2069 1833,2032 863,2015"/>
                <Baseline points="873,2044 920,2045 967,2046 1015,2047 1062,2048 1109,2050 1157,2051 1204,2053 1251,2055 1299,2057 1346,2058 1393,2060 1441,2061 1488,2063 1535,2064 1583,2065 1630,2066 1677,2067 1725,2067 1772,2067 1820,2067"/>
                <TextEquiv>
                    <Unicode>Er ist damit verfahren wie Novellensammler die ja</Unicode>
                </TextEquiv>
            </TextLine>
            <TextLine id="r1l73" custom="readingOrder {index:72;}">
                <Coords points="1834,2067 2809,2097 2809,2066 2696,2043 1835,2038"/>
                <Baseline points="1845,2069 1892,2069 1940,2070 1987,2071 2035,2072 2083,2073 2130,2074 2178,2076 2225,2078 2273,2079 2321,2081 2368,2083 2416,2084 2463,2086 2511,2087 2559,2089 2606,2090 2654,2091 2701,2091 2749,2092 2797,2092"/>
                <TextEquiv>
                    <Unicode>aber immer noch der jeweiligen Auffrischung bedürfende</Unicode>
                </TextEquiv>
            </TextLine>
            <TextLine id="r1l74" custom="readingOrder {index:73;}">
                <Coords points="858,2083 1818,2116 1819,2075 1686,2053 1647,2076 859,2047"/>
                <Baseline points="870,2087 916,2088 963,2088 1010,2089 1057,2090 1104,2090 1150,2092 1197,2093 1244,2094 1291,2096 1338,2097 1384,2099 1431,2100 1478,2101 1525,2102 1572,2103 1618,2103 1665,2104 1712,2104 1759,2104 1806,2103"/>
                <TextEquiv>
                    <Unicode>auch häufig ihre Sammelbände nach dem Titel der</Unicode>
                </TextEquiv>
            </TextLine>
            <TextLine id="r1l75" custom="readingOrder {index:74;}">
                <Coords points="1830,2114 2802,2137 2803,2093 1831,2068"/>
                <Baseline points="1841,2108 1888,2109 1936,2111 1983,2112 2031,2113 2078,2115 2126,2116 2173,2117 2221,2119 2268,2120 2316,2121 2363,2122 2411,2123 2458,2124 2506,2125 2553,2126 2601,2127 2648,2127 2696,2128 2743,2129 2791,2129"/>
                <TextEquiv>
                    <Unicode>Wahrheit gepredigt: daß angesichts des Todes aller</Unicode>
                </TextEquiv>
            </TextLine>
            <TextLine id="r1l76" custom="readingOrder {index:75;}">
                <Coords points="857,2124 1014,2150 1063,2127 1825,2145 1782,2105 857,2105"/>
                <Baseline points="869,2127 916,2126 963,2126 1010,2127 1057,2127 1104,2128 1151,2129 1199,2130 1246,2132 1293,2133 1340,2135 1387,2136 1434,2138 1481,2139 1529,2141 1576,2142 1623,2143 1670,2143 1717,2144 1764,2144 1812,2143"/>
                <TextEquiv>
                    <Unicode>ersten oder der nach ihrer Meinung stärksten Novelle</Unicode>
                </TextEquiv>
            </TextLine>
            <TextLine id="r1l77" custom="readingOrder {index:76;}">
                <Coords points="1830,2151 2695,2182 2805,2168 2806,2137 1831,2115"/>
                <Baseline points="1843,2147 1890,2148 1938,2148 1985,2149 2033,2150 2080,2151 2128,2153 2175,2154 2223,2156 2270,2157 2318,2159 2365,2160 2413,2162 2460,2163 2508,2165 2555,2166 2603,2167 2650,2168 2698,2169 2745,2169 2793,2169"/>
                <TextEquiv>
                    <Unicode>niedrige Menschenkram von uns abfällt, daß selbst der</Unicode>
                </TextEquiv>
            </TextLine>
            <TextLine id="r1l78" custom="readingOrder {index:77;}">
                <Coords points="855,2162 1716,2192 1815,2185 1816,2149 855,2133"/>
                <Baseline points="866,2166 912,2165 959,2165 1006,2165 1053,2165 1100,2166 1146,2167 1193,2169 1240,2170 1287,2171 1334,2173 1380,2174 1427,2176 1474,2177 1521,2179 1568,2180 1614,2181 1661,2181 1708,2182 1755,2182 1802,2182"/>
                <TextEquiv>
                    <Unicode>wählen. Das kleine Schauspiel „Lebendige Stunden“</Unicode>
                </TextEquiv>
            </TextLine>
            <TextLine id="r1l79" custom="readingOrder {index:78;}">
                <Coords points="1818,2180 2708,2220 2803,2198 2804,2166 1819,2151"/>
                <Baseline points="1830,2185 1878,2187 1926,2188 1974,2189 2022,2191 2070,2192 2118,2194 2166,2195 2214,2196 2262,2197 2310,2198 2358,2199 2406,2201 2454,2201 2502,2202 2550,2203 2598,2204 2646,2205 2694,2206 2742,2207 2791,2208"/>
                <TextEquiv>
                    <Unicode>während eines langen Leidens genährte Haß wie</Unicode>
                </TextEquiv>
            </TextLine>
            <TextLine id="r1l80" custom="readingOrder {index:79;}">
                <Coords points="861,2207 1818,2237 1798,2183 862,2161"/>
                <Baseline points="873,2206 919,2205 966,2205 1013,2204 1059,2205 1106,2205 1153,2206 1199,2206 1246,2207 1293,2208 1340,2210 1386,2211 1433,2212 1480,2214 1526,2215 1573,2217 1620,2218 1666,2219 1713,2221 1760,2221 1807,2222"/>
                <TextEquiv>
                    <Unicode>spielt sich ab zwischen einem alten Herrn, der durch den Tod</Unicode>
                </TextEquiv>
            </TextLine>
            <TextLine id="r1l81" custom="readingOrder {index:80;}">
                <Coords points="1831,2227 2303,2233 2457,2265 2808,2251 2809,2195 2709,2220 1831,2196"/>
                <Baseline points="1844,2225 1891,2226 1939,2227 1986,2228 2034,2229 2081,2230 2129,2232 2176,2233 2224,2235 2271,2235 2319,2237 2367,2238 2414,2239 2462,2240 2509,2241 2557,2242 2604,2242 2652,2243 2699,2243 2747,2243 2795,2243"/>
                <TextEquiv>
                    <Unicode>mürber Zunder von uns niedersinkt, wenn wir die</Unicode>
                </TextEquiv>
            </TextLine>
            <TextLine id="r1l82" custom="readingOrder {index:81;}">
                <Coords points="857,2253 1824,2281 1825,2230 1738,2221 858,2207"/>
                <Baseline points="869,2246 916,2245 963,2245 1010,2245 1057,2245 1104,2245 1151,2245 1199,2246 1246,2247 1293,2248 1340,2249 1387,2250 1434,2252 1481,2253 1529,2254 1576,2256 1623,2258 1670,2259 1717,2261 1764,2263 1812,2264"/>
                <TextEquiv>
                    <Unicode>einer geliebten Freundin oder sagen wir seiner Geliebten,</Unicode>
                </TextEquiv>
            </TextLine>
            <TextLine id="r1l83" custom="readingOrder {index:82;}">
                <Coords points="1823,2270 2786,2297 2809,2249 1824,2224"/>
                <Baseline points="1836,2264 1884,2265 1932,2267 1980,2268 2028,2269 2076,2271 2124,2272 2172,2273 2220,2274 2268,2275 2316,2276 2364,2277 2412,2278 2460,2279 2508,2279 2556,2280 2604,2281 2652,2281 2700,2282 2748,2283 2796,2283"/>
                <TextEquiv>
                    <Unicode>Fittiche des Todes rauschen hören Im Spital liegt</Unicode>
                </TextEquiv>
            </TextLine>
            <TextLine id="r1l84" custom="readingOrder {index:83;}">
                <Coords points="843,2279 1813,2312 1814,2271 843,2250"/>
                <Baseline points="855,2284 902,2284 949,2284 996,2285 1044,2285 1091,2285 1138,2286 1185,2287 1233,2287 1280,2288 1327,2289 1374,2290 1422,2291 1469,2292 1516,2294 1563,2295 1611,2296 1658,2297 1705,2299 1752,2299 1800,2301"/>
                <TextEquiv>
                    <Unicode>ganz gebrochen weiterlebt und dem Sohn der Verstorbenen,</Unicode>
                </TextEquiv>
            </TextLine>
            <TextLine id="r1l85" custom="readingOrder {index:84;}">
                <Coords points="1827,2308 2802,2336 2803,2280 1828,2274"/>
                <Baseline points="1838,2303 1885,2303 1933,2304 1980,2305 2028,2306 2075,2307 2123,2309 2170,2310 2218,2312 2265,2313 2313,2314 2361,2315 2408,2316 2456,2317 2503,2318 2551,2318 2598,2318 2646,2319 2693,2318 2741,2318 2789,2317"/>
                <TextEquiv>
                    <Unicode>auf den Tod krank darnieder ein alter erfolgloser</Unicode>
                </TextEquiv>
            </TextLine>
            <TextLine id="r1l86" custom="readingOrder {index:85;}">
                <Coords points="857,2316 1822,2347 1823,2310 1751,2301 858,2280"/>
                <Baseline points="868,2321 915,2321 962,2322 1009,2322 1056,2323 1103,2323 1150,2324 1197,2325 1244,2326 1291,2327 1339,2329 1386,2330 1433,2331 1480,2332 1527,2334 1574,2335 1621,2336 1668,2337 1715,2338 1762,2338 1810,2339"/>
                <TextEquiv>
                    <Unicode>einem jungen Dichter, der das nicht regelrechte Ver¬</Unicode>
                </TextEquiv>
            </TextLine>
            <TextLine id="r1l87" custom="readingOrder {index:86;}">
                <Coords points="1827,2350 2805,2363 2784,2323 1828,2306"/>
                <Baseline points="1839,2342 1886,2343 1934,2344 1982,2345 2029,2346 2077,2347 2125,2348 2172,2349 2220,2350 2268,2351 2316,2353 2363,2354 2411,2354 2459,2356 2506,2357 2554,2357 2602,2358 2649,2359 2697,2360 2745,2360 2793,2361"/>
                <TextEquiv>
                    <Unicode>Schriftsteller, der vor dem Sterben nur einen Wunsch</Unicode>
                </TextEquiv>
            </TextLine>
            <TextLine id="r1l88" custom="readingOrder {index:87;}">
                <Coords points="841,2351 2720,2416 2799,2362 841,2324"/>
                <Baseline points="854,2357 950,2359 1047,2362 1143,2364 1240,2367 1337,2369 1433,2371 1530,2374 1627,2376 1723,2378 1820,2380 1917,2382 2013,2384 2110,2387 2207,2389 2303,2391 2400,2394 2497,2396 2593,2398 2690,2400 2787,2402"/>
                <TextEquiv>
                    <Unicode>hältniß der Beiden gebilligt hat, da sein wirklicher noch hat: einem Jugendgefährten, der es weiter gebracht</Unicode>
                </TextEquiv>
            </TextLine>
            <TextLine id="r1l89" custom="readingOrder {index:88;}">
                <Coords points="844,2409 2789,2457 2790,2401 845,2356"/>
                <Baseline points="857,2394 953,2397 1049,2399 1145,2403 1241,2405 1337,2407 1433,2409 1529,2412 1625,2414 1721,2416 1817,2418 1913,2420 2009,2422 2105,2424 2201,2426 2297,2429 2393,2431 2489,2433 2585,2436 2681,2439 2777,2441"/>
                <TextEquiv>
                    <Unicode>Vater die Mutter schnöde im Stich gelassen hatte. als er, und der doch nicht so viel werth sei wie er in</Unicode>
                </TextEquiv>
            </TextLine>
            <TextLine id="r1l90" custom="readingOrder {index:89;}">
                <Coords points="847,2435 1817,2473 1818,2424 1782,2418 848,2406"/>
                <Baseline points="859,2432 906,2433 953,2434 1001,2436 1048,2437 1095,2438 1143,2439 1190,2441 1237,2443 1285,2444 1332,2445 1379,2446 1427,2448 1474,2449 1521,2450 1569,2451 1616,2452 1663,2453 1711,2454 1758,2454 1806,2455"/>
                <TextEquiv>
                    <Unicode>Auch der Sohn ist gramgebeugt und unvermögend,</Unicode>
                </TextEquiv>
            </TextLine>
            <TextLine id="r1l91" custom="readingOrder {index:90;}">
                <Coords points="1816,2459 2589,2487 2675,2462 2800,2501 2801,2429 2554,2452 1816,2422"/>
                <Baseline points="1828,2457 1876,2457 1924,2458 1972,2459 2020,2460 2068,2461 2116,2462 2164,2464 2212,2465 2260,2466 2308,2468 2356,2469 2404,2470 2452,2471 2500,2472 2548,2474 2596,2474 2644,2475 2692,2476 2740,2477 2789,2477"/>
                <TextEquiv>
                    <Unicode>der letzten Stunde die volle Wahrheit zu sagen ihm</Unicode>
                </TextEquiv>
            </TextLine>
            <TextLine id="r1l92" custom="readingOrder {index:91;}">
                <Coords points="845,2473 1818,2506 1818,2470 1770,2456 846,2434"/>
                <Baseline points="857,2469 904,2471 951,2473 999,2474 1046,2475 1094,2476 1141,2478 1188,2479 1236,2480 1283,2481 1331,2482 1378,2483 1425,2484 1473,2485 1520,2486 1568,2487 1615,2489 1662,2489 1710,2491 1757,2493 1805,2494"/>
                <TextEquiv>
                    <Unicode>Etwas zu schaffen. Da erfährt er von dem Freunde</Unicode>
                </TextEquiv>
            </TextLine>
            <TextLine id="r1l93" custom="readingOrder {index:92;}">
                <Coords points="1816,2496 2643,2506 2786,2534 2787,2483 2676,2463 2586,2488 1817,2465"/>
                <Baseline points="1828,2495 1875,2496 1922,2497 1969,2498 2017,2499 2064,2500 2111,2501 2158,2502 2206,2503 2253,2505 2300,2506 2347,2507 2395,2508 2442,2509 2489,2511 2536,2512 2584,2513 2631,2514 2678,2515 2725,2516 2773,2517"/>
                <TextEquiv>
                    <Unicode>seine ganze Erbärmlichkeit vorzuhalten, ihn in seinem</Unicode>
                </TextEquiv>
            </TextLine>
            <TextLine id="r1l94" custom="readingOrder {index:93;}">
                <Coords points="840,2525 1807,2547 1828,2511 841,2476"/>
                <Baseline points="853,2512 901,2511 949,2511 997,2512 1045,2512 1093,2513 1141,2514 1189,2515 1237,2516 1285,2518 1333,2519 1381,2521 1429,2522 1477,2524 1525,2525 1573,2526 1621,2527 1669,2528 1717,2529 1765,2529 1814,2529"/>
                <TextEquiv>
                    <Unicode>seiner Mutter, daß diese, an einem unbeilbaren Leiden</Unicode>
                </TextEquiv>
            </TextLine>
            <TextLine id="r1l95" custom="readingOrder {index:94;}">
                <Coords points="1815,2530 2790,2558 2754,2518 2643,2506 1816,2506"/>
                <Baseline points="1827,2532 1874,2533 1922,2534 1969,2536 2017,2537 2065,2538 2112,2540 2160,2541 2207,2542 2255,2544 2303,2545 2350,2546 2398,2547 2445,2548 2493,2549 2541,2550 2588,2551 2636,2551 2683,2552 2731,2552 2779,2553"/>
                <TextEquiv>
                    <Unicode>aufgeblähten Stolz zu demüthigen durch die Ent¬</Unicode>
                </TextEquiv>
            </TextLine>
            <TextLine id="r1l96" custom="readingOrder {index:95;}">
                <Coords points="839,2558 2782,2606 2689,2551 840,2514"/>
                <Baseline points="852,2547 953,2549 1054,2552 1155,2554 1256,2557 1357,2559 1458,2562 1559,2565 1660,2567 1761,2570 1862,2573 1963,2575 2064,2577 2165,2580 2266,2582 2367,2585 2468,2587 2569,2589 2670,2592 2771,2594"/>
                <TextEquiv>
                    <Unicode>dahinsiechend, mit eigener Hand ihren Qualen vor der hüllung, daß nicht einmal sein Weib ihm treu, sondern</Unicode>
                </TextEquiv>
            </TextLine>
            <TextLine id="r1l97" custom="readingOrder {index:96;}">
                <Coords points="842,2579 2641,2648 2796,2632 2798,2584 842,2553"/>
                <Baseline points="853,2584 949,2587 1046,2590 1142,2593 1239,2596 1336,2598 1432,2601 1529,2603 1625,2605 1722,2608 1819,2610 1915,2612 2012,2614 2108,2617 2205,2619 2302,2621 2398,2623 2495,2626 2591,2628 2688,2631 2785,2634"/>
                <TextEquiv>
                    <Unicode>Schicksalsstunde ein Ende gesetzt, um ihrem geliebten die Geliebte des Andern gewesen, und der mitleidige</Unicode>
                </TextEquiv>
            </TextLine>
            <TextLine id="r1l98" custom="readingOrder {index:97;}">
                <Coords points="837,2627 2769,2689 2793,2631 837,2598"/>
                <Baseline points="850,2624 946,2627 1043,2630 1139,2633 1236,2636 1332,2638 1429,2641 1525,2643 1622,2646 1718,2648 1815,2650 1911,2652 2008,2655 2104,2657 2201,2659 2297,2661 2394,2663 2490,2665 2587,2668 2683,2670 2780,2672"/>
                <TextEquiv>
                    <Unicode>Sohn, den sie unter ihren Leiden geistig erliegen sah,Arzt, der die Absicht des Sterbenden nicht kennt,</Unicode>
                </TextEquiv>
            </TextLine>
            <TextLine id="r1l99" custom="readingOrder {index:98;}">
                <Coords points="845,2666 2782,2724 2648,2667 846,2629"/>
                <Baseline points="856,2663 951,2666 1047,2669 1143,2671 1238,2674 1334,2676 1430,2679 1525,2682 1621,2684 1717,2686 1813,2689 1908,2691 2004,2694 2100,2696 2195,2698 2291,2700 2387,2701 2482,2703 2578,2705 2674,2706 2770,2707"/>
                <TextEquiv>
                    <Unicode>die Schaffenskraft wiederzugeben. Der Alte, ein sondern nur dessen flehenden Wunsch nach einer letzten</Unicode>
                </TextEquiv>
            </TextLine>
            <TextLine id="r1l100" custom="readingOrder {index:99;}">
                <Coords points="846,2706 2789,2760 2727,2710 847,2679"/>
                <Baseline points="858,2703 959,2705 1060,2707 1161,2710 1262,2713 1363,2715 1464,2718 1565,2721 1666,2724 1767,2726 1868,2729 1969,2732 2070,2735 2171,2737 2272,2739 2373,2742 2474,2744 2575,2746 2676,2747 2777,2749"/>
                <TextEquiv>
                    <Unicode>Egoist des eigenen Schmerzes, glaubt, er werde durch Unterredung hört, willfahrt ihm und führt den Er¬</Unicode>
                </TextEquiv>
            </TextLine>
            <TextLine id="r1l101" custom="readingOrder {index:100;}">
                <Coords points="836,2730 1144,2770 1198,2742 1239,2772 1612,2752 1762,2776 1805,2774 1806,2733 836,2701"/>
                <Baseline points="848,2744 895,2744 942,2745 989,2746 1037,2747 1084,2748 1131,2749 1179,2751 1226,2752 1273,2754 1321,2756 1368,2757 1415,2759 1462,2760 1510,2761 1557,2762 1604,2763 1652,2763 1699,2764 1746,2764 1794,2764"/>
                <TextEquiv>
                    <Unicode>diese Mittheilung den jungen Dichter ganz zer¬</Unicode>
                </TextEquiv>
            </TextLine>
            <TextLine id="r1l102" custom="readingOrder {index:101;}">
                <Coords points="1804,2784 1952,2763 2673,2802 2789,2783 2790,2759 1805,2733"/>
                <Baseline points="1816,2766 1864,2768 1912,2770 1960,2771 2008,2773 2056,2774 2104,2775 2152,2776 2200,2777 2248,2778 2297,2779 2345,2780 2393,2781 2441,2781 2489,2782 2537,2783 2585,2784 2633,2785 2681,2787 2729,2788 2778,2789"/>
                <TextEquiv>
                    <Unicode>sehnten wirklich an das Sterbebett. Als aber der</Unicode>
                </TextEquiv>
            </TextLine>
            <TextLine id="r1l103" custom="readingOrder {index:102;}">
                <Coords points="842,2796 1802,2815 1803,2771 843,2745"/>
                <Baseline points="853,2784 899,2784 946,2784 993,2785 1040,2786 1087,2787 1134,2788 1180,2789 1227,2790 1274,2791 1321,2792 1368,2794 1415,2795 1462,2796 1508,2797 1555,2799 1602,2799 1649,2801 1696,2801 1743,2802 1790,2803"/>
                <TextEquiv>
                    <Unicode>schmettern und ihn auch in trostloses Nichtsthun</Unicode>
                </TextEquiv>
            </TextLine>
            <TextLine id="r1l104" custom="readingOrder {index:103;}">
                <Coords points="1807,2807 2753,2837 2792,2826 2793,2785 1808,2781"/>
                <Baseline points="1820,2805 1870,2806 1920,2808 1971,2810 2021,2811 2072,2813 2122,2814 2173,2815 2223,2816 2274,2817 2324,2819 2375,2820 2425,2821 2476,2822 2526,2823 2577,2824 2627,2825 2678,2826 2728,2827 2779,2828"/>
                <TextEquiv>
                    <Unicode>angeblich erfolgreiche Nebenbuhler da ist und dem</Unicode>
                </TextEquiv>
            </TextLine>
            <TextLine id="r1l105" custom="readingOrder {index:104;}">
                <Coords points="840,2831 2789,2841 841,2785"/>
                <Baseline points="852,2821 948,2823 1044,2825 1140,2827 1236,2829 1333,2832 1429,2834 1525,2837 1621,2840 1717,2842 1814,2845 1910,2847 2006,2850 2102,2852 2198,2855 2295,2857 2391,2859 2487,2861 2583,2863 2679,2864 2776,2865"/>
                <TextEquiv>
                    <Unicode>herabziehen. Statt dessen sieht er, daß diese furcht= Todtkranken erzählt, daß auch er nicht auf Rosen</Unicode>
                </TextEquiv>
            </TextLine>
            <TextLine id="r1l106" custom="readingOrder {index:105;}">
                <Coords points="831,2864 2791,2907 832,2830"/>
                <Baseline points="843,2857 939,2860 1036,2863 1133,2865 1230,2868 1326,2871 1423,2873 1520,2876 1617,2879 1713,2881 1810,2884 1907,2886 2004,2889 2100,2891 2197,2894 2294,2896 2391,2898 2487,2901 2584,2903 2681,2905 2778,2907"/>
                <TextEquiv>
                    <Unicode>bare Enthüllung für den Dichter wirklich eine lebendige gebettet sei, daß er mit literarischen und anderen</Unicode>
                </TextEquiv>
            </TextLine>
            <TextLine id="r1l107" custom="readingOrder {index:106;}">
                <Coords points="837,2906 2787,2958 2788,2907 838,2869"/>
                <Baseline points="849,2899 945,2901 1041,2903 1137,2905 1234,2907 1330,2910 1426,2912 1523,2915 1619,2917 1715,2919 1812,2922 1908,2925 2004,2927 2100,2929 2197,2932 2293,2934 2389,2936 2486,2938 2582,2940 2678,2942 2775,2944"/>
                <TextEquiv>
                    <Unicode>Stunde wird, daß er sich vornimmt, des Opfers der Sorgen zu kämpfen habe, da weiß der Kranke kein</Unicode>
                </TextEquiv>
            </TextLine>
            <TextLine id="r1l108" custom="readingOrder {index:107;}">
                <Coords points="835,2951 2751,2997 2769,2949 836,2898"/>
                <Baseline points="848,2937 943,2940 1038,2942 1134,2945 1229,2947 1325,2950 1420,2952 1516,2954 1611,2956 1707,2958 1802,2961 1897,2963 1993,2965 2088,2967 2184,2969 2279,2971 2375,2974 2470,2976 2566,2979 2661,2982 2757,2984"/>
                <TextEquiv>
                    <Unicode>Mutter durch große Leistungen würdig zu werben. Wort von all Dem vorzubringen, was er vorher sich</Unicode>
                </TextEquiv>
            </TextLine>
            <TextLine id="r1l109" custom="readingOrder {index:108;}">
                <Coords points="827,2984 2778,2991 828,2926"/>
                <Baseline points="840,2976 936,2978 1032,2980 1128,2982 1224,2984 1321,2986 1417,2989 1513,2991 1609,2994 1705,2996 1802,2999 1898,3002 1994,3005 2090,3007 2186,3010 2283,3012 2379,3014 2475,3017 2571,3019 2667,3021 2764,3023"/>
                <TextEquiv>
                    <Unicode>Der Alte ist entsetzt über diese Kraft der Jugend, sich wie in einer Generalprobe eingeübt hatte, sondern die</Unicode>
                </TextEquiv>
            </TextLine>
            <TextLine id="r1l110" custom="readingOrder {index:109;}">
                <Coords points="835,3027 1789,3048 1790,3004 1725,2998 837,2979"/>
                <Baseline points="847,3016 893,3016 940,3017 986,3018 1033,3019 1079,3020 1126,3021 1172,3022 1219,3024 1265,3025 1312,3027 1358,3028 1405,3029 1451,3031 1498,3032 1544,3034 1591,3035 1637,3036 1684,3037 1730,3038 1777,3038"/>
                <TextEquiv>
                    <Unicode>aus dem Gram über einen geliebten Menschen durch</Unicode>
                </TextEquiv>
            </TextLine>
            <TextLine id="r1l111" custom="readingOrder {index:110;}">
                <Coords points="1798,3041 2683,3074 2770,3064 2771,3032 1799,3000"/>
                <Baseline points="1809,3036 1856,3038 1904,3040 1951,3041 1999,3043 2046,3045 2094,3046 2141,3047 2189,3048 2236,3049 2284,3050 2331,3052 2379,3053 2426,3054 2474,3055 2521,3056 2569,3057 2616,3058 2664,3059 2711,3061 2759,3063"/>
                <TextEquiv>
                    <Unicode>beiden Menschen scheiden von einander mit freundlichem</Unicode>
                </TextEquiv>
            </TextLine>
            <TextLine id="r1l112" custom="readingOrder {index:111;}">
                <Coords points="834,3055 1792,3089 1793,3048 1704,3038 835,3026"/>
                <Baseline points="847,3056 893,3056 940,3057 987,3057 1033,3058 1080,3059 1127,3060 1173,3061 1220,3063 1267,3064 1314,3066 1360,3067 1407,3069 1454,3070 1500,3071 1547,3073 1594,3074 1640,3075 1687,3075 1734,3076 1781,3076"/>
                <TextEquiv>
                    <Unicode>Arbeit zu erheben und weiter zu leben, der junge</Unicode>
                </TextEquiv>
            </TextLine>
            <TextLine id="r1l113" custom="readingOrder {index:112;}">
                <Coords points="1799,3078 2681,3122 2776,3101 2777,3062 1800,3039"/>
                <Baseline points="1811,3075 1858,3077 1906,3079 1953,3080 2001,3082 2049,3084 2096,3085 2144,3086 2191,3087 2239,3088 2287,3089 2334,3091 2382,3091 2429,3093 2477,3093 2525,3094 2572,3096 2620,3097 2667,3099 2715,3101 2763,3102"/>
                <TextEquiv>
                    <Unicode>Händedruck. Wir hörten mit Ergriffenheit zu, und die</Unicode>
                </TextEquiv>
            </TextLine>
            <TextLine id="r1l114" custom="readingOrder {index:113;}">
                <Coords points="829,3105 1790,3122 1791,3085 1748,3079 831,3056"/>
                <Baseline points="843,3094 889,3094 936,3095 983,3095 1030,3096 1077,3097 1123,3098 1170,3100 1217,3101 1264,3102 1311,3104 1357,3106 1404,3107 1451,3109 1498,3110 1545,3111 1591,3113 1638,3114 1685,3115 1732,3116 1779,3116"/>
                <TextEquiv>
                    <Unicode>Dichter aber ruft ihm das schneidende Wort zu: Im</Unicode>
                </TextEquiv>
            </TextLine>
            <TextLine id="r1l115" custom="readingOrder {index:114;}">
                <Coords points="1798,3136 2012,3120 2316,3140 2360,3125 2361,3100 1800,3078"/>
                <Baseline points="1811,3112 1837,3114 1864,3115 1891,3116 1918,3118 1945,3119 1972,3121 1998,3121 2025,3122 2052,3124 2079,3124 2106,3125 2133,3126 2160,3126 2186,3126 2213,3127 2240,3127 2267,3127 2294,3126 2321,3126 2348,3125"/>
                <TextEquiv>
                    <Unicode>Stimmung wurde freundlicher.</Unicode>
                </TextEquiv>
            </TextLine>
            <TextLine id="r1l116" custom="readingOrder {index:115;}">
                <Coords points="823,3137 1305,3134 1807,3178 1809,3116 824,3112"/>
                <Baseline points="835,3134 883,3134 931,3134 979,3135 1027,3136 1075,3137 1123,3138 1171,3139 1219,3140 1267,3142 1315,3143 1363,3145 1411,3146 1459,3148 1507,3149 1555,3150 1603,3152 1651,3153 1699,3154 1747,3154 1796,3155"/>
                <TextEquiv>
                    <Unicode>nächsten Frühling komme ich wieder, und dann wirst</Unicode>
                </TextEquiv>
            </TextLine>
            <TextLine id="r1l117" custom="readingOrder {index:116;}">
                <Coords points="1860,3148 1968,3175 2692,3176 2781,3207 2782,3139 2638,3124 1861,3124"/>
                <Baseline points="1873,3152 1917,3154 1962,3157 2007,3159 2052,3161 2097,3163 2141,3165 2186,3166 2231,3167 2276,3168 2321,3169 2365,3170 2410,3171 2455,3172 2500,3173 2545,3173 2589,3174 2634,3174 2679,3175 2724,3176 2769,3176"/>
                <TextEquiv>
                    <Unicode>Sie steigerte sich bis zu einem wirklichen Erfolge</Unicode>
                </TextEquiv>
            </TextLine>
            <TextLine id="r1l118" custom="readingOrder {index:117;}">
                <Coords points="827,3187 1260,3173 1765,3208 1798,3163 827,3153"/>
                <Baseline points="839,3174 886,3174 933,3175 980,3176 1028,3177 1075,3178 1122,3179 1170,3181 1217,3181 1264,3182 1312,3183 1359,3184 1406,3185 1453,3187 1501,3188 1548,3189 1595,3190 1643,3191 1690,3192 1737,3193 1785,3194"/>
                <TextEquiv>
                    <Unicode>auch Du weitergelebt haben! — Das breite und</Unicode>
                </TextEquiv>
            </TextLine>
            <TextLine id="r1l119" custom="readingOrder {index:118;}">
                <Coords points="1801,3198 2749,3228 2768,3175 2073,3173 1803,3140"/>
                <Baseline points="1813,3193 1860,3194 1907,3195 1954,3196 2001,3198 2048,3199 2095,3201 2142,3202 2189,3204 2236,3206 2284,3208 2331,3210 2378,3212 2425,3213 2472,3214 2519,3216 2566,3217 2613,3218 2660,3219 2707,3219 2755,3219"/>
                <TextEquiv>
                    <Unicode>nach dem vierten Stückchen: „Literatur", worin Arthur</Unicode>
                </TextEquiv>
            </TextLine>
            <TextLine id="r1l120" custom="readingOrder {index:119;}">
                <Coords points="836,3210 1784,3238 1785,3202 1710,3188 837,3177"/>
                <Baseline points="847,3213 893,3213 939,3214 985,3214 1032,3215 1078,3216 1124,3217 1170,3218 1217,3219 1263,3220 1309,3222 1355,3223 1402,3224 1448,3226 1494,3227 1540,3228 1587,3229 1633,3230 1679,3231 1725,3232 1772,3233"/>
                <TextEquiv>
                    <Unicode>langsame Ausspinnen dieser Betrachtungen über die</Unicode>
                </TextEquiv>
            </TextLine>
            <TextLine id="r1l121" custom="readingOrder {index:120;}">
                <Coords points="1805,3237 2773,3259 2774,3201 2546,3225 1806,3196"/>
                <Baseline points="1817,3233 1864,3234 1911,3235 1958,3237 2005,3238 2053,3240 2100,3242 2147,3243 2194,3244 2241,3245 2289,3247 2336,3248 2383,3250 2430,3251 2477,3252 2525,3252 2572,3253 2619,3254 2666,3255 2713,3255 2761,3256"/>
                <TextEquiv>
                    <Unicode>Schnitzler mit seiner wohlbekannten feinen Spottsucht</Unicode>
                </TextEquiv>
            </TextLine>
            <TextLine id="r1l122" custom="readingOrder {index:121;}">
                <Coords points="834,3255 1721,3286 1792,3278 1793,3239 835,3211"/>
                <Baseline points="847,3250 893,3252 940,3253 986,3254 1033,3255 1080,3257 1126,3258 1173,3259 1219,3260 1266,3261 1313,3261 1359,3262 1406,3263 1452,3264 1499,3265 1546,3266 1592,3267 1639,3268 1685,3270 1732,3271 1779,3273"/>
                <TextEquiv>
                    <Unicode>Berechtigung des trostlosen Grams und des Trostes</Unicode>
                </TextEquiv>
            </TextLine>
            <TextLine id="r1l123" custom="readingOrder {index:122;}">
                <Coords points="1793,3271 2768,3298 2745,3258 1794,3235"/>
                <Baseline points="1805,3272 1852,3274 1900,3275 1947,3277 1995,3278 2042,3280 2090,3281 2137,3282 2185,3283 2232,3285 2280,3286 2327,3287 2375,3288 2422,3289 2470,3291 2517,3291 2565,3292 2612,3293 2660,3294 2707,3295 2755,3296"/>
                <TextEquiv>
                    <Unicode>über männliche Aufgeblasenheit und Dummheit ein</Unicode>
                </TextEquiv>
            </TextLine>
            <TextLine id="r1l124" custom="readingOrder {index:123;}">
                <Coords points="829,3295 2754,3304 830,3256"/>
                <Baseline points="841,3292 936,3293 1031,3294 1126,3296 1221,3298 1316,3300 1411,3302 1506,3304 1601,3306 1696,3309 1791,3311 1886,3314 1981,3316 2076,3318 2171,3321 2266,3324 2361,3326 2456,3328 2551,3330 2646,3333 2741,3334"/>
                <TextEquiv>
                    <Unicode>in der Arbeit zerrten an den Nerven der Zuhörer um schlaues Literaturweibchen anmuthig siegen ließ. Die</Unicode>
                </TextEquiv>
            </TextLine>
            <TextLine id="r1l125" custom="readingOrder {index:124;}">
                <Coords points="823,3342 1788,3361 1789,3317 1637,3304 824,3305"/>
                <Baseline points="835,3330 882,3330 929,3330 976,3331 1023,3331 1070,3332 1117,3334 1164,3335 1211,3336 1258,3337 1305,3339 1352,3340 1399,3342 1446,3343 1493,3345 1540,3346 1587,3347 1634,3348 1681,3348 1728,3349 1776,3349"/>
                <TextEquiv>
                    <Unicode>so mehr, als man die Ueberflüssigkeit des Hin= und</Unicode>
                </TextEquiv>
            </TextLine>
            <TextLine id="r1l126" custom="readingOrder {index:125;}">
                <Coords points="1786,3349 2749,3373 2750,3336 2685,3332 1787,3323"/>
                <Baseline points="1799,3351 1848,3351 1897,3352 1947,3353 1996,3354 2046,3355 2095,3357 2144,3358 2194,3360 2243,3362 2293,3363 2342,3364 2392,3366 2441,3367 2490,3368 2540,3369 2589,3369 2639,3370 2688,3369 2738,3369"/>
                <TextEquiv>
                    <Unicode>allerliebste Plauderei mit ihren vielen lustigen An¬</Unicode>
                </TextEquiv>
            </TextLine>
            <TextLine id="r1l127" custom="readingOrder {index:126;}">
                <Coords points="821,3395 1047,3368 1787,3392 1761,3353 822,3342"/>
                <Baseline points="833,3370 880,3371 927,3371 974,3371 1021,3372 1068,3373 1115,3374 1162,3374 1209,3376 1256,3377 1303,3378 1350,3379 1397,3381 1444,3382 1491,3383 1538,3384 1585,3385 1632,3387 1679,3387 1726,3388 1774,3389"/>
                <TextEquiv>
                    <Unicode>Hergeredes fühlte; denn Jeder weiß, daß man ent¬</Unicode>
                </TextEquiv>
            </TextLine>
            <TextLine id="r1l128" custom="readingOrder {index:127;}">
                <Coords points="1793,3401 2262,3418 2417,3393 2736,3422 2754,3391 1794,3351"/>
                <Baseline points="1805,3388 1851,3389 1898,3389 1945,3390 1992,3391 2039,3393 2085,3394 2132,3396 2179,3397 2226,3399 2273,3400 2319,3401 2366,3403 2413,3403 2460,3405 2507,3406 2553,3406 2600,3407 2647,3407 2694,3408 2741,3408"/>
                <TextEquiv>
                    <Unicode>spielungen schlug vollkommen durch und gestaltete den</Unicode>
                </TextEquiv>
            </TextLine>
            <TextLine id="r1l129" custom="readingOrder {index:128;}">
                <Coords points="822,3413 1790,3439 1779,3390 823,3389"/>
                <Baseline points="835,3408 882,3407 929,3407 976,3408 1023,3408 1070,3409 1117,3410 1164,3411 1211,3413 1258,3414 1306,3416 1353,3417 1400,3419 1447,3420 1494,3422 1541,3423 1588,3425 1635,3426 1682,3427 1729,3428 1777,3428"/>
                <TextEquiv>
                    <Unicode>veder an einem schmerzlichen Verlust bald zu Grunde</Unicode>
                </TextEquiv>
            </TextLine>
            <TextLine id="r1l130" custom="readingOrder {index:129;}">
                <Coords points="1789,3430 2670,3460 2757,3447 2758,3416 1790,3396"/>
                <Baseline points="1802,3427 1849,3428 1896,3430 1943,3431 1990,3433 2037,3434 2084,3435 2132,3436 2179,3438 2226,3439 2273,3440 2320,3441 2367,3442 2414,3443 2462,3443 2509,3444 2556,3444 2603,3445 2650,3445 2697,3445 2745,3445"/>
                <TextEquiv>
                    <Unicode>ganzen Abend zu einem wahrscheinlich nicht nach¬</Unicode>
                </TextEquiv>
            </TextLine>
            <TextLine id="r1l131" custom="readingOrder {index:130;}">
                <Coords points="830,3457 2755,3502 2757,3448 831,3416"/>
                <Baseline points="841,3444 936,3446 1031,3448 1126,3451 1221,3453 1316,3456 1411,3458 1507,3461 1602,3463 1697,3465 1792,3467 1887,3470 1982,3472 2077,3474 2173,3476 2268,3478 2363,3480 2458,3482 2553,3484 2648,3486 2744,3487"/>
                <TextEquiv>
                    <Unicode>geht oder sich, der Eine nur durch die Alles heilendet haltigen Erfolg; aber jedenfalls wird uns wieder ein</Unicode>
                </TextEquiv>
            </TextLine>
            <TextLine id="r1l132" custom="readingOrder {index:131;}">
                <Coords points="819,3484 2750,3534 2678,3486 820,3458"/>
                <Baseline points="832,3483 927,3486 1022,3488 1117,3491 1213,3493 1308,3496 1403,3498 1499,3501 1594,3503 1689,3505 1785,3507 1880,3509 1975,3511 2070,3513 2166,3515 2261,3517 2356,3518 2452,3520 2547,3522 2642,3523 2738,3525"/>
                <TextEquiv>
                    <Unicode>Zeit, der Andere durch Versenken in gesteigerte Arbeit, Einakter von Schnitzler zurückbleiben, dem wir zusammen</Unicode>
                </TextEquiv>
            </TextLine>
            <TextLine id="r1l133" custom="readingOrder {index:132;}">
                <Coords points="814,3519 1779,3552 1780,3498 815,3490"/>
                <Baseline points="826,3525 873,3524 920,3524 967,3525 1014,3525 1061,3527 1108,3528 1155,3530 1202,3531 1249,3534 1297,3535 1344,3537 1391,3538 1438,3540 1485,3542 1532,3543 1579,3543 1626,3543 1673,3543 1720,3543 1768,3541"/>
                <TextEquiv>
                    <Unicode>der Dritte auf irgend eine andere seinem Charakter</Unicode>
                </TextEquiv>
            </TextLine>
            <TextLine id="r1l134" custom="readingOrder {index:133;}">
                <Coords points="1784,3557 2619,3573 2659,3531 1785,3514"/>
                <Baseline points="1796,3541 1838,3543 1880,3546 1923,3548 1965,3549 2008,3550 2050,3552 2093,3553 2135,3554 2178,3555 2220,3555 2262,3556 2305,3557 2347,3557 2390,3558 2432,3559 2475,3559 2517,3560 2560,3561 2602,3562 2645,3564"/>
                <TextEquiv>
                    <Unicode>mit längeren Stücken noch oft begegnen werden.</Unicode>
                </TextEquiv>
            </TextLine>
            <TextLine id="r1l135" custom="readingOrder {index:134;}">
                <Coords points="823,3571 1786,3597 1787,3544 824,3530"/>
                <Baseline points="836,3564 882,3563 929,3563 976,3564 1023,3564 1070,3566 1117,3567 1164,3569 1211,3570 1258,3572 1305,3573 1351,3576 1398,3577 1445,3579 1492,3580 1539,3582 1586,3582 1633,3583 1680,3583 1727,3583 1774,3582"/>
                <TextEquiv>
                    <Unicode>gemäße Weise tröstet, oder sagen wir: eine Neugeburt</Unicode>
                </TextEquiv>
            </TextLine>
            <TextLine id="r1l136" custom="readingOrder {index:135;}">
                <Coords points="1858,3583 2743,3613 2744,3552 2720,3549 2504,3576 1859,3551"/>
                <Baseline points="1869,3585 1912,3586 1955,3589 1998,3590 2041,3591 2084,3593 2127,3594 2171,3595 2214,3596 2257,3597 2300,3597 2343,3598 2386,3599 2429,3599 2473,3600 2516,3600 2559,3601 2602,3602 2645,3602 2688,3603 2732,3604"/>
                <TextEquiv>
                    <Unicode>Die Darstellung war in allen vier Stücken vor¬</Unicode>
                </TextEquiv>
            </TextLine>
            <TextLine id="r1l137" custom="readingOrder {index:136;}">
                <Coords points="820,3605 1771,3626 1760,3589 822,3559"/>
                <Baseline points="832,3599 878,3600 924,3600 971,3601 1017,3603 1064,3604 1110,3606 1156,3608 1203,3610 1249,3612 1296,3613 1342,3615 1388,3617 1435,3618 1481,3619 1528,3621 1574,3621 1620,3622 1667,3622 1713,3622 1760,3621"/>
                <TextEquiv>
                    <Unicode>an sich vollzieht. Hier handelt es sich um lauter</Unicode>
                </TextEquiv>
            </TextLine>
            <TextLine id="r1l138" custom="readingOrder {index:137;}">
                <Coords points="1778,3633 2755,3658 2756,3602 1779,3582"/>
                <Baseline points="1790,3622 1837,3624 1885,3626 1933,3629 1980,3630 2028,3631 2076,3633 2123,3634 2171,3635 2219,3636 2267,3636 2314,3637 2362,3638 2410,3639 2457,3639 2505,3640 2553,3641 2600,3641 2648,3642 2696,3643 2744,3644"/>
                <TextEquiv>
                    <Unicode>züglich. Max Reinhardt, Rudolf Rittner, Hans Fischer,</Unicode>
                </TextEquiv>
            </TextLine>
            <TextLine id="r1l139" custom="readingOrder {index:138;}">
                <Coords points="816,3647 1759,3673 1780,3628 817,3611"/>
                <Baseline points="829,3639 875,3640 922,3640 969,3641 1016,3642 1063,3644 1110,3645 1156,3646 1203,3648 1250,3649 1297,3651 1344,3652 1391,3654 1438,3655 1484,3656 1531,3658 1578,3659 1625,3660 1672,3661 1719,3662 1766,3663"/>
                <TextEquiv>
                    <Unicode>offene Thüren der Lebensweisheit, die nicht erst durch</Unicode>
                </TextEquiv>
            </TextLine>
            <TextLine id="r1l140" custom="readingOrder {index:139;}">
                <Coords points="1787,3662 2738,3688 2739,3651 2700,3643 1788,3631"/>
                <Baseline points="1799,3662 1845,3663 1891,3664 1937,3665 1984,3666 2030,3667 2076,3669 2123,3670 2169,3670 2215,3672 2262,3673 2308,3674 2354,3675 2400,3676 2447,3677 2493,3678 2539,3679 2586,3679 2632,3680 2678,3680 2725,3681"/>
                <TextEquiv>
                    <Unicode>Albert Bassermann — alle ganz auf der Höhe, die</Unicode>
                </TextEquiv>
            </TextLine>
            <TextLine id="r1l141" custom="readingOrder {index:140;}">
                <Coords points="809,3687 1781,3732 1783,3674 810,3643"/>
                <Baseline points="821,3680 868,3680 915,3680 963,3680 1010,3681 1058,3682 1105,3684 1152,3686 1200,3687 1247,3689 1295,3691 1342,3693 1389,3694 1437,3696 1484,3698 1532,3699 1579,3700 1626,3701 1674,3702 1721,3702 1769,3702"/>
                <TextEquiv>
                    <Unicode>ausspruchsvolle dramatische Mittel eingerannt zu</Unicode>
                </TextEquiv>
            </TextLine>
            <TextLine id="r1l142" custom="readingOrder {index:141;}">
                <Coords points="1778,3707 2732,3730 2732,3688 2670,3675 1779,3661"/>
                <Baseline points="1790,3698 1836,3700 1882,3702 1929,3704 1975,3705 2022,3707 2068,3708 2115,3709 2161,3710 2208,3711 2254,3711 2300,3712 2347,3713 2393,3714 2440,3715 2486,3715 2533,3716 2579,3717 2626,3718 2672,3719 2719,3720"/>
                <TextEquiv>
                    <Unicode>der Dichter von ihnen verlangte. Die beiden wichtigsteh</Unicode>
                </TextEquiv>
            </TextLine>
            <TextLine id="r1l143" custom="readingOrder {index:142;}">
                <Coords points="808,3730 905,3731 934,3719 994,3733 1067,3725 1115,3734 1145,3722 1146,3686 1059,3686 1044,3696 904,3680 809,3687"/>
                <Baseline points="820,3717 846,3717 872,3717 898,3718 924,3719 950,3720 976,3721 1002,3722 1028,3723 1054,3724 1080,3724 1106,3723 1132,3722"/>
                <TextEquiv>
                    <Unicode>werden brauchen.</Unicode>
                </TextEquiv>
            </TextLine>
            <TextLine id="r1l144" custom="readingOrder {index:143;}">
                <Coords points="1770,3753 2738,3773 2713,3717 1771,3707"/>
                <Baseline points="1782,3736 1829,3739 1876,3740 1923,3743 1970,3745 2017,3746 2064,3748 2112,3749 2159,3750 2206,3751 2253,3752 2300,3752 2347,3753 2394,3754 2442,3755 2489,3756 2536,3757 2583,3758 2630,3759 2677,3760 2725,3762"/>
                <TextEquiv>
                    <Unicode>Frauenrollen wurden durch Irene Triesch geistvoll und</Unicode>
                </TextEquiv>
            </TextLine>
            <TextLine id="r1l145" custom="readingOrder {index:144;}">
                <Coords points="893,3750 1771,3790 1772,3731 1588,3749 1337,3711 1271,3738 1165,3709 1109,3739 894,3731"/>
                <Baseline points="905,3755 947,3757 990,3759 1032,3761 1075,3763 1118,3764 1160,3766 1203,3767 1246,3768 1288,3770 1331,3771 1374,3772 1416,3773 1459,3773 1502,3774 1544,3775 1587,3775 1630,3776 1672,3776 1715,3777 1758,3777"/>
                <TextEquiv>
                    <Unicode>Der zweite Einacter, „Die Frau mit dem Dolche",</Unicode>
                </TextEquiv>
            </TextLine>
            <TextLine id="r1l146" custom="readingOrder {index:145;}">
                <Coords points="1772,3779 2727,3821 2744,3756 1773,3746"/>
                <Baseline points="1784,3775 1831,3776 1878,3777 1925,3778 1973,3780 2020,3782 2067,3783 2115,3784 2162,3786 2209,3787 2257,3788 2304,3789 2351,3791 2398,3792 2446,3793 2493,3794 2540,3795 2588,3796 2635,3797 2682,3798 2730,3799"/>
                <TextEquiv>
                    <Unicode>überzeugend dargestellt, — in dem letzten Stückchen</Unicode>
                </TextEquiv>
            </TextLine>
            <TextLine id="r1l147" custom="readingOrder {index:146;}">
                <Coords points="817,3796 1768,3826 1740,3779 819,3759"/>
                <Baseline points="829,3790 875,3792 921,3794 967,3796 1014,3798 1060,3800 1106,3802 1153,3804 1199,3806 1245,3808 1292,3810 1338,3812 1384,3814 1430,3815 1477,3816 1523,3817 1569,3818 1616,3819 1662,3819 1708,3819 1755,3818"/>
                <TextEquiv>
                    <Unicode>muthete uns allerlei nachtwandlerische, traumzuständliche</Unicode>
                </TextEquiv>
            </TextLine>
            <TextLine id="r1l148" custom="readingOrder {index:147;}">
                <Coords points="1782,3819 2733,3846 2733,3804 1783,3778"/>
                <Baseline points="1794,3814 1840,3816 1886,3818 1933,3820 1979,3822 2025,3823 2072,3824 2118,3826 2164,3827 2211,3828 2257,3829 2303,3830 2350,3830 2396,3831 2442,3832 2489,3833 2535,3834 2581,3834 2628,3835 2674,3836 2721,3837"/>
                <TextEquiv>
                    <Unicode>sogar hinreißend. Für die Künstler des Deutschen</Unicode>
                </TextEquiv>
            </TextLine>
            <TextLine id="r1l149" custom="readingOrder {index:148;}">
                <Coords points="805,3846 1776,3859 1763,3820 807,3790"/>
                <Baseline points="817,3829 864,3830 911,3832 958,3833 1006,3835 1053,3837 1100,3839 1148,3841 1195,3844 1242,3846 1290,3848 1337,3850 1384,3852 1431,3853 1479,3855 1526,3856 1573,3857 1621,3857 1668,3856 1715,3856 1763,3854"/>
                <TextEquiv>
                    <Unicode>Vorstellungen zu, und wir vermochten beim besten</Unicode>
                </TextEquiv>
            </TextLine>
            <TextLine id="r1l150" custom="readingOrder {index:149;}">
                <Coords points="1774,3859 2064,3890 2256,3867 2727,3888 2728,3845 2685,3836 1775,3818"/>
                <Baseline points="1786,3853 1832,3855 1878,3858 1925,3860 1971,3862 2018,3864 2064,3865 2111,3866 2157,3868 2204,3869 2250,3870 2296,3871 2343,3871 2389,3872 2436,3873 2482,3873 2529,3874 2575,3875 2622,3875 2668,3876 2715,3877"/>
                <TextEquiv>
                    <Unicode>Theaters war der Abend auf alle Fälle ein starker</Unicode>
                </TextEquiv>
            </TextLine>
            <TextLine id="r1l151" custom="readingOrder {index:150;}">
                <Coords points="805,3887 1777,3906 1779,3860 806,3844"/>
                <Baseline points="817,3870 864,3870 911,3871 959,3872 1006,3874 1054,3876 1101,3878 1149,3880 1196,3882 1244,3885 1291,3887 1338,3889 1386,3891 1433,3892 1481,3893 1528,3894 1576,3895 1623,3895 1671,3895 1718,3893 1766,3892"/>
                <TextEquiv>
                    <Unicode>Willen dieser Zumuthung nicht zu entsprechen. Da ist</Unicode>
                </TextEquiv>
            </TextLine>
            <TextLine id="r1l152" custom="readingOrder {index:151;}">
                <Coords points="1775,3917 1819,3919 1834,3908 1848,3916 1861,3905 1865,3910 1878,3906 1882,3912 1894,3913 1907,3902 1922,3903 1925,3869 1898,3872 1889,3861 1884,3866 1865,3859 1857,3866 1841,3857 1833,3861 1780,3857"/>
                <Baseline points="1789,3890 1819,3891 1850,3894 1880,3896 1911,3900"/>
                <TextEquiv>
                    <Unicode>Erfolg.</Unicode>
                </TextEquiv>
            </TextLine>
            <TextLine id="r1l153" custom="readingOrder {index:152;}">
                <Coords points="2521,3931 2540,3938 2552,3928 2582,3939 2598,3932 2620,3936 2632,3924 2671,3925 2687,3910 2712,3910 2711,3883 2689,3886 2643,3875 2621,3885 2604,3869 2575,3882 2568,3877 2542,3885 2520,3880"/>
                <Baseline points="2533,3915 2560,3914 2588,3914 2616,3913 2643,3912 2671,3912 2699,3911"/>
                <TextEquiv>
                    <Unicode> E. E.</Unicode>
                </TextEquiv>
            </TextLine>
            <TextLine id="r1l154" custom="readingOrder {index:153;}">
                <Coords points="806,3903 1577,3947 1770,3943 1772,3901 806,3886"/>
                <Baseline points="817,3907 864,3909 911,3912 958,3913 1005,3916 1052,3918 1099,3919 1146,3922 1193,3923 1240,3925 1288,3926 1335,3928 1382,3929 1429,3930 1476,3931 1523,3932 1570,3932 1617,3932 1664,3933 1711,3932 1759,3932"/>
                <TextEquiv>
                    <Unicode>eine ganz moderne Frau eines deutschen Schriftstellers</Unicode>
                </TextEquiv>
            </TextLine>
            <TextLine id="r1l155" custom="readingOrder {index:154;}">
                <Coords points="800,3954 872,3980 1772,3992 1773,3941 801,3912"/>
                <Baseline points="812,3947 859,3950 906,3952 954,3955 1001,3957 1049,3958 1096,3960 1144,3962 1191,3963 1239,3965 1286,3966 1333,3967 1381,3968 1428,3968 1476,3969 1523,3970 1571,3970 1618,3971 1666,3971 1713,3972 1761,3972"/>
                <TextEquiv>
                    <Unicode>von heute, da ist ein sie anbetender und mit seinen!</Unicode>
                </TextEquiv>
            </TextLine>
            <TextLine id="r1l156" custom="readingOrder {index:155;}">
                <Coords points="2194,4173 2233,4171 2240,4178 2267,4171 2298,4188 2335,4186 2335,4120 2320,4118 2308,4128 2282,4127 2274,4135 2236,4125 2228,4132 2195,4127"/>
                <Baseline points="2207,4162 2236,4164 2265,4164 2294,4163 2323,4164"/>
                <TextEquiv>
                    <Unicode>barra-Maina</Unicode>
                </TextEquiv>
            </TextLine>
            <TextEquiv>
                <Unicode>Ausschnitt aus:

vom
902
1Liebeswünschen verfolgender junger Mann, die beiden!
treffen sich, und zwar schon im Rückfalle, in einem
Feuilleton.
Museumsaale mit Bildern alter italienischer Meister,
und plötzlich überfällt Frau Pauline das Gefühl, daß
ein italienisches Bild aus dem 16. Jahrhundert: „Die
Frau mit dem Dolche“.
Berliner Theater.
wir sehen es in Lebens¬
größe an der Wand hängen — vielleicht ihre Vorfahre
(Eigenbericht.)
ist, ihr wird zu Muth als lebe sie selbst im 16. Jahr¬
hundert, und ein Traumzustand
Für 50
Berlin, 5. Januar.
in gebildetem
Deutsch; eine Hypnose —
„ 100
überfällt sie am hellen
„Lebendige Stunden“ von Arthur Schnitzler.
200 Einacterabend.
lichten Tage mitten in dem Bildersaal. Der Vorhang
500
kommt ihren rückwärts gewandten Renaissanceträumen
Der Verfasser oder die Leitung des Deutschen
„ 1000
zu Hülfe: als er sich nach einer Pause vor der ver¬
Theuters oder Beide haben gewußt, warum sie an
dunkelten Bühne wieder erhob sahen wir die Frau
den Schluß dieses aus vier Stückchen bestehenden
mit dem Dolche aus dem 16. Jahrhundert und sahen
Abonnemer
Einacterabends das lustigste und geistreichste gesetzt auch die Begebenheit, in der ihr Dolch eine verhängniß¬
Abonnente.
haben. Bei umgekehrter Reihenfolge wäre eine arge volle Rolle gespielt hatte; dann senkt sich der Vorhang
Mißstimmung entstanden, denn wer ist vergeßlicher als abermals, die Bühne wird noch einmal verdunkelt,
die Zuhörer im Theater? So aber vergaßen sie, daß
Der
und als es wieder hell wird, wacht Frau Pauline
sie zuerst zwei quälerische und im Gefühl wie im
Inhaltsan
aus ihrem Renaissanceschlaf auf und verheißt dem
Inhalt gewaltsame Stücke gesehen, vergaßen auch die
blätter
Anbeter eine Schäferstunde, in der, wie nach dem
etwas allzu dick aufgetragene Herbigkeit des dritten
wodurch e
Vorangegangenen zu fürchten steht, der bewußte Dolch,
Stückes und gingen über das vierte Stückchen lachend
des In¬
diesmal aber wahrscheinlich in der Hand ihres Mannes,
nach Hause oder, was sehr Viele thaten, zu dem
werden in
irgend Jemand, man weiß noch nicht recht, wen, ob
glänzenden Musikabend in d
Wandelhalle des
die Frau oder den Anbeter, tödten wird. Ich muß
Reichstages zum Besten der Wohlthätigkeitscasse des
gestehen, es war uns Allen auch sehr gleichgültig, was
Vereins Berliner Presse.
mit dem Dolche vielleicht geschehen würde, denn die
Arthur Schnitzler hat allen vier Stückchen den
Menschen gingen uns Alle nichts an.
Gesammttitel „Lebendige Stunden“ gegeben, obgleich
In dem dritten Stückchen: „Die letzten Masken“.
nur das erste diesen Titel als seinen eigenen aufweist.
hat Schnitzler uns mit kühnem Griff eine zwar alte,
Er ist damit verfahren wie Novellensammler die ja
aber immer noch der jeweiligen Auffrischung bedürfende
auch häufig ihre Sammelbände nach dem Titel der
Wahrheit gepredigt: daß angesichts des Todes aller
ersten oder der nach ihrer Meinung stärksten Novelle
niedrige Menschenkram von uns abfällt, daß selbst der
wählen. Das kleine Schauspiel „Lebendige Stunden“
während eines langen Leidens genährte Haß wie
spielt sich ab zwischen einem alten Herrn, der durch den Tod
mürber Zunder von uns niedersinkt, wenn wir die
einer geliebten Freundin oder sagen wir seiner Geliebten,
Fittiche des Todes rauschen hören Im Spital liegt
ganz gebrochen weiterlebt und dem Sohn der Verstorbenen,
auf den Tod krank darnieder ein alter erfolgloser
einem jungen Dichter, der das nicht regelrechte Ver¬
Schriftsteller, der vor dem Sterben nur einen Wunsch
hältniß der Beiden gebilligt hat, da sein wirklicher noch hat: einem Jugendgefährten, der es weiter gebracht
Vater die Mutter schnöde im Stich gelassen hatte. als er, und der doch nicht so viel werth sei wie er in
Auch der Sohn ist gramgebeugt und unvermögend,
der letzten Stunde die volle Wahrheit zu sagen ihm
Etwas zu schaffen. Da erfährt er von dem Freunde
seine ganze Erbärmlichkeit vorzuhalten, ihn in seinem
seiner Mutter, daß diese, an einem unbeilbaren Leiden
aufgeblähten Stolz zu demüthigen durch die Ent¬
dahinsiechend, mit eigener Hand ihren Qualen vor der hüllung, daß nicht einmal sein Weib ihm treu, sondern
Schicksalsstunde ein Ende gesetzt, um ihrem geliebten die Geliebte des Andern gewesen, und der mitleidige
Sohn, den sie unter ihren Leiden geistig erliegen sah,Arzt, der die Absicht des Sterbenden nicht kennt,
die Schaffenskraft wiederzugeben. Der Alte, ein sondern nur dessen flehenden Wunsch nach einer letzten
Egoist des eigenen Schmerzes, glaubt, er werde durch Unterredung hört, willfahrt ihm und führt den Er¬
diese Mittheilung den jungen Dichter ganz zer¬
sehnten wirklich an das Sterbebett. Als aber der
schmettern und ihn auch in trostloses Nichtsthun
angeblich erfolgreiche Nebenbuhler da ist und dem
herabziehen. Statt dessen sieht er, daß diese furcht= Todtkranken erzählt, daß auch er nicht auf Rosen
bare Enthüllung für den Dichter wirklich eine lebendige gebettet sei, daß er mit literarischen und anderen
Stunde wird, daß er sich vornimmt, des Opfers der Sorgen zu kämpfen habe, da weiß der Kranke kein
Mutter durch große Leistungen würdig zu werben. Wort von all Dem vorzubringen, was er vorher sich
Der Alte ist entsetzt über diese Kraft der Jugend, sich wie in einer Generalprobe eingeübt hatte, sondern die
aus dem Gram über einen geliebten Menschen durch
beiden Menschen scheiden von einander mit freundlichem
Arbeit zu erheben und weiter zu leben, der junge
Händedruck. Wir hörten mit Ergriffenheit zu, und die
Dichter aber ruft ihm das schneidende Wort zu: Im
Stimmung wurde freundlicher.
nächsten Frühling komme ich wieder, und dann wirst
Sie steigerte sich bis zu einem wirklichen Erfolge
auch Du weitergelebt haben! — Das breite und
nach dem vierten Stückchen: „Literatur", worin Arthur
langsame Ausspinnen dieser Betrachtungen über die
Schnitzler mit seiner wohlbekannten feinen Spottsucht
Berechtigung des trostlosen Grams und des Trostes
über männliche Aufgeblasenheit und Dummheit ein
in der Arbeit zerrten an den Nerven der Zuhörer um schlaues Literaturweibchen anmuthig siegen ließ. Die
so mehr, als man die Ueberflüssigkeit des Hin= und
allerliebste Plauderei mit ihren vielen lustigen An¬
Hergeredes fühlte; denn Jeder weiß, daß man ent¬
spielungen schlug vollkommen durch und gestaltete den
veder an einem schmerzlichen Verlust bald zu Grunde
ganzen Abend zu einem wahrscheinlich nicht nach¬
geht oder sich, der Eine nur durch die Alles heilendet haltigen Erfolg; aber jedenfalls wird uns wieder ein
Zeit, der Andere durch Versenken in gesteigerte Arbeit, Einakter von Schnitzler zurückbleiben, dem wir zusammen
der Dritte auf irgend eine andere seinem Charakter
mit längeren Stücken noch oft begegnen werden.
gemäße Weise tröstet, oder sagen wir: eine Neugeburt
Die Darstellung war in allen vier Stücken vor¬
an sich vollzieht. Hier handelt es sich um lauter
züglich. Max Reinhardt, Rudolf Rittner, Hans Fischer,
offene Thüren der Lebensweisheit, die nicht erst durch
Albert Bassermann — alle ganz auf der Höhe, die
ausspruchsvolle dramatische Mittel eingerannt zu
der Dichter von ihnen verlangte. Die beiden wichtigsteh
werden brauchen.
Frauenrollen wurden durch Irene Triesch geistvoll und
Der zweite Einacter, „Die Frau mit dem Dolche",
überzeugend dargestellt, — in dem letzten Stückchen
muthete uns allerlei nachtwandlerische, traumzuständliche
sogar hinreißend. Für die Künstler des Deutschen
Vorstellungen zu, und wir vermochten beim besten
Theaters war der Abend auf alle Fälle ein starker
Willen dieser Zumuthung nicht zu entsprechen. Da ist
Erfolg.
 E. E.
eine ganz moderne Frau eines deutschen Schriftstellers
von heute, da ist ein sie anbetender und mit seinen!
barra-Maina</Unicode>
            </TextEquiv>
        </TextRegion>
    </Page>
</PcGts>
