3484 4320
654 198 872 269 Leber
331 193 1970 288 16.1ndige Stunden zuklus
946 1147 1401 1237 Telephon 12801.
540 1251 1795 1318 Llex. Weigl’s Unternehmen für Zeitungs-Ausschnitte
1558 1301 1790 1369 Ausschnitt
783 1341 1520 1468 „OBSERYEP“
1601 1362 1866 1451 Nr. 19
1426 1386 1487 1453 1
445 1435 1858 1509 L. österr. behördl. conc. Bureau für Zeitungsberichte u. Personalnachricht
670 1508 1687 1582 Wien, IX/1, Türkenstrasse 17.
864 1577 1502 1660 Fillale in Budapest: „Figyelö“ -
458 1620 1849 1732 Vertretungen in Berlin, Chicago, Genf, London, Newyork, Paris, Rom, Stockhol
462 1759 1740 1913 Ausschnitt aus: Pät. Felerrbeiger Nereid
466 1899 1010 2015 1# :
647 2168 1765 2248 —L. 2. Im Verein von Lieohabern bendälischer
650 2204 1751 2278 Literatur fand gestern der letzte Leseabend statt, zu dem
664 2258 1759 2320 sich ein sehr zahlreiches Publicum eingefunden hatte.
646 2304 1743 2342 Man gab den Einacter=Cyclus von Arthur Schnitz¬
649 2333 1761 2397 ler, der aus vier Episoden oder fragmentarischen Lebens¬
647 2371 1754 2450 bildern besteht. Das Bock'sche Ensemdle hatte ein Stück
656 2410 1745 2462 aus diesem Cyclus, die „Literatur“, vorgeführt. Mit
651 2458 1744 2514 Interesse sah man daher dem Abend entgegen, der uns
651 2492 1746 2545 mit dem vollständigen Cyclus bekannt machen sollte.
651 2535 1738 2586 Der erste Abschnitt nennt sich „Lebendige Stunden“
646 2567 1755 2630 und bringt einen Dialog zwischen zwei männlichen Per¬
652 2617 1751 2664 sonen. Wenig dramatisch, ging dieser Einacter ziemlich
643 2649 1750 2701 eindruckslos vorüber. Die zweite Scene „Die letzten
591 2670 1849 2754 50 Masken“, im Verein allerdings erst an britter Stelle #lusis
459 2685 581 2756 Für
584 2738 1837 2790 100 gespielt, ist entschieden die dramatischste und ledens=dorto.
582 2786 1839 2828 200 wahrste des Cycluses. Ihr dann am nächsten an drama=Aulba
575 2806 1846 2883 500 tischer Kraft steht Nr. 3: „Die Frau mit dem Vora
489 2837 1728 2906 " 100( Dolch“, nur wird Vielen der Inhalt zu mirakelhaft, zu
585 2896 1824 2944 In mysteriös gewesen sein. Den Schluß des Abends bildete ist
663 2923 1822 2975 das bereits erwähnte Lustspiel „Literatur“, eine im it es
465 2919 1783 3037 Abonnen leichten, gefälligen Plauderton gehaltene Episode aus fu.
466 2987 1745 3062 Abonnen dem Leben einer schöngeistigen und schönen Frau.
640 3024 1832 3087 Irgend welche besonderen Vorzüge hat dieses kleine Lust=stend
651 3078 1831 3136 spiel nicht, wir stellen es unter die Werthstufe der jorg
470 3106 1825 3186 Inhaltsa „Lebendigen Stunden“ und bedauern, daß Herr Bock Zeitu
478 3145 662 3200 blättt
767 3161 1825 3212 s gerade dieses schwächste Stück des Cycluses zur chaft
483 3183 667 3236 wodurch
1291 3205 1813 3269 er gaben ihr Bestes! diese
476 3218 673 3270 Leben
471 3253 1766 3319 theilun= Man vergaß fast, daß man Dilettanten sah, so natürlich:
609 3313 1757 3367 und lebendig war die Darstellung und so gut die Regie.
803 3345 1587 3421 Pfospecre graris und fatico.
2137 182 2586 281 box 21/3
2341 1201 2799 1289 Telephon 12801.
1967 1279 3182 1356 Alex. Weigl’s Unternehmen für Zeitungs-Ausschnitte
2946 1348 3182 1415 Ausschnitt
3014 1403 3262 1503 Nr. 19
2184 1381 2880 1505 „OBSERYER“
1854 1481 3285 1563 L. österr. behördl. conc. Bureau für Zeitungsberichte u. Personalnachrichten
2083 1548 3079 1627 Wien, IX/1, Türkenstrasse 17.
2261 1620 2891 1701 - Filiale in Buuapest: „Figyelö“
1859 1668 3294 1755 Vertretungen in Berlin, Chicago, Genf, London, Newyork, Paris, Rom, Stockholm.
1853 1735 3194 1913 B  Unuen Raustr
2511 1879 3397 2003 He AMan
1860 1981 2062 2060 vom:
2058 2018 2435 2123 #1701
2358 2420 2829 2541 Lebendige Stunden.
2185 2470 3025 2591 wu beben Lebendige Stunden vo
2160 2513 3074 2653 Schnitder, dat Donderdeg door bet Dr. Heise¬
2172 2576 3075 2688 ensemble gegeven wordt, gelezen en gelooven
2152 2623 3073 2722 Ite kunnen zeggen, dat men van deze voor¬
1861 2641 3080 2804 Für 50 Zeitni stelling iets zeer interossants mag verwach¬
2171 2696 3084 2807 ten. In het eerste stukje zal men de tecke¬
2017 2775 2085 2821 00
2170 2739 3274 2857 ning waardeeren van de liefde van een ouden inclusive
1893 2813 2080 2879 „ 200
2166 2793 3238 2898 man; in bet tweede een zeer fijn inzicht in Porto.
1961 2851 2075 2900 500
1894 2859 1958 2917 „
3105 2850 3274 2926 Voraus.
2179 2804 3260 2960 het veranderen onzer gevoclens jegens andere Zahlbar
1905 2885 2099 2950 „ 1000
2185 2875 3096 3005 menschen wanneer wij zeker zin van het
1990 2928 2188 2989 Im Geger
2190 2912 3308 3032 sterven; in het derde den alleramusantst je ist das
1858 2974 2175 3029 Abonnement dur
2196 2967 3303 3079 spotten met de eenzüdigbeid, de vooroordeelen, icht es den
3102 3008 3183 3069 rn.
1863 3014 2183 3079 Abonnenten frei
2205 3007 3087 3120 de aanstellerij van twee klassen van mensehen
2211 3050 3096 3165 uit onzen tijd: den adel die alleen voor sport
3098 3062 3304 3144 Itend die
1993 3087 2191 3152 Der „OBS
2203 3098 3092 3223 iets voelt, de zoogenaamde jonge letterkun¬
3105 3131 3297 3180 orgen¬
1871 3137 2200 3196 Inhaltsangabe
1880 3187 2192 3225 blätter (Tage
2212 3202 2362 3265 digen.
2256 3154 3290 3295 ve vemeilen vor det oder de spircden- erange)
1888 3217 2202 3270 wodurch eine Uel
2217 3204 3309 3341 den weer zin de verdiensteljjke acteur Wol- Chaftliche
1876 3256 2215 3305 Leben des In- u.
1870 3293 2210 3358 theilungen werder
2202 3239 3308 3401 erne en de mitnweste ente Reimele Me
2203 3365 2462 3452 Rieckers.
2612 3353 2976 3450 n franco.
