3436 4224
1092 77 1142 139 6
2096 69 2529 171 box 21/2
285 85 1931 197 16.1. Lehendige stunden Zyklus
707 407 1211 542 Kax Goldsc.
835 512 1167 596 Bureau für 4
1208 479 1417 644 %
595 524 701 625 S4
629 592 1325 686 Zeitungsausschnitte und Verlag
625 654 1317 737 der Wissenschaftlichen Revue.
542 710 1436 780 BERLIN N., Auguststr. 87 part.
702 770 1272 844 Telephon Amt III. No. 3051.
496 791 640 873 d
824 870 1158 952 Ausschnitt
449 855 799 942 Talenemen Hürese.
435 923 800 987 G0LDSCHMID T. A. Zuststr 67.
925 928 1036 1001 aus
581 965 626 1013 —
596 1164 1411 1265 Hamburgischer Correspondeni
742 1421 1137 1569 3 2 J  190
1543 1771 1712 1850 Mn
1563 1841 2670 1902 berühmten Schriftsteller Weihgast zu holen, er fühlt,
1581 1900 2678 1951 daß seine Minuten gezählt sind, und er hat dem vom
1583 1934 2678 2005 Glück begünstigten ehemaligen Freunde noch etwas zu
1574 1970 2671 2038 sagen. Während Weihgast geholt wird, erzählt Rade¬
1578 2026 2679 2081 macher dem Schauspieler, was er noch auf dem Herzen
659 1966 1256 2099 Lebendige Stunden.
1575 2067 2676 2120 hat. Er haßt diesen Weihgast, der nicht mehr kann
696 2087 1246 2171 Von Arthur Schnitzler.
1569 2112 2678 2169 als er, und doch zur Höhe kam, während er
934 2137 1465 2221 Berlin, den 5. Januar.
1579 2161 2668 2216 selbst immer tiefer sank. Die ganze schmerzliche
1578 2208 2673 2255 Ohnmacht des Proletariers der Kunst, der in seiner
474 2196 1512 2267 Die Einaktertetralogie, die gestern Abend im
400 2243 1509 2297 Deutschen Theater ihre Erstaufführung erlebte, ist in
1581 2237 2690 2302 Schreibtischschublade die seiner Ansicht nach unsterblichen
1578 2284 2679 2348 Meisterwerke begraben mußte zusammen mit tausend toten
400 2282 1516 2329 ihren drer Schällspieten mit dem Satyrspielzum Schluß
1589 2333 2671 2384 Hoffnungen, konzentrirt sich in giftiger Wuth gegen den
407 2331 1516 2384 durchaus nicht gleichwerthig. Aber ein Stück ist darunter,
1576 2379 2679 2433 alten Freund. Seine Hohlheit und Schaumschlägernatur
411 2379 1512 2428 „Die letzten Masken“, das so überragend gegenüber
401 2413 1509 2486 Apielen Darbietungen der letzten Jahre ist, daß man um
1585 2422 2684 2475 hat nicht nur er selbst erkannt, nein, auch Weihgast's
1574 2461 2673 2523 Frau, die in den Armen des verkannten Zeilenschinders
410 2466 1511 2513 seinetwegen viel Schlechtes in den Kauf nehmen könnte.
414 2507 1507 2560 Es ist mir zweifelhaft, ob „Die letzten Masken“ überall
1586 2507 2676 2566 zwei Jahre lang Rettung suchte vor der verzweifelten
1587 2539 2672 2599 Erkenntniß der inneren Unbedeutendheit ihres Mannes.
406 2534 1511 2609 von der Bühne her den gleichen, tief ergreifenden Ein¬
1585 2595 2664 2654 Das wird er ihm ins Gesicht schleudern — und wenn
408 2591 1511 2644 druck erzielen werden wie gestern bei dem Publikum,
1585 2632 2659 2693 er es nicht glaubt, dann soll der Schauspieler ihm die
409 2637 1508 2681 das jahrelung geschult ist, auf die feinsten Intentionen
398 2670 1508 2746 der Dichter des Deutschen Theaters zu achten. Es ist
1587 2682 2678 2731 beweisenden Briefe zeigen, die im Schreibtisch liegen
400 2722 1501 2772 auch sehr fraglich, ob irgendwo zur Zeit noch ein
1585 2723 2682 2784 bei den Meisterwerken. Zum Dank dafür soll er Erbe
1147 2764 1501 2822 der über die
1584 2768 2675 2841 dieser Werke werden, „für deren Anerkennung vielleicht
399 2767 1150 2818 Meister wie Reinhardt existirt,
1581 2809 2258 2872 nichts fehlt, als daß ich sterbe ..
408 2804 1509 2870 bedenklichsten Augenblicke mit seiner großen mimischen
1664 2829 2666 2909 Weihgast kommt. Er begrüßt den Sterbenden mit
409 2863 1506 2915 Kunst hinweghilft. Ueberall aber, wo nachdenkende
1582 2905 2671 2958 süßer Freundlichkeit. Er macht ihm Vorwürfe, daß er
407 2899 1510 2953 Menschen dies Stück in stillen Stunden lesen werden,
1581 2952 2668 3005 sich nicht an ihn gewandt hat. Aber wenn er wieder
404 2937 1515 3004 werden sie etwas von dem Geist verspüren, der über
395 2985 1506 3057 die kleine Misère erhebt und der den Menschen befreit,
1584 2989 2668 3044 gesund ist, was ja bald der Fall sein werde, dann
1583 3034 1736 3090 wollen
2503 3034 2668 3093 gehen.
395 3032 1350 3077 weil er die Nichtigkeit der Erdenfesseln erweist.
1888 3030 2499 3085 zusammen aufs Land
1591 3073 2661 3136 Seine Frau wird sich freuen, die Kinder,
500 3060 1503 3136 Schnitzler, der vor seinem Eintritt in die Lite¬
407 3131 1498 3186 ratur Arzt an einm Spital war und in der fein¬
1581 3104 2663 3184 die schon ganz fertige Menschen sind, auch. Und
1585 3157 2659 3207 der Sterbende sieht ihn an, kämpft mit sich, setzt an,
401 3158 1511 3220 sinnigen Novelle, Sterben“ schon einmal aus seiner
1593 3207 2662 3258 ihm alles zu sagen, und schweigt noch. Und dann spricht
406 3211 1517 3264 früheren Berufslhängkeit ein Motiv darstellte, führt
1585 3245 2655 3303 Weihgast von sich, seinen Erfolgen und Enttäuschungen,
407 3252 1513 3311 uns in ein Zimner des Wiener Allgemeinen Kranken¬
1579 3294 2666 3358 wie er, einst der Führer der Jungen, jetzt selbst schon
408 3299 1514 3350 hauses; die diensthabende Wärterin schreibt an einem
1568 3340 2667 3399 zum alten Eisen geworfen wird. Preßklatsch und
407 3330 1508 3385 Tisch, vielfach gestört von einem lungenkranken Schau¬
1588 3385 2666 3438 Kliquewesen, der Inhalt seiner Tage, breitet sich vor
406 3386 1503 3439 spieler, der seiner Ansicht nach in der Rekonvalescenz
1567 3425 2664 3474 Rademacher aus. Und Weihgast vergleicht ihre Loose
400 3427 1505 3488 sich befindet und voll Lust und Laune an die Erfolge
2526 3470 2659 3525 Der
1568 3461 2527 3526 und etwas wie Neid spricht aus seinen Worten.
402 3472 1499 3526 seiner Schmierenthätigkeit denkt, mit kleinem nörgeln¬
1580 3516 2663 3563 Sterbende aber schweigt. Noch einmal flackert die
398 3526 1510 3569 den Haß aber von seinen Feinden — Kritikern und
1574 3552 2661 3615 Wuth in iym auf — aber dann stockt er und erklärt,
393 3556 1508 3603 Direktoren — spricht. Dieser vorzüglich beobachtete
1573 3602 2654 3655 er habe nur Abschied nehmen wollen von dem alten
394 3604 1501 3659 Mensch, mit seinem hohlen Pathos, seiner Schauspieler¬
1565 3647 2659 3694 Freunde. Die zugemessene Zeit ist abgelaufen, der
394 3639 1505 3701 eitelkeit und den Kopf ganz angefüllt mit dummen
1578 3692 2654 3747 Arzt holt Weihgast ab, und der neugierige Schauspieler
402 3686 1509 3758 Schnurren, bringt Leben in das trübe Krankenhaus¬
1567 3722 2662 3793 kommt wieder herein. Im Hinausgehen erzählt der Arzt
404 3732 1515 3797 milieu. Er vermag sogar durch eine hingeworfene
1572 3776 2663 3835 Weihgast, daß er dem Schauspieler so viel Freiheit
403 3776 1502 3839 Aeußerung einen apathisch im Lehnstuhl gelagerten, er¬
1568 3821 2651 3887 gewähre, weil er höchstens noch eine Woche zu
403 3816 1504 3881 sichtlich dem Tode verfallenen Journalisten Rademacher
1569 3864 2662 3933 leben habe. Dann sind die beiden Kranken
403 3866 1506 3923 noch einmal zu den Interessen dieser Welt zurückzu¬
402 3908 1511 3960 awinaen Radewacher bittet den amtirenden Arzt den
1567 3909 2662 3976 wieder allein. Und nun kommt eine wunder¬
2778 1751 3184 1851 W
3255 1698 3334 1848 40
2738 1836 3330 1911 volle Szene: Rademacher
2749 1885 3355 1954 Weihgast hinunter geht, zum
2752 1919 3373 1998 sterben muß. Was hat er noch
2753 1982 3363 2033 der dem nächsten Tag noch leh
2744 2029 3369 2083 überhaupt mit dieser rastlosen
2749 2077 3352 2127 und ungerechten Welt gemein
2751 2114 3345 2165 Todes verklärt sein Gesicht, I
2757 2159 3370 2214 Erdenhaß und von den Se
2752 2200 3352 2259 Die Briefe sollen verbrannt i
2758 2240 3312 2312 sollen ins Feuer wandern,
2750 2285 3336 2347 giebt keine Gemeinschaft zu
2752 2325 3363 2392 des Todes und den Forderun
2753 2371 3268 2434 Nachruhm, Erfolg, Glück
2758 2413 3368 2486 ist alles eitel . . . Und er stirh
2827 2462 3356 2523 Das Wort ist zu arm,
2740 2488 3359 2563 Schwingungen, die das Stück
2748 2547 3346 2616 schauer auslöste, zu schildern.
2758 2587 3349 2650 Gedanken. Aber die unendlich
2742 2634 3363 2695 Schnitzler die alten Gedanken vo
2752 2675 3373 2753 deutet, halbverschleiert, ist vo
2757 2724 3349 2784 Das Leben ist ein ewiger
2758 2773 3364 2826 sich das wahre Gesicht der Ding
2766 2814 3362 2882 Gefühl und wie alle die Ausr
2767 2863 3341 2913 Wahrheit sich nennen mögen,
2759 2889 3372 2963 Tage dämmernden Bewußtseins
2748 2948 3357 2994 gefangen. Die letzten Masken!
2782 2991 3361 3054 as gebrochene Auge ist wahr,
2753 3026 3337 3093 der sprechende Mund lügen.
2756 3075 3372 3125 täuschen sich selbst und den and
2751 3119 3370 3188 dieses Täuschen ist ein eher
2750 3158 3369 3228 Rademacher's Wuth unterlieg
2745 3200 3367 3270 Tänschung, einer verbindlichen
2765 3251 3367 3308 Ewigkeit, aber er erkennt noch
2747 3296 3360 3366 haftigkeit aller gegen alle das L#
2823 3337 3369 3388 Ein melancholischer Skept
2730 3380 3345 3446 über das erste Schauspiel, das
2750 3427 3332 3479 Gesammtnamen gegeben hat:
2737 3471 3345 3529 gebreitet. Eine Mutter hat
2745 3487 3374 3579 freiwillig geendet, um dem Soh
2750 3552 3361 3616 lähmt, Raum und freie Bahn zu
2728 3605 3362 3660 zu geben. In erregter Auseinan
2729 3643 3366 3692 Freund der Mutter dem Sohr
2749 3689 3361 3749 ihm einen Vorwurf daraus, daß
2738 3729 3351 3779 nach der Kunst die lebendigen
2725 3770 3343 3835 verkürzt hat. Er will den
2729 3815 3365 3872 lassen, dem jedes Erleben nur u
2719 3871 3367 3922 der künstlerischen Intuition vor
2715 3898 3358 3969 gehen auseinander; der alte
