<?xml version="1.0" encoding="UTF-8" standalone="yes"?>
<PcGts xmlns="http://schema.primaresearch.org/PAGE/gts/pagecontent/2013-07-15" xmlns:xsi="http://www.w3.org/2001/XMLSchema-instance" xsi:schemaLocation="http://schema.primaresearch.org/PAGE/gts/pagecontent/2013-07-15 http://schema.primaresearch.org/PAGE/gts/pagecontent/2013-07-15/pagecontent.xsd">
    <Metadata>
        <Creator>prov=University of Rostock/Institute of Mathematics/CITlab/Gundram Leifert/gundram.leifert@uni-rostock.de:name=ONB_Newseye_GT_M1+(htr_id=10810)::::v=2.4.2
prov=University of Rostock/Institute of Mathematics/CITlab/Tobias Gruening/tobias.gruening@uni-rostock.de:name=de.uros.citlab.module.baseline2polygon.B2PSeamMultiOriented:v=2.4.2
prov=University of Rostock/Institute of Mathematics/CITlab/Tobias Gruening/tobias.gruening@uni-rostock.de:name=/mnt/transkribus/LA/DEA/URO/LA_news_onb_att.pb:de.uros.citlab.segmentation.CITlab_LA_ML:v=2.4.2
Transkribus</Creator>
        <Created>2019-10-07T11:36:08.091+02:00</Created>
        <LastChange>2019-10-08T19:22:15.213+02:00</LastChange>
        <TranskribusMetadata docId="223975" pageId="9502445" pageNr="540" tsid="16607610" status="IN_PROGRESS" userId="40391" imgUrl="https://files.transkribus.eu/Get?id=AJKWHTYIDOEVTMJRIRPHJVTF&amp;fileType=view" xmlUrl="https://files.transkribus.eu/Get?id=FQZEOFJNBPRVRFMSWTKUHGKM" imageId="6192663"/>
    </Metadata>
    <Page imageFilename="223975_0540.jpeg" imageWidth="3392" imageHeight="4224">
        <ReadingOrder>
            <OrderedGroup id="ro_1711449960356" caption="Regions reading order">
                <RegionRefIndexed index="0" regionRef="r1"/>
            </OrderedGroup>
        </ReadingOrder>
        <TextRegion orientation="0.0" id="r1" custom="readingOrder {index:0;}">
            <Coords points="274,259 274,4203 2654,4203 2654,259"/>
            <TextLine id="r1l1" custom="readingOrder {index:0;}">
                <Coords points="2072,299 2147,298 2194,317 2377,300 2410,313 2441,299 2498,314 2519,310 2520,241 2421,227 2397,245 2370,226 2325,226 2259,252 2226,235 2195,245 2116,225 2072,233"/>
                <Baseline points="2082,286 2107,286 2132,287 2157,288 2182,288 2207,289 2232,290 2257,291 2282,292 2307,292 2332,293 2357,293 2382,293 2407,293 2432,292 2457,291 2482,290 2508,287"/>
                <TextEquiv>
                    <Unicode>box 21/4</Unicode>
                </TextEquiv>
            </TextLine>
            <TextLine id="r1l2" custom="readingOrder {index:1;}">
                <Coords points="264,306 1925,324 1878,235 1527,275 1404,229 265,242"/>
                <Baseline points="274,280 356,285 438,290 520,294 602,296 684,298 766,299 848,299 930,300 1012,299 1094,299 1176,299 1258,298 1340,298 1422,298 1504,298 1586,299 1668,300 1750,302 1832,304 1915,308"/>
                <TextEquiv>
                    <Unicode>16.1. Lebendige Stunden Zuklus</Unicode>
                </TextEquiv>
            </TextLine>
            <TextLine id="r1l3" custom="readingOrder {index:2;}">
                <Coords points="1665,504 1737,514 1799,505 1813,517 1850,506 1891,521 1924,503 1955,516 1979,504 2037,512 2038,452 2003,464 1938,430 1907,445 1860,426 1841,436 1809,425 1771,447 1732,446 1709,466 1666,463"/>
                <Baseline points="1676,490 1701,487 1726,484 1751,482 1776,481 1801,480 1826,480 1851,480 1876,481 1901,482 1926,484 1951,487 1976,490 2001,492 2026,495"/>
                <TextEquiv>
                    <Unicode>ion 12801.</Unicode>
                </TextEquiv>
            </TextLine>
            <TextLine id="r1l4" custom="readingOrder {index:3;}">
                <Coords points="1228,581 2309,596 2394,546 1678,514 1228,556"/>
                <Baseline points="1238,577 1295,576 1352,575 1409,575 1467,575 1524,574 1581,575 1639,575 1696,575 1753,576 1811,576 1868,577 1925,578 1982,579 2040,579 2097,580 2154,581 2212,581 2269,581 2326,581 2384,581"/>
                <TextEquiv>
                    <Unicode>X. Weigl’s Unternehmen für Zeitungs-Ausschnitte</Unicode>
                </TextEquiv>
            </TextLine>
            <TextLine id="r1l5" custom="readingOrder {index:4;}">
                <Coords points="1437,724 2019,707 2117,659 2311,640 2331,583 2156,581 2093,620 2029,594 1994,618 1900,597 1567,626 1499,682 1433,679"/>
                <Baseline points="1445,697 1489,699 1533,701 1577,701 1621,702 1665,702 1709,701 1753,699 1797,697 1841,694 1885,691 1929,686 1973,682 2017,676 2061,671 2105,664 2149,656 2193,648 2237,640 2281,630 2325,620"/>
                <TextEquiv>
                    <Unicode>„DBSERER“</Unicode>
                </TextEquiv>
            </TextLine>
            <TextLine id="r1l6" custom="readingOrder {index:5;}">
                <Coords points="2178,723 2201,717 2219,731 2254,716 2277,733 2312,708 2330,720 2359,703 2371,705 2371,679 2332,669 2320,675 2301,671 2264,644 2229,651 2219,645 2178,649"/>
                <Baseline points="2189,708 2217,709 2246,707 2275,705 2303,704 2332,706 2361,712"/>
                <TextEquiv>
                    <Unicode>Nr. a</Unicode>
                </TextEquiv>
            </TextLine>
            <TextLine id="r1l7" custom="readingOrder {index:6;}">
                <Coords points="1119,728 1133,730 1142,723 1156,724 1167,734 1178,731 1183,738 1206,741 1214,669 1192,667 1178,663 1174,658 1164,657 1160,661 1156,656 1142,654 1137,658 1127,657"/>
                <Baseline points="1130,713 1164,717 1198,721"/>
                <TextEquiv>
                    <Unicode>#</Unicode>
                </TextEquiv>
            </TextLine>
            <TextLine id="r1l8" custom="readingOrder {index:7;}">
                <Coords points="1054,792 2343,800 2516,779 2516,738 1054,741"/>
                <Baseline points="1065,773 1137,773 1209,773 1281,772 1353,772 1425,772 1497,771 1569,771 1641,771 1713,770 1785,770 1857,769 1929,769 2001,769 2073,769 2145,769 2217,769 2289,770 2361,771 2433,772 2506,773"/>
                <TextEquiv>
                    <Unicode>I. österr. behürdl. conc. Burean für Zeitungsberichte u. Personalnachrichten</Unicode>
                </TextEquiv>
            </TextLine>
            <TextLine id="r1l9" custom="readingOrder {index:8;}">
                <Coords points="1333,844 1482,870 1556,839 2143,860 2266,845 2266,818 2036,776 1817,805 1673,777 1544,808 1332,786"/>
                <Baseline points="1342,837 1387,840 1433,841 1479,843 1524,844 1570,844 1616,844 1661,843 1707,842 1753,842 1799,841 1844,840 1890,839 1936,838 1981,838 2027,838 2073,838 2118,839 2164,840 2210,842 2256,845"/>
                <TextEquiv>
                    <Unicode>Wien, I., Concondiaplatz 4.</Unicode>
                </TextEquiv>
            </TextLine>
            <TextLine id="r1l10" custom="readingOrder {index:9;}">
                <Coords points="1070,898 2515,910 2515,863 2402,849 1070,853"/>
                <Baseline points="1080,899 1151,898 1222,898 1293,897 1364,897 1436,896 1507,896 1578,896 1649,896 1720,896 1792,896 1863,896 1934,896 2005,896 2076,897 2148,897 2219,898 2290,898 2361,899 2432,900 2504,901"/>
                <TextEquiv>
                    <Unicode>Vertretungen in Berlin, Budapest, Chicago, Genf, London, Newyork, Paris, Rom,</Unicode>
                </TextEquiv>
            </TextLine>
            <TextLine id="r1l11" custom="readingOrder {index:10;}">
                <Coords points="1427,956 1497,942 1612,964 1798,939 1878,964 1903,942 1940,962 2016,939 2075,964 2143,933 2098,900 1936,896 1915,917 1872,896 1427,901"/>
                <Baseline points="1438,936 1472,936 1507,936 1542,936 1576,936 1611,935 1646,935 1680,935 1715,934 1750,934 1785,934 1819,933 1854,933 1889,933 1923,933 1958,934 1993,934 2027,935 2062,936 2097,938 2132,939"/>
                <TextEquiv>
                    <Unicode>Stockholm, Kristiania, St. Petersburg.</Unicode>
                </TextEquiv>
            </TextLine>
            <TextLine id="r1l12" custom="readingOrder {index:11;}">
                <Coords points="1051,1080 1180,1096 1266,1084 1293,1106 1404,1077 1545,1095 1580,1091 1580,1040 1402,1038 1295,1016 1248,1040 1168,1030 1131,1049 1112,1032 1051,1057"/>
                <Baseline points="1061,1079 1086,1079 1112,1078 1137,1078 1163,1078 1188,1078 1214,1079 1239,1079 1265,1079 1290,1079 1316,1079 1341,1079 1367,1079 1392,1079 1418,1079 1443,1079 1469,1079 1494,1078 1520,1077 1545,1077 1571,1076"/>
                <TextEquiv>
                    <Unicode>Ausschnitt aus:</Unicode>
                </TextEquiv>
            </TextLine>
            <TextLine id="r1l13" custom="readingOrder {index:12;}">
                <Coords points="1952,1121 2013,1101 2122,1115 2210,1078 2255,1097 2343,1085 2445,1119 2548,1077 2596,1089 2595,1054 2554,1038 2459,1047 2382,1004 2339,1017 2277,992 2139,1028 2060,997 1977,1045 1950,1039"/>
                <Baseline points="1962,1108 1993,1106 2024,1105 2055,1103 2086,1101 2117,1099 2148,1098 2180,1096 2211,1095 2242,1094 2273,1093 2304,1092 2335,1092 2366,1091 2398,1091 2429,1091 2460,1091 2491,1091 2522,1092 2553,1093 2585,1094"/>
                <TextEquiv>
                    <Unicode>1 esne</Unicode>
                </TextEquiv>
            </TextLine>
            <TextLine id="r1l14" custom="readingOrder {index:13;}">
                <Coords points="1343,1271 1396,1265 1412,1250 1483,1249 1507,1232 1521,1241 1544,1214 1558,1224 1593,1210 1671,1219 1660,1135 1612,1149 1592,1138 1557,1143 1519,1162 1489,1156 1449,1194 1431,1184 1407,1205 1332,1204"/>
                <Baseline points="1349,1244 1374,1239 1400,1235 1426,1232 1451,1229 1477,1226 1503,1222 1528,1219 1554,1215 1580,1210 1605,1204 1631,1197 1657,1189"/>
                <TextEquiv>
                    <Unicode>3074</Unicode>
                </TextEquiv>
            </TextLine>
            <TextLine id="r1l15" custom="readingOrder {index:14;}">
                <Coords points="1059,1252 1125,1244 1201,1252 1213,1246 1271,1248 1270,1203 1252,1199 1219,1172 1194,1172 1178,1184 1158,1174 1137,1184 1125,1180 1114,1187 1110,1182 1059,1191"/>
                <Baseline points="1070,1226 1097,1223 1124,1222 1151,1221 1178,1221 1205,1222 1232,1223 1260,1225"/>
                <TextEquiv>
                    <Unicode>vom:</Unicode>
                </TextEquiv>
            </TextLine>
            <TextLine id="r1l16" custom="readingOrder {index:15;}">
                <Coords points="1557,1373 1617,1381 1655,1399 1691,1382 1756,1382 1805,1404 1828,1382 1873,1384 1876,1316 1851,1324 1841,1315 1617,1307 1559,1316"/>
                <Baseline points="1568,1368 1594,1369 1621,1371 1648,1372 1675,1374 1702,1375 1729,1377 1756,1377 1783,1378 1810,1378 1837,1377 1864,1376"/>
                <TextEquiv>
                    <Unicode>Theater.</Unicode>
                </TextEquiv>
            </TextLine>
            <TextLine id="r1l17" custom="readingOrder {index:16;}">
                <Coords points="1300,1424 2244,1457 2214,1401 2136,1412 2026,1374 1805,1404 1504,1371 1469,1397 1439,1371 1301,1387"/>
                <Baseline points="1310,1418 1356,1421 1402,1423 1448,1425 1494,1427 1541,1430 1587,1431 1633,1433 1679,1434 1725,1435 1772,1437 1818,1438 1864,1438 1910,1439 1956,1439 2003,1440 2049,1440 2095,1440 2141,1440 2187,1440 2234,1439"/>
                <TextEquiv>
                    <Unicode>Es gibt Bühnendichter, denen die Phrase und das</Unicode>
                </TextEquiv>
            </TextLine>
            <TextLine id="r1l18" custom="readingOrder {index:17;}">
                <Coords points="1199,1457 2059,1476 2249,1511 2251,1447 1407,1442 1266,1403 1200,1427"/>
                <Baseline points="1209,1460 1260,1461 1312,1462 1363,1463 1415,1465 1466,1467 1518,1468 1569,1470 1621,1471 1672,1473 1724,1475 1775,1476 1827,1478 1878,1479 1930,1480 1981,1481 2033,1481 2084,1481 2136,1481 2187,1481 2239,1480"/>
                <TextEquiv>
                    <Unicode>Philosophieren erlaubt ist = während man sonst nur nach</Unicode>
                </TextEquiv>
            </TextLine>
            <TextLine id="r1l19" custom="readingOrder {index:18;}">
                <Coords points="1200,1506 2179,1533 2237,1504 1201,1474"/>
                <Baseline points="1211,1501 1261,1502 1312,1503 1363,1504 1414,1505 1465,1507 1515,1508 1566,1509 1617,1510 1668,1512 1719,1513 1769,1515 1820,1516 1871,1517 1922,1518 1973,1520 2023,1521 2074,1522 2125,1523 2176,1525 2227,1526"/>
                <TextEquiv>
                    <Unicode>lebendiger Handlung schreit = zu diesen glücklichen, privi</Unicode>
                </TextEquiv>
            </TextLine>
            <TextLine id="r1l20" custom="readingOrder {index:19;}">
                <Coords points="1196,1546 1754,1572 2028,1546 2148,1573 2245,1561 2246,1522 1197,1509"/>
                <Baseline points="1206,1539 1257,1541 1308,1542 1360,1543 1411,1545 1463,1546 1514,1548 1566,1549 1617,1550 1669,1552 1720,1554 1771,1555 1823,1556 1874,1558 1926,1559 1977,1560 2029,1560 2080,1561 2132,1562 2183,1562 2235,1562"/>
                <TextEquiv>
                    <Unicode>legierten Ausnahmsmenschen gehört offenbar Arthur</Unicode>
                </TextEquiv>
            </TextLine>
            <TextLine id="r1l21" custom="readingOrder {index:20;}">
                <Coords points="1192,1580 2245,1616 2246,1562 1193,1545"/>
                <Baseline points="1203,1577 1254,1578 1306,1579 1357,1581 1409,1582 1461,1584 1512,1586 1564,1588 1615,1589 1667,1591 1719,1593 1770,1595 1822,1597 1873,1598 1925,1599 1977,1600 2028,1600 2080,1601 2131,1601 2183,1600 2235,1599"/>
                <TextEquiv>
                    <Unicode>Schnitzler. An der Wiege seiner dramatischen Taten</Unicode>
                </TextEquiv>
            </TextLine>
            <TextLine id="r1l22" custom="readingOrder {index:21;}">
                <Coords points="1197,1626 2122,1657 2238,1629 2238,1602 1198,1577"/>
                <Baseline points="1208,1616 1261,1618 1315,1619 1368,1621 1422,1623 1476,1625 1529,1627 1583,1629 1637,1631 1690,1632 1744,1634 1797,1635 1851,1636 1905,1637 1958,1638 2012,1639 2066,1639 2119,1639 2173,1638 2227,1637"/>
                <TextEquiv>
                    <Unicode>ist es ihm von der Presse gesungen worden, daß er „geist¬</Unicode>
                </TextEquiv>
            </TextLine>
            <TextLine id="r1l23" custom="readingOrder {index:22;}">
                <Coords points="1202,1658 2012,1696 2242,1693 2243,1652 1202,1630"/>
                <Baseline points="1212,1660 1263,1660 1314,1660 1365,1661 1416,1662 1467,1664 1518,1665 1569,1666 1620,1668 1671,1669 1722,1671 1773,1673 1824,1674 1875,1675 1926,1676 1977,1677 2028,1678 2079,1678 2130,1678 2181,1677 2233,1676"/>
                <TextEquiv>
                    <Unicode>reich“ ist, und d'eser Ruf erhält sich am sichersten schon</Unicode>
                </TextEquiv>
            </TextLine>
            <TextLine id="r1l24" custom="readingOrder {index:23;}">
                <Coords points="1194,1713 2251,1718 2251,1689 2190,1680 1195,1656"/>
                <Baseline points="1204,1704 1255,1703 1307,1702 1359,1702 1411,1703 1463,1703 1515,1704 1566,1705 1618,1707 1670,1708 1722,1709 1774,1711 1826,1713 1878,1714 1929,1715 1981,1716 2033,1717 2085,1718 2137,1718 2189,1719 2241,1718"/>
                <TextEquiv>
                    <Unicode>dadurch, daß sich niemand einen Mangel an Verständuis</Unicode>
                </TextEquiv>
            </TextLine>
            <TextLine id="r1l25" custom="readingOrder {index:24;}">
                <Coords points="1198,1737 2158,1776 2247,1736 1198,1712"/>
                <Baseline points="1208,1742 1259,1742 1310,1741 1362,1741 1413,1742 1465,1743 1516,1744 1567,1745 1619,1746 1670,1748 1722,1749 1773,1751 1824,1752 1876,1753 1927,1754 1979,1755 2030,1755 2081,1755 2133,1755 2184,1754 2236,1753"/>
                <TextEquiv>
                    <Unicode>vorwerfen lassen will — ob er nun Gutes oder Schlechtes</Unicode>
                </TextEquiv>
            </TextLine>
            <TextLine id="r1l26" custom="readingOrder {index:25;}">
                <Coords points="1192,1776 2253,1801 2254,1753 1193,1735"/>
                <Baseline points="1202,1779 1254,1780 1306,1781 1358,1781 1410,1783 1462,1784 1514,1785 1566,1786 1618,1788 1670,1789 1723,1790 1775,1792 1827,1793 1879,1794 1931,1795 1983,1795 2035,1795 2087,1795 2139,1795 2191,1794 2244,1793"/>
                <TextEquiv>
                    <Unicode>bringt. Für nichts ist die große Menge empfänglicher als</Unicode>
                </TextEquiv>
            </TextLine>
            <TextLine id="r1l27" custom="readingOrder {index:26;}">
                <Coords points="1192,1805 1567,1839 2249,1831 2217,1797 1193,1776"/>
                <Baseline points="1202,1821 1253,1820 1305,1819 1357,1820 1409,1820 1461,1821 1512,1822 1564,1823 1616,1825 1668,1827 1720,1828 1771,1830 1823,1832 1875,1833 1927,1834 1979,1836 2030,1836 2082,1836 2134,1836 2186,1836 2238,1834"/>
                <TextEquiv>
                    <Unicode>für einen Brocken Philosophie — eine Speise, die sonst von</Unicode>
                </TextEquiv>
            </TextLine>
            <TextLine id="r1l28" custom="readingOrder {index:27;}">
                <Coords points="1199,1858 2241,1893 2226,1837 1200,1815"/>
                <Baseline points="1210,1857 1261,1859 1312,1860 1363,1861 1414,1862 1465,1864 1516,1865 1567,1866 1618,1867 1669,1868 1720,1869 1771,1870 1822,1871 1873,1872 1924,1873 1975,1873 2026,1874 2077,1874 2128,1874 2179,1874 2231,1874"/>
                <TextEquiv>
                    <Unicode>ihr nicht allzu häufig gesucht, vielmehr als zu schwer ver¬</Unicode>
                </TextEquiv>
            </TextLine>
            <TextLine id="r1l29" custom="readingOrder {index:28;}">
                <Coords points="1188,1912 2250,1908 2136,1875 1190,1856"/>
                <Baseline points="1200,1897 1254,1897 1309,1898 1364,1899 1418,1900 1473,1901 1528,1903 1582,1905 1637,1906 1692,1907 1746,1909 1801,1910 1856,1911 1910,1912 1965,1913 2020,1914 2074,1914 2129,1914 2184,1913 2239,1912"/>
                <TextEquiv>
                    <Unicode>daulich gemieden wird, aber in dieser verdünnten Form an¬</Unicode>
                </TextEquiv>
            </TextLine>
            <TextLine id="r1l30" custom="readingOrder {index:29;}">
                <Coords points="1189,1944 2238,1958 2210,1914 1190,1912"/>
                <Baseline points="1200,1937 1251,1937 1302,1937 1354,1938 1405,1939 1457,1940 1508,1941 1559,1942 1611,1944 1662,1946 1714,1947 1765,1948 1816,1950 1868,1951 1919,1952 1971,1953 2022,1954 2073,1954 2125,1954 2176,1954 2228,1953"/>
                <TextEquiv>
                    <Unicode>genehm auregend wirkt. Diese philosophierende Rethorik ist</Unicode>
                </TextEquiv>
            </TextLine>
            <TextLine id="r1l31" custom="readingOrder {index:30;}">
                <Coords points="1196,1976 2176,2008 2242,2005 2243,1956 1196,1943"/>
                <Baseline points="1206,1974 1257,1976 1308,1977 1359,1979 1411,1980 1462,1982 1513,1983 1565,1984 1616,1985 1667,1986 1719,1987 1770,1988 1821,1989 1872,1990 1924,1990 1975,1991 2026,1991 2078,1992 2129,1992 2180,1993 2232,1993"/>
                <TextEquiv>
                    <Unicode>unzweifelhaft am Theater das, was man in der Literatur</Unicode>
                </TextEquiv>
            </TextLine>
            <TextLine id="r1l32" custom="readingOrder {index:31;}">
                <Coords points="1187,2031 1233,2018 1313,2019 1341,2038 1366,2019 1442,2035 1541,2022 1585,2041 1604,2025 1676,2026 1676,1997 1584,1984 1561,1994 1434,1977 1395,1995 1244,1977 1188,1990"/>
                <Baseline points="1198,2018 1224,2016 1250,2016 1276,2015 1302,2015 1328,2015 1354,2015 1380,2016 1406,2017 1432,2017 1458,2018 1484,2019 1510,2020 1536,2020 1562,2020 1588,2021 1614,2021 1640,2021 1666,2020"/>
                <TextEquiv>
                    <Unicode>„Schöngeisterei“ nennt —</Unicode>
                </TextEquiv>
            </TextLine>
            <TextLine id="r1l33" custom="readingOrder {index:32;}">
                <Coords points="1669,2036 1741,2038 1762,2021 1808,2039 1823,2025 1971,2044 2047,2032 2085,2050 2114,2032 2242,2032 2242,2007 2213,2000 1670,1989"/>
                <Baseline points="1680,2022 1707,2023 1735,2024 1762,2025 1790,2026 1818,2027 1845,2028 1873,2029 1900,2029 1928,2030 1956,2030 1983,2031 2011,2031 2038,2031 2066,2032 2094,2032 2121,2032 2149,2032 2176,2032 2204,2031 2232,2031"/>
                <TextEquiv>
                    <Unicode>was die Schwärmerei für einen</Unicode>
                </TextEquiv>
            </TextLine>
            <TextLine id="r1l34" custom="readingOrder {index:33;}">
                <Coords points="2268,2067 2315,2047 2393,2049 2405,2058 2428,2050 2457,2054 2465,2046 2492,2054 2492,1995 2472,1986 2463,1995 2445,1992 2420,2004 2398,1998 2334,2006 2311,1987 2285,2005 2268,2003"/>
                <Baseline points="2278,2043 2303,2044 2329,2044 2354,2044 2380,2044 2405,2044 2431,2044 2456,2045 2482,2046"/>
                <TextEquiv>
                    <Unicode>inclusive</Unicode>
                </TextEquiv>
            </TextLine>
            <TextLine id="r1l35" custom="readingOrder {index:34;}">
                <Coords points="1193,2055 2192,2088 2237,2074 2238,2035 1193,2018"/>
                <Baseline points="1202,2058 1253,2057 1304,2056 1355,2056 1407,2056 1458,2057 1509,2058 1560,2059 1612,2060 1663,2062 1714,2063 1765,2065 1817,2066 1868,2067 1919,2068 1970,2069 2022,2070 2073,2070 2124,2069 2175,2069 2227,2068"/>
                <TextEquiv>
                    <Unicode>„Belar (Le mondle on Pon somni) hervorruft. Philo¬</Unicode>
                </TextEquiv>
            </TextLine>
            <TextLine id="r1l36" custom="readingOrder {index:35;}">
                <Coords points="2294,2085 2321,2088 2329,2080 2349,2091 2368,2084 2388,2091 2401,2089 2407,2096 2442,2093 2443,2054 2429,2051 2418,2057 2388,2050 2367,2055 2363,2051 2334,2052 2330,2047 2295,2050"/>
                <Baseline points="2304,2079 2329,2080 2355,2080 2380,2081 2406,2082 2432,2085"/>
                <TextEquiv>
                    <Unicode>Porto.</Unicode>
                </TextEquiv>
            </TextLine>
            <TextLine id="r1l37" custom="readingOrder {index:36;}">
                <Coords points="1192,2091 2243,2130 2227,2076 1193,2054"/>
                <Baseline points="1203,2096 1254,2096 1305,2096 1357,2097 1408,2098 1460,2098 1511,2099 1563,2100 1614,2102 1666,2103 1717,2104 1768,2106 1820,2107 1871,2108 1923,2109 1974,2110 2026,2111 2077,2112 2129,2112 2180,2113 2232,2112"/>
                <TextEquiv>
                    <Unicode>sophie, wo sie zu einer tief begründeten Weltauschanung</Unicode>
                </TextEquiv>
            </TextLine>
            <TextLine id="r1l38" custom="readingOrder {index:37;}">
                <Coords points="2270,2123 2288,2121 2301,2129 2387,2126 2407,2135 2418,2135 2438,2121 2457,2123 2457,2094 2408,2096 2402,2089 2383,2093 2367,2085 2350,2093 2338,2086 2328,2095 2283,2065 2271,2065"/>
                <Baseline points="2281,2119 2308,2119 2336,2120 2363,2121 2391,2121 2418,2121 2446,2120"/>
                <TextEquiv>
                    <Unicode>Zahlbar</Unicode>
                </TextEquiv>
            </TextLine>
            <TextLine id="r1l39" custom="readingOrder {index:38;}">
                <Coords points="1192,2151 2231,2154 2231,2110 1193,2100"/>
                <Baseline points="1202,2136 1255,2136 1309,2136 1362,2137 1416,2138 1470,2139 1523,2140 1577,2141 1631,2143 1684,2144 1738,2145 1791,2147 1845,2148 1899,2149 1952,2150 2006,2150 2060,2151 2113,2151 2167,2151 2221,2150"/>
                <TextEquiv>
                    <Unicode>wurde und sich hoch über die kleinlich beengten Gesichts¬</Unicode>
                </TextEquiv>
            </TextLine>
            <TextLine id="r1l40" custom="readingOrder {index:39;}">
                <Coords points="2260,2183 2332,2191 2411,2165 2469,2173 2481,2165 2506,2175 2505,2123 2302,2130 2284,2117 2259,2120"/>
                <Baseline points="2269,2161 2294,2162 2319,2163 2344,2163 2369,2162 2394,2162 2419,2162 2444,2161 2469,2160 2495,2160"/>
                <TextEquiv>
                    <Unicode>im Voraus.</Unicode>
                </TextEquiv>
            </TextLine>
            <TextLine id="r1l41" custom="readingOrder {index:40;}">
                <Coords points="1190,2176 2241,2192 2241,2147 1190,2153"/>
                <Baseline points="1201,2174 1252,2174 1303,2174 1355,2175 1406,2176 1458,2178 1509,2179 1561,2180 1612,2182 1664,2183 1715,2185 1766,2186 1818,2187 1869,2188 1921,2189 1972,2189 2024,2189 2075,2189 2127,2188 2178,2187 2230,2186"/>
                <TextEquiv>
                    <Unicode>punkte der Meuschen erhebt, wirkt ganz anders. Ist sie der</Unicode>
                </TextEquiv>
            </TextLine>
            <TextLine id="r1l42" custom="readingOrder {index:41;}">
                <Coords points="1189,2222 2203,2229 2220,2196 1190,2177"/>
                <Baseline points="1199,2210 1249,2211 1300,2212 1350,2213 1401,2215 1451,2216 1502,2218 1552,2219 1603,2220 1653,2221 1704,2222 1755,2223 1805,2224 1856,2225 1906,2225 1957,2225 2007,2226 2058,2226 2108,2225 2159,2225 2210,2224"/>
                <TextEquiv>
                    <Unicode>Untergrund, der ein Dichtwerk trägt, fühlen wir kein eitles</Unicode>
                </TextEquiv>
            </TextLine>
            <TextLine id="r1l43" custom="readingOrder {index:42;}">
                <Coords points="2247,2224 2298,2237 2331,2226 2345,2241 2395,2228 2407,2238 2427,2233 2499,2243 2500,2192 2472,2187 2460,2174 2424,2189 2357,2177 2322,2191 2291,2188 2276,2202 2260,2189 2248,2191"/>
                <Baseline points="2258,2220 2283,2223 2309,2225 2335,2226 2361,2227 2386,2228 2412,2228 2438,2228 2464,2228 2490,2227"/>
                <TextEquiv>
                    <Unicode>### ist das</Unicode>
                </TextEquiv>
            </TextLine>
            <TextLine id="r1l44" custom="readingOrder {index:43;}">
                <Coords points="1193,2247 2143,2277 2221,2267 2222,2237 1193,2219"/>
                <Baseline points="1203,2248 1253,2249 1303,2251 1354,2252 1404,2254 1455,2255 1505,2256 1555,2258 1606,2259 1656,2259 1707,2260 1757,2261 1807,2261 1858,2262 1908,2262 1959,2262 2009,2262 2059,2262 2110,2262 2160,2261 2211,2261"/>
                <TextEquiv>
                    <Unicode>Vergnügen, daß unser geistiges Empfängnis grof genug ist,</Unicode>
                </TextEquiv>
            </TextLine>
            <TextLine id="r1l45" custom="readingOrder {index:44;}">
                <Coords points="1070,2271 1087,2271 1093,2275 1113,2275 1120,2271 1138,2271 1142,2275 1171,2273 1171,2236 1155,2240 1132,2225 1111,2234 1085,2217 1070,2219"/>
                <Baseline points="1081,2268 1107,2266 1134,2266 1161,2268"/>
                <TextEquiv>
                    <Unicode>Abo</Unicode>
                </TextEquiv>
            </TextLine>
            <TextLine id="r1l46" custom="readingOrder {index:45;}">
                <Coords points="2275,2272 2355,2278 2392,2294 2418,2286 2429,2292 2441,2280 2457,2286 2517,2274 2517,2248 2466,2237 2410,2237 2394,2229 2365,2241 2275,2231"/>
                <Baseline points="2285,2268 2312,2269 2340,2270 2368,2271 2396,2271 2423,2271 2451,2270 2479,2270 2507,2268"/>
                <TextEquiv>
                    <Unicode>ht es den</Unicode>
                </TextEquiv>
            </TextLine>
            <TextLine id="r1l47" custom="readingOrder {index:46;}">
                <Coords points="1191,2283 1324,2310 2229,2306 2230,2265 1192,2252"/>
                <Baseline points="1201,2286 1251,2287 1302,2288 1353,2289 1404,2291 1455,2292 1506,2293 1557,2294 1608,2295 1659,2296 1710,2297 1760,2298 1811,2299 1862,2300 1913,2300 1964,2301 2015,2301 2066,2301 2117,2301 2168,2301 2219,2300"/>
                <TextEquiv>
                    <Unicode>die bravonröse Spiegelfechterei mitzumachen, wir vergessen unser</Unicode>
                </TextEquiv>
            </TextLine>
            <TextLine id="r1l48" custom="readingOrder {index:47;}">
                <Coords points="2275,2323 2289,2321 2295,2325 2310,2325 2322,2313 2340,2319 2353,2311 2381,2313 2382,2276 2367,2280 2351,2278 2345,2282 2337,2276 2324,2278 2316,2272 2275,2271"/>
                <Baseline points="2286,2308 2314,2305 2343,2306 2372,2308"/>
                <TextEquiv>
                    <Unicode>irn.</Unicode>
                </TextEquiv>
            </TextLine>
            <TextLine id="r1l49" custom="readingOrder {index:48;}">
                <Coords points="1068,2311 1082,2309 1088,2315 1092,2313 1107,2327 1125,2315 1133,2319 1137,2314 1154,2314 1158,2318 1180,2314 1180,2269 1149,2275 1139,2271 1102,2272 1098,2276 1084,2270 1067,2270"/>
                <Baseline points="1077,2311 1108,2309 1139,2310 1171,2309"/>
                <TextEquiv>
                    <Unicode>Abe</Unicode>
                </TextEquiv>
            </TextLine>
            <TextLine id="r1l50" custom="readingOrder {index:49;}">
                <Coords points="1194,2325 2243,2337 2243,2298 1195,2290"/>
                <Baseline points="1204,2325 1255,2326 1306,2328 1358,2329 1409,2330 1461,2332 1512,2333 1564,2334 1615,2336 1667,2337 1718,2338 1769,2339 1821,2339 1872,2340 1924,2341 1975,2341 2027,2341 2078,2341 2130,2341 2181,2340 2233,2340"/>
                <TextEquiv>
                    <Unicode>Selbst, und jenes große Ahnen erschüttert unser Wesen, das</Unicode>
                </TextEquiv>
            </TextLine>
            <TextLine id="r1l51" custom="readingOrder {index:50;}">
                <Coords points="1185,2366 2213,2398 2237,2360 1186,2332"/>
                <Baseline points="1195,2367 1246,2368 1298,2368 1349,2369 1401,2370 1452,2371 1504,2372 1555,2373 1607,2374 1658,2375 1710,2376 1762,2377 1813,2378 1865,2379 1916,2379 1968,2380 2019,2381 2071,2382 2122,2382 2174,2383 2226,2383"/>
                <TextEquiv>
                    <Unicode>mehr im Gefühl als in der detaillierenden, geistigen Auffassung</Unicode>
                </TextEquiv>
            </TextLine>
            <TextLine id="r1l52" custom="readingOrder {index:51;}">
                <Coords points="2268,2395 2305,2397 2313,2405 2393,2395 2500,2402 2500,2355 2465,2363 2451,2349 2406,2367 2391,2354 2359,2364 2338,2348 2313,2358 2289,2347 2268,2349"/>
                <Baseline points="2279,2392 2305,2393 2331,2393 2357,2393 2384,2393 2410,2394 2436,2394 2462,2394 2489,2393"/>
                <TextEquiv>
                    <Unicode>iltend die</Unicode>
                </TextEquiv>
            </TextLine>
            <TextLine id="r1l53" custom="readingOrder {index:52;}">
                <Coords points="1192,2412 2095,2431 2234,2420 2235,2391 1193,2367"/>
                <Baseline points="1202,2404 1253,2404 1304,2405 1355,2406 1406,2407 1457,2408 1508,2409 1559,2411 1610,2413 1661,2414 1713,2415 1764,2416 1815,2418 1866,2419 1917,2420 1968,2421 2019,2421 2070,2422 2121,2422 2172,2421 2224,2421"/>
                <TextEquiv>
                    <Unicode>in Erscheinung tritt. Das wollte ich nur vorhersenden, bevor</Unicode>
                </TextEquiv>
            </TextLine>
            <TextLine id="r1l54" custom="readingOrder {index:53;}">
                <Coords points="2291,2442 2301,2442 2313,2430 2330,2438 2367,2436 2377,2447 2393,2447 2426,2436 2438,2442 2459,2438 2473,2426 2488,2426 2488,2399 2465,2406 2455,2397 2424,2403 2393,2395 2377,2401 2323,2399 2313,2406 2305,2397 2291,2397"/>
                <Baseline points="2301,2431 2326,2432 2351,2432 2376,2432 2401,2432 2426,2432 2451,2432 2477,2431"/>
                <TextEquiv>
                    <Unicode>lorgen¬</Unicode>
                </TextEquiv>
            </TextLine>
            <TextLine id="r1l55" custom="readingOrder {index:54;}">
                <Coords points="1186,2463 2239,2465 2213,2419 1187,2412"/>
                <Baseline points="1196,2447 1247,2447 1299,2446 1350,2447 1402,2447 1454,2448 1505,2449 1557,2450 1609,2451 1660,2453 1712,2454 1764,2455 1815,2456 1867,2457 1919,2458 1970,2459 2022,2459 2074,2459 2125,2459 2177,2458 2229,2456"/>
                <TextEquiv>
                    <Unicode>ich den allgemeinen Lobeschorus über den Einakterzyklus</Unicode>
                </TextEquiv>
            </TextLine>
            <TextLine id="r1l56" custom="readingOrder {index:55;}">
                <Coords points="2283,2469 2306,2477 2331,2474 2339,2482 2411,2475 2430,2487 2446,2474 2463,2486 2489,2470 2503,2474 2502,2431 2479,2423 2459,2437 2432,2437 2420,2448 2410,2442 2377,2446 2362,2436 2332,2439 2313,2429 2303,2440 2282,2441"/>
                <Baseline points="2294,2471 2322,2472 2350,2472 2378,2472 2407,2471 2435,2469 2463,2467 2492,2464"/>
                <TextEquiv>
                    <Unicode>Zeitung“)</Unicode>
                </TextEquiv>
            </TextLine>
            <TextLine id="r1l57" custom="readingOrder {index:56;}">
                <Coords points="1196,2497 2234,2515 2235,2464 1197,2460"/>
                <Baseline points="1206,2488 1259,2488 1313,2488 1366,2489 1420,2489 1474,2490 1527,2491 1581,2492 1635,2494 1688,2495 1742,2496 1795,2497 1849,2498 1903,2499 1956,2499 2010,2500 2064,2500 2117,2501 2171,2501 2225,2501"/>
                <TextEquiv>
                    <Unicode>„Lebendige Stunden“. von Schnitzler, der vorigen</Unicode>
                </TextEquiv>
            </TextLine>
            <TextLine id="r1l58" custom="readingOrder {index:57;}">
                <Coords points="2262,2512 2457,2519 2510,2499 2509,2470 2460,2486 2444,2474 2428,2486 2413,2476 2341,2480 2306,2477 2283,2463 2261,2467"/>
                <Baseline points="2273,2511 2298,2511 2323,2511 2348,2510 2373,2510 2398,2509 2423,2509 2448,2508 2473,2507 2499,2507"/>
                <TextEquiv>
                    <Unicode>schaftliche</Unicode>
                </TextEquiv>
            </TextLine>
            <TextLine id="r1l59" custom="readingOrder {index:58;}">
                <Coords points="1195,2531 2081,2566 2242,2538 2243,2499 1196,2498"/>
                <Baseline points="1206,2523 1257,2524 1308,2525 1359,2526 1411,2527 1462,2528 1513,2529 1564,2529 1616,2530 1667,2531 1718,2532 1769,2533 1821,2533 1872,2534 1923,2535 1974,2536 2026,2537 2077,2538 2128,2539 2179,2540 2231,2541"/>
                <TextEquiv>
                    <Unicode>Samstag zum ersten Mal im Deutschen Volkstheater</Unicode>
                </TextEquiv>
            </TextLine>
            <TextLine id="r1l60" custom="readingOrder {index:59;}">
                <Coords points="2339,2539 2384,2545 2395,2540 2407,2544 2417,2540 2427,2545 2442,2539 2448,2544 2456,2540 2485,2541 2486,2523 2435,2512 2404,2513 2396,2521 2340,2515"/>
                <Baseline points="2349,2534 2374,2536 2399,2537 2424,2538 2449,2538 2475,2540"/>
                <TextEquiv>
                    <Unicode>—</Unicode>
                </TextEquiv>
            </TextLine>
            <TextLine id="r1l61" custom="readingOrder {index:60;}">
                <Coords points="1572,2634 2619,2608 2618,2579 2217,2557 2043,2589 1571,2582"/>
                <Baseline points="1583,2623 1634,2624 1685,2624 1736,2624 1788,2623 1839,2623 1890,2623 1941,2622 1993,2621 2044,2620 2095,2619 2146,2618 2198,2617 2249,2616 2300,2615 2351,2613 2403,2613 2454,2611 2505,2610 2556,2609 2608,2608"/>
                <TextEquiv>
                    <Unicode>lichen mysteriösen Rückerinnerns der Seele, von dem sonderbaren</Unicode>
                </TextEquiv>
            </TextLine>
            <TextLine id="r1l62" custom="readingOrder {index:61;}">
                <Coords points="1184,2649 1217,2636 1244,2647 1277,2632 1392,2647 1492,2628 1517,2644 1544,2642 1543,2584 1498,2595 1473,2579 1438,2593 1338,2584 1281,2615 1225,2581 1184,2594"/>
                <Baseline points="1195,2630 1221,2631 1247,2632 1273,2632 1299,2632 1325,2632 1351,2632 1377,2632 1403,2631 1429,2630 1455,2630 1481,2629 1507,2629 1534,2628"/>
                <TextEquiv>
                    <Unicode>sehr erfolgreich in</Unicode>
                </TextEquiv>
            </TextLine>
            <TextLine id="r1l63" custom="readingOrder {index:62;}">
                <Coords points="1572,2664 2619,2663 2618,2603 1572,2633"/>
                <Baseline points="1583,2665 1634,2665 1685,2665 1736,2665 1788,2665 1839,2665 1890,2665 1941,2665 1993,2664 2044,2664 2095,2663 2146,2662 2198,2661 2249,2660 2300,2659 2351,2658 2403,2656 2454,2655 2505,2653 2556,2651 2608,2650"/>
                <TextEquiv>
                    <Unicode>Eindruck, als hätten wir dasselbe, was uns eben begegnet,</Unicode>
                </TextEquiv>
            </TextLine>
            <TextLine id="r1l64" custom="readingOrder {index:63;}">
                <Coords points="1183,2674 1243,2693 1308,2671 1339,2688 1351,2676 1415,2674 1434,2686 1448,2673 1526,2678 1558,2669 1558,2638 1477,2627 1408,2650 1350,2635 1322,2646 1297,2632 1268,2645 1182,2643"/>
                <Baseline points="1194,2674 1219,2674 1244,2674 1269,2674 1294,2674 1320,2674 1345,2674 1370,2674 1395,2673 1420,2672 1446,2672 1471,2670 1496,2668 1521,2666 1547,2662"/>
                <TextEquiv>
                    <Unicode>Szene ging, kritisie¬</Unicode>
                </TextEquiv>
            </TextLine>
            <TextLine id="r1l65" custom="readingOrder {index:64;}">
                <Coords points="1571,2703 2446,2711 2620,2690 2620,2661 1571,2676"/>
                <Baseline points="1581,2706 1632,2706 1683,2706 1735,2706 1786,2706 1838,2706 1889,2705 1941,2705 1992,2704 2044,2704 2095,2703 2146,2702 2198,2701 2249,2700 2301,2699 2352,2697 2404,2696 2455,2695 2507,2692 2558,2691 2610,2689"/>
                <TextEquiv>
                    <Unicode>schon längst einmal erlebt. Derlei Eindrücke haben die meisten</Unicode>
                </TextEquiv>
            </TextLine>
            <TextLine id="r1l66" custom="readingOrder {index:65;}">
                <Coords points="1183,2721 1337,2722 1359,2711 1407,2735 1435,2708 1454,2723 1560,2720 1560,2670 1488,2681 1447,2673 1433,2684 1412,2674 1322,2683 1306,2671 1248,2684 1182,2674"/>
                <Baseline points="1193,2711 1218,2712 1244,2712 1269,2713 1295,2713 1320,2714 1346,2714 1372,2714 1397,2714 1423,2714 1448,2713 1474,2712 1499,2711 1525,2708 1551,2705"/>
                <TextEquiv>
                    <Unicode>re. Der erste dieser</Unicode>
                </TextEquiv>
            </TextLine>
            <TextLine id="r1l67" custom="readingOrder {index:66;}">
                <Coords points="1573,2750 2628,2731 2587,2695 1573,2709"/>
                <Baseline points="1583,2747 1634,2747 1686,2747 1738,2747 1789,2746 1841,2746 1893,2745 1944,2745 1996,2744 2048,2743 2100,2742 2151,2741 2203,2740 2255,2739 2306,2738 2358,2737 2410,2736 2461,2735 2513,2734 2565,2733 2617,2731"/>
                <TextEquiv>
                    <Unicode>Menschen schon einmal durchkostet, und hängt das vielleicht</Unicode>
                </TextEquiv>
            </TextLine>
            <TextLine id="r1l68" custom="readingOrder {index:67;}">
                <Coords points="1187,2747 1249,2761 1348,2751 1375,2763 1397,2752 1463,2759 1477,2746 1508,2760 1557,2755 1556,2718 1540,2715 1452,2720 1437,2708 1413,2733 1359,2711 1335,2722 1279,2713 1187,2721"/>
                <Baseline points="1197,2755 1222,2753 1247,2752 1272,2752 1297,2752 1322,2752 1347,2752 1372,2753 1397,2753 1422,2753 1447,2753 1472,2751 1497,2749 1522,2746 1547,2743"/>
                <TextEquiv>
                    <Unicode>Einakter ist ein ge¬</Unicode>
                </TextEquiv>
            </TextLine>
            <TextLine id="r1l69" custom="readingOrder {index:68;}">
                <Coords points="1573,2788 2614,2777 2595,2730 1705,2766 1573,2743"/>
                <Baseline points="1584,2787 1635,2786 1686,2786 1737,2786 1788,2786 1839,2785 1890,2785 1941,2784 1992,2784 2043,2783 2094,2783 2145,2782 2196,2781 2247,2780 2298,2779 2349,2778 2400,2777 2451,2775 2502,2774 2553,2772 2604,2770"/>
                <TextEquiv>
                    <Unicode>damit zusammen, daß uns einen Atemzug lang die</Unicode>
                </TextEquiv>
            </TextLine>
            <TextLine id="r1l70" custom="readingOrder {index:69;}">
                <Coords points="1187,2798 1250,2798 1267,2810 1283,2796 1365,2800 1387,2783 1427,2804 1486,2792 1523,2802 1560,2796 1559,2755 1508,2761 1479,2747 1463,2760 1348,2751 1317,2764 1294,2754 1186,2763"/>
                <Baseline points="1196,2798 1221,2796 1246,2795 1271,2793 1296,2793 1322,2793 1347,2792 1372,2792 1397,2792 1422,2792 1448,2791 1473,2790 1498,2789 1523,2787 1549,2784"/>
                <TextEquiv>
                    <Unicode>sprochenes Feuille¬</Unicode>
                </TextEquiv>
            </TextLine>
            <TextLine id="r1l71" custom="readingOrder {index:70;}">
                <Coords points="1575,2827 2606,2821 2622,2773 1575,2794"/>
                <Baseline points="1585,2823 1636,2823 1687,2823 1739,2823 1790,2823 1841,2823 1893,2822 1944,2822 1995,2821 2047,2821 2098,2820 2149,2820 2201,2818 2252,2818 2303,2817 2355,2816 2406,2814 2457,2813 2509,2811 2560,2810 2612,2808"/>
                <TextEquiv>
                    <Unicode>a priori-Begriffe von Zeit und Raum versagen. Wenn die</Unicode>
                </TextEquiv>
            </TextLine>
            <TextLine id="r1l72" custom="readingOrder {index:71;}">
                <Coords points="1180,2835 1274,2829 1314,2844 1377,2824 1418,2842 1463,2826 1533,2837 1556,2828 1554,2775 1483,2797 1179,2804"/>
                <Baseline points="1191,2835 1216,2833 1241,2833 1266,2832 1292,2831 1317,2831 1342,2831 1368,2831 1393,2831 1418,2830 1443,2829 1469,2829 1494,2827 1519,2826 1545,2823"/>
                <TextEquiv>
                    <Unicode>ton ohne echte Le¬</Unicode>
                </TextEquiv>
            </TextLine>
            <TextLine id="r1l73" custom="readingOrder {index:72;}">
                <Coords points="1573,2867 2618,2854 2617,2820 2562,2812 1573,2826"/>
                <Baseline points="1583,2864 1634,2864 1685,2864 1736,2864 1788,2863 1839,2863 1890,2862 1941,2862 1993,2861 2044,2860 2095,2859 2146,2858 2198,2857 2249,2856 2300,2855 2351,2854 2403,2853 2454,2852 2505,2851 2556,2850 2608,2849"/>
                <TextEquiv>
                    <Unicode>Seele wandert, so müßte sie jedenfalls ihrer Vollendung zu¬</Unicode>
                </TextEquiv>
            </TextLine>
            <TextLine id="r1l74" custom="readingOrder {index:73;}">
                <Coords points="1433,2869 1443,2869 1456,2881 1478,2870 1489,2878 1522,2871 1544,2883 1565,2884 1563,2823 1551,2821 1535,2838 1512,2832 1498,2839 1488,2831 1465,2832 1461,2828 1447,2838 1432,2836"/>
                <Baseline points="1444,2868 1471,2867 1499,2866 1526,2865 1554,2866"/>
                <TextEquiv>
                    <Unicode>Man</Unicode>
                </TextEquiv>
            </TextLine>
            <TextLine id="r1l75" custom="readingOrder {index:74;}">
                <Coords points="1187,2868 1218,2883 1241,2872 1255,2878 1274,2873 1293,2887 1309,2880 1325,2886 1360,2872 1405,2875 1404,2834 1385,2835 1375,2827 1342,2834 1330,2845 1320,2837 1297,2842 1280,2832 1260,2843 1235,2834 1186,2835"/>
                <Baseline points="1197,2873 1225,2872 1253,2871 1281,2870 1310,2869 1338,2868 1366,2867 1395,2867"/>
                <TextEquiv>
                    <Unicode>benstragik.</Unicode>
                </TextEquiv>
            </TextLine>
            <TextLine id="r1l76" custom="readingOrder {index:75;}">
                <Coords points="1570,2903 2625,2890 2624,2853 2579,2850 1569,2868"/>
                <Baseline points="1581,2905 1632,2905 1684,2904 1735,2903 1787,2902 1839,2902 1890,2901 1942,2900 1994,2899 2045,2898 2097,2897 2149,2896 2200,2895 2252,2894 2304,2893 2355,2892 2407,2891 2459,2890 2510,2889 2562,2888 2614,2887"/>
                <TextEquiv>
                    <Unicode>schreiten; zwischen diesen beiden Leonoren des Leonardo und</Unicode>
                </TextEquiv>
            </TextLine>
            <TextLine id="r1l77" custom="readingOrder {index:76;}">
                <Coords points="1188,2914 1260,2921 1330,2903 1363,2919 1471,2915 1490,2925 1547,2899 1566,2907 1565,2870 1489,2880 1479,2870 1456,2880 1440,2866 1331,2879 1187,2873"/>
                <Baseline points="1198,2912 1223,2912 1249,2911 1274,2911 1300,2910 1325,2910 1351,2909 1377,2909 1402,2908 1428,2908 1453,2907 1479,2907 1504,2907 1530,2906 1556,2906"/>
                <TextEquiv>
                    <Unicode>muß kein junger</Unicode>
                </TextEquiv>
            </TextLine>
            <TextLine id="r1l78" custom="readingOrder {index:77;}">
                <Coords points="1583,2954 2560,2941 2633,2920 2633,2874 1582,2911"/>
                <Baseline points="1593,2943 1644,2942 1696,2941 1747,2940 1799,2940 1850,2939 1902,2939 1953,2938 2005,2937 2056,2937 2108,2936 2159,2935 2211,2935 2262,2934 2314,2933 2365,2932 2417,2931 2468,2930 2520,2928 2571,2927 2623,2925"/>
                <TextEquiv>
                    <Unicode>jener in der modernen Kunstgallerie ist aber wenig Gehalts¬</Unicode>
                </TextEquiv>
            </TextLine>
            <TextLine id="r1l79" custom="readingOrder {index:78;}">
                <Coords points="1196,2957 1333,2945 1397,2965 1495,2945 1551,2950 1550,2909 1417,2927 1396,2913 1310,2906 1275,2919 1195,2914"/>
                <Baseline points="1207,2951 1232,2949 1258,2949 1284,2947 1309,2947 1335,2947 1361,2947 1386,2947 1412,2947 1438,2947 1463,2947 1489,2946 1515,2945 1541,2943"/>
                <TextEquiv>
                    <Unicode>Dichter sein, um in</Unicode>
                </TextEquiv>
            </TextLine>
            <TextLine id="r1l80" custom="readingOrder {index:79;}">
                <Coords points="1571,2995 2634,2987 2633,2942 2588,2929 1570,2952"/>
                <Baseline points="1581,2982 1633,2981 1685,2980 1737,2980 1789,2979 1841,2978 1893,2978 1945,2978 1997,2977 2049,2977 2102,2976 2154,2976 2206,2975 2258,2974 2310,2973 2362,2972 2414,2971 2466,2970 2518,2968 2570,2966 2623,2964"/>
                <TextEquiv>
                    <Unicode>unterschied. Jene mit dem Dolch steht moralisch höher, denn</Unicode>
                </TextEquiv>
            </TextLine>
            <TextLine id="r1l81" custom="readingOrder {index:80;}">
                <Coords points="1190,2984 1293,3003 1329,2989 1375,2999 1407,2975 1453,2995 1545,2997 1559,2994 1558,2951 1495,2945 1425,2961 1351,2958 1330,2944 1189,2966"/>
                <Baseline points="1200,2992 1226,2990 1253,2989 1280,2988 1307,2987 1334,2986 1361,2986 1387,2985 1414,2985 1441,2985 1468,2984 1495,2984 1522,2983 1549,2982"/>
                <TextEquiv>
                    <Unicode>egoistischer Krast</Unicode>
                </TextEquiv>
            </TextLine>
            <TextLine id="r1l82" custom="readingOrder {index:81;}">
                <Coords points="1575,3024 2632,3018 2617,2971 1574,2991"/>
                <Baseline points="1585,3021 1636,3020 1688,3019 1740,3018 1792,3017 1844,3017 1895,3016 1947,3016 1999,3015 2051,3015 2103,3015 2154,3014 2206,3014 2258,3013 2310,3012 2362,3011 2413,3011 2465,3010 2517,3008 2569,3006 2621,3004"/>
                <TextEquiv>
                    <Unicode>sie tötet den Jüngling, in dessen Arme sie nur die Sinnes¬</Unicode>
                </TextEquiv>
            </TextLine>
            <TextLine id="r1l83" custom="readingOrder {index:82;}">
                <Coords points="1194,3033 1530,3023 1549,3037 1567,3034 1566,2999 1447,2985 1375,3001 1334,2988 1252,2999 1192,2984"/>
                <Baseline points="1204,3027 1229,3027 1254,3027 1279,3026 1304,3025 1329,3025 1354,3023 1380,3023 1405,3022 1430,3021 1455,3020 1480,3019 1505,3019 1530,3018 1556,3018"/>
                <TextEquiv>
                    <Unicode>über ein zermalm¬</Unicode>
                </TextEquiv>
            </TextLine>
            <TextLine id="r1l84" custom="readingOrder {index:83;}">
                <Coords points="1574,3064 2377,3071 2599,3057 2631,3018 1574,3023"/>
                <Baseline points="1585,3061 1636,3060 1688,3059 1740,3058 1792,3057 1844,3057 1895,3056 1947,3056 1999,3055 2051,3054 2103,3054 2154,3053 2206,3053 2258,3052 2310,3051 2362,3050 2413,3049 2465,3048 2517,3047 2569,3045 2621,3043"/>
                <TextEquiv>
                    <Unicode>leidenschaft warf, wie sie des edleren geistigen Bandes</Unicode>
                </TextEquiv>
            </TextLine>
            <TextLine id="r1l85" custom="readingOrder {index:84;}">
                <Coords points="1187,3077 1228,3068 1273,3080 1343,3066 1440,3075 1452,3065 1487,3076 1569,3059 1568,3026 1531,3024 1394,3035 1381,3023 1342,3032 1301,3022 1187,3040"/>
                <Baseline points="1197,3067 1222,3065 1248,3064 1274,3062 1300,3062 1326,3062 1352,3062 1378,3062 1403,3062 1429,3062 1455,3062 1481,3061 1507,3061 1533,3059 1559,3056"/>
                <TextEquiv>
                    <Unicode>tes Menschenschick¬</Unicode>
                </TextEquiv>
            </TextLine>
            <TextLine id="r1l86" custom="readingOrder {index:85;}">
                <Coords points="1578,3110 2561,3090 2560,3054 2464,3045 1577,3067"/>
                <Baseline points="1588,3101 1636,3100 1684,3098 1732,3097 1780,3096 1828,3095 1876,3095 1925,3094 1973,3093 2021,3093 2069,3092 2117,3092 2165,3091 2213,3091 2262,3090 2310,3089 2358,3088 2406,3087 2454,3086 2502,3085 2551,3083"/>
                <TextEquiv>
                    <Unicode>wieder inne wird, das sie an den Gatten fesselt — d</Unicode>
                </TextEquiv>
            </TextLine>
            <TextLine id="r1l87" custom="readingOrder {index:86;}">
                <Coords points="1201,3112 1293,3107 1309,3123 1346,3114 1365,3124 1381,3108 1400,3118 1447,3109 1472,3127 1504,3106 1572,3108 1571,3062 1490,3076 1455,3066 1414,3077 1305,3066 1278,3078 1257,3068 1200,3075"/>
                <Baseline points="1210,3108 1235,3106 1260,3106 1285,3105 1310,3105 1335,3105 1360,3105 1385,3106 1410,3106 1435,3106 1460,3105 1485,3105 1510,3103 1535,3102 1561,3099"/>
                <TextEquiv>
                    <Unicode>sal hinwegzuschrei¬</Unicode>
                </TextEquiv>
            </TextLine>
            <TextLine id="r1l88" custom="readingOrder {index:87;}">
                <Coords points="1585,3139 2640,3143 2639,3093 2541,3086 1584,3100"/>
                <Baseline points="1594,3140 1645,3138 1697,3137 1749,3136 1801,3135 1852,3134 1904,3133 1956,3133 2008,3132 2059,3131 2111,3131 2163,3130 2215,3130 2266,3129 2318,3129 2370,3128 2422,3128 2473,3127 2525,3127 2577,3126 2629,3125"/>
                <TextEquiv>
                    <Unicode>moderne gibt sich erst hin, nachdem sie vorher klar dargelegt</Unicode>
                </TextEquiv>
            </TextLine>
            <TextLine id="r1l89" custom="readingOrder {index:88;}">
                <Coords points="1359,3134 1369,3134 1390,3151 1416,3151 1424,3158 1458,3144 1480,3146 1486,3140 1500,3155 1515,3153 1516,3108 1487,3114 1472,3128 1446,3109 1421,3116 1401,3116 1390,3108 1360,3109"/>
                <Baseline points="1370,3139 1397,3141 1424,3141 1451,3142 1478,3142 1505,3142"/>
                <TextEquiv>
                    <Unicode>dazu g</Unicode>
                </TextEquiv>
            </TextLine>
            <TextLine id="r1l90" custom="readingOrder {index:89;}">
                <Coords points="1191,3141 1204,3142 1212,3150 1216,3148 1225,3154 1243,3150 1282,3150 1280,3119 1268,3122 1247,3109 1235,3118 1224,3110 1218,3111 1210,3103 1200,3108 1189,3108"/>
                <Baseline points="1202,3144 1237,3141 1272,3140"/>
                <TextEquiv>
                    <Unicode>ten</Unicode>
                </TextEquiv>
            </TextLine>
            <TextLine id="r1l91" custom="readingOrder {index:90;}">
                <Coords points="1590,3178 2639,3191 2638,3122 1589,3141"/>
                <Baseline points="1600,3181 1651,3179 1702,3177 1754,3175 1805,3174 1857,3173 1908,3173 1960,3172 2011,3172 2063,3172 2114,3172 2165,3172 2217,3172 2268,3172 2320,3172 2371,3172 2423,3171 2474,3170 2526,3169 2577,3168 2629,3166"/>
                <TextEquiv>
                    <Unicode>hat, welche Gefahren in ihrer Leidenschaft liegen, zu deren</Unicode>
                </TextEquiv>
            </TextLine>
            <TextLine id="r1l92" custom="readingOrder {index:91;}">
                <Coords points="1196,3188 1272,3200 1295,3184 1346,3197 1399,3183 1461,3197 1508,3185 1570,3198 1569,3139 1556,3137 1505,3155 1485,3143 1390,3151 1367,3133 1304,3155 1292,3145 1226,3154 1195,3145"/>
                <Baseline points="1206,3188 1231,3187 1256,3187 1281,3186 1307,3185 1332,3184 1357,3183 1383,3182 1408,3181 1433,3180 1458,3180 1484,3180 1509,3181 1534,3182 1560,3184"/>
                <TextEquiv>
                    <Unicode>nügt es schon einfach</Unicode>
                </TextEquiv>
            </TextLine>
            <TextLine id="r1l93" custom="readingOrder {index:92;}">
                <Coords points="1583,3214 2620,3217 2619,3176 2584,3171 1583,3184"/>
                <Baseline points="1594,3217 1644,3216 1695,3215 1746,3215 1797,3214 1847,3213 1898,3213 1949,3212 2000,3211 2050,3211 2101,3210 2152,3210 2203,3209 2253,3209 2304,3208 2355,3207 2406,3206 2456,3205 2507,3205 2558,3204 2609,3203"/>
                <TextEquiv>
                    <Unicode>Bändigung sie die Hilfe des Gatten als Reisebegleiter und</Unicode>
                </TextEquiv>
            </TextLine>
            <TextLine id="r1l94" custom="readingOrder {index:93;}">
                <Coords points="1197,3219 1267,3238 1314,3223 1341,3234 1466,3225 1483,3239 1497,3225 1556,3219 1556,3197 1496,3184 1476,3201 1397,3184 1377,3195 1328,3192 1306,3206 1285,3192 1273,3201 1196,3188"/>
                <Baseline points="1207,3228 1233,3227 1259,3227 1285,3226 1311,3225 1337,3224 1363,3223 1389,3223 1415,3222 1441,3222 1467,3221 1493,3221 1519,3221 1546,3222"/>
                <TextEquiv>
                    <Unicode>jung zu sein. Die</Unicode>
                </TextEquiv>
            </TextLine>
            <TextLine id="r1l95" custom="readingOrder {index:94;}">
                <Coords points="1585,3265 2610,3258 2609,3208 2527,3205 1585,3222"/>
                <Baseline points="1596,3254 1646,3253 1696,3253 1746,3252 1796,3252 1847,3252 1897,3251 1947,3251 1997,3250 2047,3250 2098,3249 2148,3249 2198,3248 2248,3248 2298,3247 2349,3246 2399,3246 2449,3245 2499,3244 2549,3243 2600,3242"/>
                <TextEquiv>
                    <Unicode>vermutlich auch Reisekassier leider vergeblich angerufen hat.</Unicode>
                </TextEquiv>
            </TextLine>
            <TextLine id="r1l96" custom="readingOrder {index:95;}">
                <Coords points="1207,3271 1332,3272 1352,3259 1365,3269 1463,3270 1490,3257 1576,3278 1575,3216 1549,3231 1474,3215 1456,3229 1310,3223 1286,3238 1206,3228"/>
                <Baseline points="1217,3269 1243,3267 1270,3265 1297,3263 1324,3263 1351,3261 1378,3261 1404,3260 1431,3259 1458,3259 1485,3259 1512,3259 1539,3259 1566,3260"/>
                <TextEquiv>
                    <Unicode>Jugend wendet sich</Unicode>
                </TextEquiv>
            </TextLine>
            <TextLine id="r1l97" custom="readingOrder {index:96;}">
                <Coords points="1582,3291 2586,3295 2631,3284 2630,3235 1581,3263"/>
                <Baseline points="1592,3294 1643,3293 1694,3292 1746,3292 1797,3291 1849,3291 1900,3290 1952,3290 2003,3289 2055,3289 2106,3288 2157,3287 2209,3287 2260,3286 2312,3286 2363,3285 2415,3285 2466,3284 2518,3283 2569,3283 2621,3282"/>
                <TextEquiv>
                    <Unicode>Diese Seelenwandlungstragödie ist zu viel Effekthascherei,</Unicode>
                </TextEquiv>
            </TextLine>
            <TextLine id="r1l98" custom="readingOrder {index:97;}">
                <Coords points="1206,3306 1263,3313 1281,3303 1310,3317 1360,3316 1388,3301 1415,3313 1470,3300 1495,3314 1524,3301 1559,3315 1558,3268 1515,3271 1488,3257 1464,3269 1365,3269 1351,3259 1310,3274 1205,3273"/>
                <Baseline points="1215,3303 1240,3303 1266,3303 1291,3302 1317,3301 1343,3301 1368,3300 1394,3299 1419,3299 1445,3299 1471,3299 1496,3299 1522,3299 1548,3300"/>
                <TextEquiv>
                    <Unicode>naturgemäß der Zu¬</Unicode>
                </TextEquiv>
            </TextLine>
            <TextLine id="r1l99" custom="readingOrder {index:98;}">
                <Coords points="1592,3334 2592,3332 2624,3290 1592,3299"/>
                <Baseline points="1602,3334 1652,3333 1703,3332 1753,3331 1804,3330 1855,3329 1905,3329 1956,3328 2006,3328 2057,3327 2108,3327 2158,3327 2209,3326 2259,3326 2310,3325 2361,3325 2411,3325 2462,3324 2512,3323 2563,3323 2614,3322"/>
                <TextEquiv>
                    <Unicode>als daß sie einen bleibenden Eindruck hervorbringen könnte.</Unicode>
                </TextEquiv>
            </TextLine>
            <TextLine id="r1l100" custom="readingOrder {index:99;}">
                <Coords points="1204,3344 1395,3350 1428,3339 1461,3349 1485,3336 1500,3349 1537,3348 1563,3344 1563,3294 1495,3316 1470,3300 1203,3305"/>
                <Baseline points="1214,3342 1240,3342 1266,3341 1292,3341 1318,3341 1344,3341 1370,3340 1396,3340 1422,3339 1448,3339 1474,3339 1500,3338 1526,3338 1552,3338"/>
                <TextEquiv>
                    <Unicode>kunft zu, sie löst die</Unicode>
                </TextEquiv>
            </TextLine>
            <TextLine id="r1l101" custom="readingOrder {index:100;}">
                <Coords points="1578,3383 2352,3381 2462,3354 2508,3385 2622,3356 2622,3322 1578,3346"/>
                <Baseline points="1589,3379 1640,3376 1691,3374 1742,3371 1793,3370 1845,3369 1896,3368 1947,3367 1998,3367 2049,3366 2101,3366 2152,3366 2203,3366 2254,3366 2305,3365 2357,3365 2408,3364 2459,3364 2510,3362 2561,3361 2613,3359"/>
                <TextEquiv>
                    <Unicode>Fräulein Sandrock und Herr Kramer gaben, was sie</Unicode>
                </TextEquiv>
            </TextLine>
            <TextLine id="r1l102" custom="readingOrder {index:101;}">
                <Coords points="1208,3397 1335,3380 1391,3381 1432,3398 1479,3381 1541,3393 1569,3376 1569,3349 1497,3348 1485,3335 1464,3348 1425,3338 1395,3351 1208,3348"/>
                <Baseline points="1219,3381 1245,3381 1271,3381 1297,3381 1323,3381 1350,3380 1376,3380 1402,3380 1428,3379 1455,3379 1481,3379 1507,3379 1533,3379 1560,3379"/>
                <TextEquiv>
                    <Unicode>Werdenden von ihren</Unicode>
                </TextEquiv>
            </TextLine>
            <TextLine id="r1l103" custom="readingOrder {index:102;}">
                <Coords points="1586,3416 2587,3418 2628,3407 2628,3360 2511,3386 2464,3355 1585,3384"/>
                <Baseline points="1597,3413 1648,3412 1699,3412 1750,3411 1801,3411 1852,3410 1903,3409 1954,3408 2005,3408 2056,3407 2107,3406 2158,3406 2209,3405 2260,3404 2311,3404 2362,3403 2413,3403 2464,3403 2515,3403 2566,3403 2618,3403"/>
                <TextEquiv>
                    <Unicode>konnten. Kraftvoll wirkte Herr Eppens — schade, daß</Unicode>
                </TextEquiv>
            </TextLine>
            <TextLine id="r1l104" custom="readingOrder {index:103;}">
                <Coords points="1211,3423 1336,3423 1363,3433 1381,3421 1410,3429 1455,3405 1484,3424 1529,3427 1566,3418 1566,3390 1336,3380 1256,3392 1246,3383 1211,3396"/>
                <Baseline points="1222,3422 1247,3421 1273,3420 1298,3419 1324,3419 1350,3419 1375,3419 1401,3418 1426,3418 1452,3418 1478,3418 1503,3417 1529,3417 1555,3417"/>
                <TextEquiv>
                    <Unicode>menschlichen Vor¬</Unicode>
                </TextEquiv>
            </TextLine>
            <TextLine id="r1l105" custom="readingOrder {index:104;}">
                <Coords points="1596,3455 2507,3461 2620,3441 2619,3400 1595,3423"/>
                <Baseline points="1606,3452 1656,3451 1706,3450 1756,3449 1806,3449 1856,3448 1906,3448 1957,3448 2007,3447 2057,3447 2107,3447 2157,3446 2207,3446 2257,3446 2308,3445 2358,3445 2408,3444 2458,3443 2508,3442 2558,3441 2609,3439"/>
                <TextEquiv>
                    <Unicode>wir ihn verlieren. Das philosophisch Tiefste und geistig Be¬</Unicode>
                </TextEquiv>
            </TextLine>
            <TextLine id="r1l106" custom="readingOrder {index:105;}">
                <Coords points="1211,3463 1244,3475 1264,3462 1295,3473 1316,3460 1380,3471 1435,3459 1478,3473 1554,3454 1578,3460 1577,3421 1546,3415 1506,3427 1460,3409 1415,3427 1210,3422"/>
                <Baseline points="1221,3466 1247,3463 1274,3461 1301,3459 1328,3457 1354,3457 1381,3456 1408,3455 1435,3455 1461,3455 1488,3455 1515,3455 1542,3455 1569,3455"/>
                <TextEquiv>
                    <Unicode>gängern, sonst wörde</Unicode>
                </TextEquiv>
            </TextLine>
            <TextLine id="r1l107" custom="readingOrder {index:106;}">
                <Coords points="1585,3498 2655,3496 2654,3430 1585,3450"/>
                <Baseline points="1596,3493 1648,3492 1700,3491 1753,3490 1805,3489 1858,3489 1910,3488 1962,3488 2015,3487 2067,3487 2120,3486 2172,3486 2224,3485 2277,3485 2329,3484 2382,3483 2434,3482 2486,3481 2539,3480 2591,3478 2644,3477"/>
                <TextEquiv>
                    <Unicode>deutendste sind „die letzten Masken“. Hier weht</Unicode>
                </TextEquiv>
            </TextLine>
            <TextLine id="r1l108" custom="readingOrder {index:107;}">
                <Coords points="1206,3504 1288,3512 1393,3501 1409,3511 1456,3501 1491,3517 1579,3490 1579,3461 1554,3453 1479,3476 1460,3462 1306,3462 1296,3473 1271,3462 1245,3475 1206,3467"/>
                <Baseline points="1215,3503 1240,3501 1265,3500 1291,3499 1316,3499 1341,3499 1367,3499 1392,3500 1417,3500 1443,3500 1468,3500 1493,3500 1519,3500 1544,3498 1570,3497"/>
                <TextEquiv>
                    <Unicode>das Bindeglied zwi¬</Unicode>
                </TextEquiv>
            </TextLine>
            <TextLine id="r1l109" custom="readingOrder {index:108;}">
                <Coords points="1585,3544 1677,3519 2398,3541 2663,3507 2629,3477 1585,3499"/>
                <Baseline points="1595,3526 1647,3526 1700,3526 1753,3526 1806,3526 1859,3526 1912,3526 1965,3526 2018,3526 2071,3525 2124,3525 2176,3525 2229,3524 2282,3524 2335,3523 2388,3522 2441,3521 2494,3519 2547,3518 2600,3516 2653,3514"/>
                <TextEquiv>
                    <Unicode>uns ein größerer Alemzug, ein tieseres Erfassen des all¬</Unicode>
                </TextEquiv>
            </TextLine>
            <TextLine id="r1l110" custom="readingOrder {index:109;}">
                <Coords points="1213,3535 1379,3545 1410,3532 1443,3549 1523,3534 1564,3546 1564,3505 1537,3501 1502,3505 1490,3518 1451,3499 1443,3508 1357,3510 1213,3500"/>
                <Baseline points="1224,3536 1249,3534 1274,3532 1299,3532 1325,3532 1350,3532 1375,3532 1401,3533 1426,3534 1451,3534 1477,3534 1502,3533 1527,3532 1553,3529"/>
                <TextEquiv>
                    <Unicode>schen den sich inzner</Unicode>
                </TextEquiv>
            </TextLine>
            <TextLine id="r1l111" custom="readingOrder {index:110;}">
                <Coords points="1580,3570 2500,3572 2641,3557 2641,3516 1580,3537"/>
                <Baseline points="1591,3570 1643,3568 1695,3567 1747,3565 1799,3564 1851,3563 1903,3563 1955,3563 2007,3563 2059,3562 2111,3562 2163,3562 2215,3562 2267,3562 2319,3562 2371,3561 2423,3560 2475,3559 2527,3558 2579,3555 2631,3553"/>
                <TextEquiv>
                    <Unicode>gemein Menschlichen entgegen. Der letzte, oft wie Humor</Unicode>
                </TextEquiv>
            </TextLine>
            <TextLine id="r1l112" custom="readingOrder {index:111;}">
                <Coords points="1205,3584 1235,3574 1322,3584 1430,3576 1455,3594 1496,3574 1582,3572 1582,3539 1515,3543 1498,3533 1443,3549 1410,3533 1293,3543 1205,3530"/>
                <Baseline points="1214,3573 1239,3572 1265,3572 1290,3572 1316,3571 1341,3571 1367,3572 1393,3572 1418,3572 1444,3572 1469,3572 1495,3573 1520,3573 1546,3572 1572,3572"/>
                <TextEquiv>
                    <Unicode>wieder verjüngenden</Unicode>
                </TextEquiv>
            </TextLine>
            <TextLine id="r1l113" custom="readingOrder {index:112;}">
                <Coords points="1580,3610 2582,3608 2639,3600 2639,3563 1580,3569"/>
                <Baseline points="1591,3609 1642,3607 1694,3605 1746,3605 1798,3604 1850,3603 1902,3603 1953,3602 2005,3602 2057,3602 2109,3602 2161,3602 2213,3602 2265,3602 2316,3602 2368,3601 2420,3600 2472,3599 2524,3597 2576,3595 2628,3593"/>
                <TextEquiv>
                    <Unicode>aufblitzende Ausdruck im Antlitz Sterbender, der vielleicht</Unicode>
                </TextEquiv>
            </TextLine>
            <TextLine id="r1l114" custom="readingOrder {index:113;}">
                <Coords points="1204,3613 1331,3623 1477,3608 1577,3620 1577,3575 1495,3575 1458,3589 1421,3575 1403,3585 1372,3573 1321,3584 1308,3573 1300,3582 1234,3574 1204,3590"/>
                <Baseline points="1215,3612 1240,3612 1265,3612 1290,3612 1315,3612 1341,3612 1366,3612 1391,3612 1416,3612 1441,3612 1467,3612 1492,3612 1517,3611 1542,3611 1568,3610"/>
                <TextEquiv>
                    <Unicode>Generationen kein</Unicode>
                </TextEquiv>
            </TextLine>
            <TextLine id="r1l115" custom="readingOrder {index:114;}">
                <Coords points="1584,3642 2580,3649 2635,3587 1584,3610"/>
                <Baseline points="1594,3645 1645,3644 1697,3644 1748,3643 1800,3643 1851,3643 1903,3643 1954,3643 2006,3643 2057,3642 2109,3642 2161,3642 2212,3642 2264,3641 2315,3641 2367,3640 2418,3639 2470,3638 2521,3637 2573,3635 2625,3633"/>
                <TextEquiv>
                    <Unicode>ein endliches Entschleiern der Wahrheit = eine große ironische</Unicode>
                </TextEquiv>
            </TextLine>
            <TextLine id="r1l116" custom="readingOrder {index:115;}">
                <Coords points="1206,3650 1290,3661 1464,3654 1481,3668 1497,3654 1573,3654 1573,3617 1485,3611 1452,3625 1429,3613 1341,3613 1327,3624 1205,3614"/>
                <Baseline points="1216,3652 1242,3651 1269,3651 1296,3651 1322,3652 1349,3652 1376,3652 1402,3652 1429,3652 1456,3652 1482,3652 1509,3651 1536,3650 1563,3649"/>
                <TextEquiv>
                    <Unicode>haltbares sein. Will</Unicode>
                </TextEquiv>
            </TextLine>
            <TextLine id="r1l117" custom="readingOrder {index:116;}">
                <Coords points="2064,3679 2183,3694 2300,3690 2327,3672 2627,3686 2626,3641 2601,3639 2427,3654 2064,3642"/>
                <Baseline points="2074,3680 2101,3679 2128,3679 2155,3679 2182,3679 2209,3679 2236,3679 2264,3679 2291,3679 2318,3679 2345,3679 2372,3679 2399,3679 2426,3678 2454,3677 2481,3677 2508,3676 2535,3675 2562,3673 2589,3672 2617,3670"/>
                <TextEquiv>
                    <Unicode>— oder auch nur ein letztes</Unicode>
                </TextEquiv>
            </TextLine>
            <TextLine id="r1l118" custom="readingOrder {index:117;}">
                <Coords points="1582,3695 1721,3698 1738,3686 1795,3699 1883,3682 2033,3696 2070,3681 2070,3646 1581,3648"/>
                <Baseline points="1591,3683 1617,3683 1643,3684 1669,3684 1695,3684 1721,3684 1747,3684 1773,3684 1799,3684 1825,3684 1851,3684 1877,3684 1903,3683 1929,3683 1955,3682 1981,3682 2007,3681 2033,3680 2059,3678"/>
                <TextEquiv>
                    <Unicode>Schlußbilanz des Lebens</Unicode>
                </TextEquiv>
            </TextLine>
            <TextLine id="r1l119" custom="readingOrder {index:118;}">
                <Coords points="1213,3695 1326,3706 1341,3693 1384,3693 1439,3713 1460,3694 1542,3699 1541,3654 1494,3655 1480,3669 1461,3657 1391,3652 1381,3660 1340,3652 1287,3663 1276,3653 1213,3658"/>
                <Baseline points="1223,3693 1248,3692 1274,3692 1300,3692 1326,3691 1351,3691 1377,3691 1403,3691 1429,3691 1454,3690 1480,3690 1506,3689 1532,3688"/>
                <TextEquiv>
                    <Unicode>Schnitzler sagen, das</Unicode>
                </TextEquiv>
            </TextLine>
            <TextLine id="r1l120" custom="readingOrder {index:119;}">
                <Coords points="1592,3719 2577,3728 2640,3700 2640,3667 1591,3694"/>
                <Baseline points="1601,3725 1652,3724 1704,3723 1755,3722 1807,3721 1858,3721 1910,3720 1961,3720 2013,3719 2064,3719 2116,3719 2167,3718 2219,3718 2270,3718 2322,3718 2373,3717 2425,3717 2476,3717 2528,3716 2579,3716 2631,3715"/>
                <TextEquiv>
                    <Unicode>Zucken der Gesichtsnerven bedeutet — wird dem sinnenden</Unicode>
                </TextEquiv>
            </TextLine>
            <TextLine id="r1l121" custom="readingOrder {index:120;}">
                <Coords points="1213,3732 1299,3742 1328,3725 1350,3744 1383,3733 1420,3743 1436,3729 1543,3743 1543,3700 1512,3692 1483,3702 1461,3694 1440,3713 1385,3694 1330,3703 1213,3695"/>
                <Baseline points="1223,3730 1248,3731 1274,3731 1300,3731 1326,3731 1352,3731 1378,3731 1403,3731 1429,3731 1455,3731 1481,3730 1507,3730 1533,3729"/>
                <TextEquiv>
                    <Unicode>vieser Sohn, dessen</Unicode>
                </TextEquiv>
            </TextLine>
            <TextLine id="r1l122" custom="readingOrder {index:121;}">
                <Coords points="1588,3767 2495,3772 2626,3721 1588,3722"/>
                <Baseline points="1599,3765 1649,3764 1700,3764 1751,3763 1802,3762 1853,3762 1904,3762 1955,3761 2006,3761 2057,3761 2108,3761 2158,3760 2209,3760 2260,3759 2311,3759 2362,3758 2413,3757 2464,3756 2515,3755 2566,3754 2617,3752"/>
                <TextEquiv>
                    <Unicode>Denker immer wie eine geheimnisvolle Offenbarung er¬</Unicode>
                </TextEquiv>
            </TextLine>
            <TextLine id="r1l123" custom="readingOrder {index:122;}">
                <Coords points="1221,3765 1247,3777 1307,3771 1350,3781 1383,3768 1397,3780 1414,3770 1518,3784 1551,3772 1551,3737 1530,3733 1436,3729 1366,3742 1327,3725 1303,3740 1270,3732 1221,3740"/>
                <Baseline points="1231,3772 1256,3771 1282,3770 1308,3769 1334,3769 1359,3769 1385,3769 1411,3769 1437,3769 1462,3769 1488,3769 1514,3770 1540,3771"/>
                <TextEquiv>
                    <Unicode>Mutter freiwillig</Unicode>
                </TextEquiv>
            </TextLine>
            <TextLine id="r1l124" custom="readingOrder {index:123;}">
                <Coords points="1595,3806 2564,3807 2633,3796 2633,3753 1594,3770"/>
                <Baseline points="1605,3806 1655,3805 1706,3804 1757,3802 1808,3802 1859,3801 1910,3800 1961,3800 2012,3800 2063,3799 2114,3799 2164,3799 2215,3798 2266,3798 2317,3797 2368,3797 2419,3796 2470,3795 2521,3793 2572,3791 2623,3790"/>
                <TextEquiv>
                    <Unicode>scheinen und ist von Schnitzler in machtvoller Wirkung erfaßt.</Unicode>
                </TextEquiv>
            </TextLine>
            <TextLine id="r1l125" custom="readingOrder {index:124;}">
                <Coords points="1210,3814 1559,3815 1559,3776 1538,3772 1462,3781 1413,3770 1396,3779 1382,3768 1364,3779 1267,3779 1210,3759"/>
                <Baseline points="1221,3808 1246,3809 1271,3809 1296,3809 1321,3809 1346,3809 1371,3809 1397,3809 1422,3809 1447,3809 1472,3808 1497,3808 1522,3808 1548,3808"/>
                <TextEquiv>
                    <Unicode>stirbt, um sein junges</Unicode>
                </TextEquiv>
            </TextLine>
            <TextLine id="r1l126" custom="readingOrder {index:125;}">
                <Coords points="1595,3848 2640,3846 2640,3797 1595,3806"/>
                <Baseline points="1605,3844 1656,3842 1707,3840 1758,3839 1809,3838 1861,3838 1912,3838 1963,3837 2014,3837 2065,3837 2117,3837 2168,3837 2219,3837 2270,3837 2321,3837 2373,3837 2424,3836 2475,3835 2526,3834 2577,3833 2629,3831"/>
                <TextEquiv>
                    <Unicode>Jedenfalls hat Schnitzler dieses letzte Ausflackern des Lebens sehr</Unicode>
                </TextEquiv>
            </TextLine>
            <TextLine id="r1l127" custom="readingOrder {index:126;}">
                <Coords points="1198,3853 1278,3851 1292,3864 1321,3845 1339,3860 1571,3860 1571,3815 1274,3810 1257,3821 1198,3804"/>
                <Baseline points="1209,3848 1234,3847 1259,3847 1284,3846 1309,3846 1335,3846 1360,3846 1385,3846 1410,3846 1435,3846 1461,3846 1486,3847 1511,3847 1536,3847 1562,3848"/>
                <TextEquiv>
                    <Unicode>Leben nicht mit Sorge</Unicode>
                </TextEquiv>
            </TextLine>
            <TextLine id="r1l128" custom="readingOrder {index:127;}">
                <Coords points="1585,3893 2636,3869 2601,3837 1585,3846"/>
                <Baseline points="1595,3882 1646,3881 1698,3880 1749,3879 1801,3879 1852,3878 1904,3878 1955,3878 2007,3878 2058,3878 2110,3878 2162,3878 2213,3877 2265,3877 2316,3877 2368,3876 2419,3876 2471,3875 2522,3874 2574,3873 2626,3871"/>
                <TextEquiv>
                    <Unicode>tief beobachtet und gut gestaltet. Wir sahen darin auch zwei</Unicode>
                </TextEquiv>
            </TextLine>
            <TextLine id="r1l129" custom="readingOrder {index:128;}">
                <Coords points="1207,3897 1229,3906 1270,3889 1348,3898 1459,3885 1529,3908 1580,3906 1581,3859 1400,3849 1338,3857 1322,3847 1301,3857 1207,3854"/>
                <Baseline points="1218,3885 1243,3886 1268,3886 1293,3886 1318,3886 1343,3886 1368,3885 1394,3885 1419,3886 1444,3886 1469,3886 1494,3887 1519,3887 1544,3889 1570,3890"/>
                <TextEquiv>
                    <Unicode>und Kummer durch</Unicode>
                </TextEquiv>
            </TextLine>
            <TextLine id="r1l130" custom="readingOrder {index:129;}">
                <Coords points="1594,3923 2631,3929 2614,3870 1594,3884"/>
                <Baseline points="1605,3921 1655,3920 1706,3919 1757,3919 1808,3918 1858,3918 1909,3918 1960,3917 2011,3917 2061,3917 2112,3917 2163,3917 2214,3917 2264,3917 2315,3916 2366,3916 2417,3916 2467,3915 2518,3914 2569,3913 2620,3912"/>
                <TextEquiv>
                    <Unicode>Meisterrollen. Direktor Weiße, dessen Sterbender durch ein¬</Unicode>
                </TextEquiv>
            </TextLine>
            <TextLine id="r1l131" custom="readingOrder {index:130;}">
                <Coords points="1254,3934 1291,3940 1338,3921 1402,3941 1445,3932 1464,3950 1537,3912 1554,3914 1553,3898 1498,3890 1473,3897 1453,3885 1352,3898 1334,3890 1309,3899 1290,3889 1254,3891"/>
                <Baseline points="1265,3927 1290,3928 1315,3927 1340,3927 1366,3927 1391,3926 1416,3926 1441,3925 1467,3925 1492,3925 1517,3925 1543,3925"/>
                <TextEquiv>
                    <Unicode>ihre unheilbare</Unicode>
                </TextEquiv>
            </TextLine>
            <TextLine id="r1l132" custom="readingOrder {index:131;}">
                <Coords points="1585,3974 2632,3941 2537,3911 1585,3918"/>
                <Baseline points="1595,3964 1646,3961 1697,3960 1749,3959 1800,3958 1851,3957 1903,3957 1954,3957 2005,3957 2057,3957 2108,3957 2159,3957 2211,3958 2262,3958 2313,3958 2365,3957 2416,3957 2467,3956 2519,3955 2570,3954 2622,3952"/>
                <TextEquiv>
                    <Unicode>sache Mittel packend wirkte. und Herr Brandt, der seine</Unicode>
                </TextEquiv>
            </TextLine>
            <TextLine id="r1l133" custom="readingOrder {index:132;}">
                <Coords points="1206,3969 1290,3969 1335,3987 1353,3969 1382,3966 1493,3974 1515,3970 1515,3937 1466,3952 1452,3937 1415,3931 1400,3942 1335,3921 1287,3940 1205,3908"/>
                <Baseline points="1215,3969 1241,3968 1267,3968 1294,3968 1320,3968 1347,3968 1373,3968 1400,3969 1426,3968 1453,3968 1479,3967 1506,3966"/>
                <TextEquiv>
                    <Unicode>Krankheit zu #</Unicode>
                </TextEquiv>
            </TextLine>
            <TextLine id="r1l134" custom="readingOrder {index:133;}">
                <Coords points="1593,4003 2572,4003 2633,3988 2633,3947 1593,3970"/>
                <Baseline points="1603,4000 1654,3999 1705,3998 1756,3998 1807,3997 1858,3997 1909,3997 1960,3997 2011,3997 2062,3997 2113,3997 2164,3997 2215,3997 2266,3997 2317,3997 2368,3997 2419,3996 2470,3995 2521,3994 2572,3993 2623,3991"/>
                <TextEquiv>
                    <Unicode>Rolle mit trefflicher Charakteristi“ ausstattete. Das letzte</Unicode>
                </TextEquiv>
            </TextLine>
            <TextLine id="r1l135" custom="readingOrder {index:134;}">
                <Coords points="1214,4011 1310,4020 1345,4005 1446,4026 1524,4008 1567,4023 1583,4019 1582,3964 1531,3977 1355,3968 1334,3986 1268,3969 1213,3974"/>
                <Baseline points="1223,4008 1249,4008 1276,4008 1303,4007 1330,4007 1357,4006 1384,4006 1410,4005 1437,4004 1464,4004 1491,4004 1518,4003 1545,4003 1572,4004"/>
                <TextEquiv>
                    <Unicode>stören, die sein Ta¬</Unicode>
                </TextEquiv>
            </TextLine>
            <TextLine id="r1l136" custom="readingOrder {index:135;}">
                <Coords points="1585,4046 2572,4044 2642,4037 2641,3982 1584,4000"/>
                <Baseline points="1595,4040 1646,4040 1698,4040 1750,4041 1802,4040 1854,4040 1906,4040 1957,4039 2009,4038 2061,4038 2113,4036 2165,4036 2217,4035 2269,4034 2320,4033 2372,4032 2424,4032 2476,4031 2528,4031 2580,4031 2632,4031"/>
                <TextEquiv>
                    <Unicode>Stück des Einakterzyklus „Literatur“ ist ein seines,</Unicode>
                </TextEquiv>
            </TextLine>
            <TextLine id="r1l137" custom="readingOrder {index:136;}">
                <Coords points="1206,4057 1290,4047 1312,4062 1378,4047 1573,4045 1573,4015 1528,4008 1495,4021 1370,4008 1323,4021 1292,4010 1206,4014"/>
                <Baseline points="1217,4044 1243,4045 1270,4045 1296,4045 1323,4045 1349,4045 1376,4045 1402,4045 1429,4045 1455,4045 1482,4045 1508,4045 1535,4045 1562,4046"/>
                <TextEquiv>
                    <Unicode>lent zersetzen — ein</Unicode>
                </TextEquiv>
            </TextLine>
            <TextLine id="r1l138" custom="readingOrder {index:137;}">
                <Coords points="1587,4083 2617,4086 2631,4034 1586,4048"/>
                <Baseline points="1597,4082 1648,4081 1699,4080 1750,4080 1801,4079 1853,4078 1904,4078 1955,4078 2006,4077 2057,4077 2109,4077 2160,4077 2211,4076 2262,4076 2313,4076 2365,4075 2416,4074 2467,4074 2518,4073 2569,4071 2621,4070"/>
                <TextEquiv>
                    <Unicode>geistvolles Lustspiel, welches Schnitzler unbedingt auf</Unicode>
                </TextEquiv>
            </TextLine>
            <TextLine id="r1l139" custom="readingOrder {index:138;}">
                <Coords points="533,4101 1093,4078 1586,4104 1586,4047 533,4041"/>
                <Baseline points="543,4088 594,4087 646,4086 697,4086 749,4085 801,4084 852,4084 904,4084 955,4083 1007,4083 1059,4083 1110,4083 1162,4083 1213,4083 1265,4083 1317,4083 1368,4083 1420,4083 1471,4082 1523,4082 1575,4082"/>
                <TextEquiv>
                    <Unicode>morelisches Monstrum ist — weil) er seinen Schwerz in</Unicode>
                </TextEquiv>
            </TextLine>
            <TextLine id="r1l140" custom="readingOrder {index:139;}">
                <Coords points="1595,4124 2225,4138 2588,4123 2637,4094 2547,4070 1594,4085"/>
                <Baseline points="1605,4119 1656,4119 1707,4118 1758,4118 1809,4117 1860,4116 1911,4116 1962,4115 2013,4115 2064,4114 2116,4113 2167,4113 2218,4113 2269,4112 2320,4112 2371,4112 2422,4112 2473,4113 2524,4113 2575,4114 2627,4115"/>
                <TextEquiv>
                    <Unicode>dieses Gebirt weist. Die beiden Hauptpersonen sind witzig</Unicode>
                </TextEquiv>
            </TextLine>
            <TextLine id="r1l141" custom="readingOrder {index:140;}">
                <Coords points="533,4142 1580,4126 1510,4083 533,4101"/>
                <Baseline points="544,4129 595,4128 646,4127 697,4126 749,4124 800,4124 851,4123 903,4123 954,4122 1005,4122 1057,4122 1108,4122 1159,4122 1210,4122 1262,4122 1313,4123 1364,4123 1416,4123 1467,4123 1518,4124 1570,4124"/>
                <TextEquiv>
                    <Unicode>Tichtungen ausleben wird? Sieht er darin ein Fatm der</Unicode>
                </TextEquiv>
            </TextLine>
            <TextLine id="r1l142" custom="readingOrder {index:141;}">
                <Coords points="1598,4166 2585,4161 2634,4109 1597,4125"/>
                <Baseline points="1607,4159 1657,4159 1708,4158 1759,4158 1810,4158 1861,4157 1911,4157 1962,4157 2013,4156 2064,4156 2115,4155 2165,4155 2216,4154 2267,4153 2318,4152 2369,4151 2419,4150 2470,4149 2521,4147 2572,4146 2623,4144"/>
                <TextEquiv>
                    <Unicode>und treffend gezeichnet und wurden von Frl. Sandrock</Unicode>
                </TextEquiv>
            </TextLine>
            <TextLine id="r1l143" custom="readingOrder {index:142;}">
                <Coords points="539,4177 1563,4179 1585,4117 538,4136"/>
                <Baseline points="549,4164 600,4164 651,4164 703,4163 754,4163 805,4163 857,4163 908,4163 959,4162 1011,4162 1062,4162 1113,4162 1165,4161 1216,4161 1267,4161 1319,4161 1370,4161 1421,4161 1473,4162 1524,4162 1576,4163"/>
                <TextEquiv>
                    <Unicode>Dichterseele? Von einer moralischen Monstruosität kann aber</Unicode>
                </TextEquiv>
            </TextLine>
            <TextLine id="r1l144" custom="readingOrder {index:143;}">
                <Coords points="1940,4192 2664,4192 2664,4149 1939,4168"/>
                <Baseline points="1950,4193 1985,4193 2020,4193 2055,4193 2090,4193 2126,4193 2161,4193 2196,4193 2231,4193 2266,4193 2302,4193 2337,4192 2372,4192 2407,4192 2442,4192 2478,4191 2513,4191 2548,4190 2583,4190 2618,4189 2654,4188"/>
                <TextEquiv>
                    <Unicode>hera mit feinem kaustischem Humor #</Unicode>
                </TextEquiv>
            </TextLine>
            <TextEquiv>
                <Unicode>box 21/4
16.1. Lebendige Stunden Zuklus
ion 12801.
X. Weigl’s Unternehmen für Zeitungs-Ausschnitte
„DBSERER“
Nr. a
#
I. österr. behürdl. conc. Burean für Zeitungsberichte u. Personalnachrichten
Wien, I., Concondiaplatz 4.
Vertretungen in Berlin, Budapest, Chicago, Genf, London, Newyork, Paris, Rom,
Stockholm, Kristiania, St. Petersburg.
Ausschnitt aus:
1 esne
3074
vom:
Theater.
Es gibt Bühnendichter, denen die Phrase und das
Philosophieren erlaubt ist = während man sonst nur nach
lebendiger Handlung schreit = zu diesen glücklichen, privi
legierten Ausnahmsmenschen gehört offenbar Arthur
Schnitzler. An der Wiege seiner dramatischen Taten
ist es ihm von der Presse gesungen worden, daß er „geist¬
reich“ ist, und d'eser Ruf erhält sich am sichersten schon
dadurch, daß sich niemand einen Mangel an Verständuis
vorwerfen lassen will — ob er nun Gutes oder Schlechtes
bringt. Für nichts ist die große Menge empfänglicher als
für einen Brocken Philosophie — eine Speise, die sonst von
ihr nicht allzu häufig gesucht, vielmehr als zu schwer ver¬
daulich gemieden wird, aber in dieser verdünnten Form an¬
genehm auregend wirkt. Diese philosophierende Rethorik ist
unzweifelhaft am Theater das, was man in der Literatur
„Schöngeisterei“ nennt —
was die Schwärmerei für einen
inclusive
„Belar (Le mondle on Pon somni) hervorruft. Philo¬
Porto.
sophie, wo sie zu einer tief begründeten Weltauschanung
Zahlbar
wurde und sich hoch über die kleinlich beengten Gesichts¬
im Voraus.
punkte der Meuschen erhebt, wirkt ganz anders. Ist sie der
Untergrund, der ein Dichtwerk trägt, fühlen wir kein eitles
### ist das
Vergnügen, daß unser geistiges Empfängnis grof genug ist,
Abo
ht es den
die bravonröse Spiegelfechterei mitzumachen, wir vergessen unser
irn.
Abe
Selbst, und jenes große Ahnen erschüttert unser Wesen, das
mehr im Gefühl als in der detaillierenden, geistigen Auffassung
iltend die
in Erscheinung tritt. Das wollte ich nur vorhersenden, bevor
lorgen¬
ich den allgemeinen Lobeschorus über den Einakterzyklus
Zeitung“)
„Lebendige Stunden“. von Schnitzler, der vorigen
schaftliche
Samstag zum ersten Mal im Deutschen Volkstheater
—
lichen mysteriösen Rückerinnerns der Seele, von dem sonderbaren
sehr erfolgreich in
Eindruck, als hätten wir dasselbe, was uns eben begegnet,
Szene ging, kritisie¬
schon längst einmal erlebt. Derlei Eindrücke haben die meisten
re. Der erste dieser
Menschen schon einmal durchkostet, und hängt das vielleicht
Einakter ist ein ge¬
damit zusammen, daß uns einen Atemzug lang die
sprochenes Feuille¬
a priori-Begriffe von Zeit und Raum versagen. Wenn die
ton ohne echte Le¬
Seele wandert, so müßte sie jedenfalls ihrer Vollendung zu¬
Man
benstragik.
schreiten; zwischen diesen beiden Leonoren des Leonardo und
muß kein junger
jener in der modernen Kunstgallerie ist aber wenig Gehalts¬
Dichter sein, um in
unterschied. Jene mit dem Dolch steht moralisch höher, denn
egoistischer Krast
sie tötet den Jüngling, in dessen Arme sie nur die Sinnes¬
über ein zermalm¬
leidenschaft warf, wie sie des edleren geistigen Bandes
tes Menschenschick¬
wieder inne wird, das sie an den Gatten fesselt — d
sal hinwegzuschrei¬
moderne gibt sich erst hin, nachdem sie vorher klar dargelegt
dazu g
ten
hat, welche Gefahren in ihrer Leidenschaft liegen, zu deren
nügt es schon einfach
Bändigung sie die Hilfe des Gatten als Reisebegleiter und
jung zu sein. Die
vermutlich auch Reisekassier leider vergeblich angerufen hat.
Jugend wendet sich
Diese Seelenwandlungstragödie ist zu viel Effekthascherei,
naturgemäß der Zu¬
als daß sie einen bleibenden Eindruck hervorbringen könnte.
kunft zu, sie löst die
Fräulein Sandrock und Herr Kramer gaben, was sie
Werdenden von ihren
konnten. Kraftvoll wirkte Herr Eppens — schade, daß
menschlichen Vor¬
wir ihn verlieren. Das philosophisch Tiefste und geistig Be¬
gängern, sonst wörde
deutendste sind „die letzten Masken“. Hier weht
das Bindeglied zwi¬
uns ein größerer Alemzug, ein tieseres Erfassen des all¬
schen den sich inzner
gemein Menschlichen entgegen. Der letzte, oft wie Humor
wieder verjüngenden
aufblitzende Ausdruck im Antlitz Sterbender, der vielleicht
Generationen kein
ein endliches Entschleiern der Wahrheit = eine große ironische
haltbares sein. Will
— oder auch nur ein letztes
Schlußbilanz des Lebens
Schnitzler sagen, das
Zucken der Gesichtsnerven bedeutet — wird dem sinnenden
vieser Sohn, dessen
Denker immer wie eine geheimnisvolle Offenbarung er¬
Mutter freiwillig
scheinen und ist von Schnitzler in machtvoller Wirkung erfaßt.
stirbt, um sein junges
Jedenfalls hat Schnitzler dieses letzte Ausflackern des Lebens sehr
Leben nicht mit Sorge
tief beobachtet und gut gestaltet. Wir sahen darin auch zwei
und Kummer durch
Meisterrollen. Direktor Weiße, dessen Sterbender durch ein¬
ihre unheilbare
sache Mittel packend wirkte. und Herr Brandt, der seine
Krankheit zu #
Rolle mit trefflicher Charakteristi“ ausstattete. Das letzte
stören, die sein Ta¬
Stück des Einakterzyklus „Literatur“ ist ein seines,
lent zersetzen — ein
geistvolles Lustspiel, welches Schnitzler unbedingt auf
morelisches Monstrum ist — weil) er seinen Schwerz in
dieses Gebirt weist. Die beiden Hauptpersonen sind witzig
Tichtungen ausleben wird? Sieht er darin ein Fatm der
und treffend gezeichnet und wurden von Frl. Sandrock
Dichterseele? Von einer moralischen Monstruosität kann aber
hera mit feinem kaustischem Humor #</Unicode>
            </TextEquiv>
        </TextRegion>
    </Page>
</PcGts>
