<?xml version="1.0" encoding="UTF-8" standalone="yes"?>
<PcGts xmlns="http://schema.primaresearch.org/PAGE/gts/pagecontent/2013-07-15" xmlns:xsi="http://www.w3.org/2001/XMLSchema-instance" xsi:schemaLocation="http://schema.primaresearch.org/PAGE/gts/pagecontent/2013-07-15 http://schema.primaresearch.org/PAGE/gts/pagecontent/2013-07-15/pagecontent.xsd">
    <Metadata>
        <Creator>prov=University of Rostock/Institute of Mathematics/CITlab/Gundram Leifert/gundram.leifert@uni-rostock.de:name=ONB_Newseye_GT_M1+(htr_id=10810)::::v=2.4.2
prov=University of Rostock/Institute of Mathematics/CITlab/Tobias Gruening/tobias.gruening@uni-rostock.de:name=de.uros.citlab.module.baseline2polygon.B2PSeamMultiOriented:v=2.4.2
prov=University of Rostock/Institute of Mathematics/CITlab/Tobias Gruening/tobias.gruening@uni-rostock.de:name=/mnt/transkribus/LA/DEA/URO/LA_news_onb_att.pb:de.uros.citlab.segmentation.CITlab_LA_ML:v=2.4.2
Transkribus</Creator>
        <Created>2019-10-07T11:33:46.079+02:00</Created>
        <LastChange>2019-10-08T13:03:46.968+02:00</LastChange>
        <TranskribusMetadata docId="223975" pageId="9500467" pageNr="97" tsid="16578430" status="IN_PROGRESS" userId="40391" imgUrl="https://files.transkribus.eu/Get?id=UGJOWTTKVHAYSXLFNQDONEYI&amp;fileType=view" xmlUrl="https://files.transkribus.eu/Get?id=VOYUQDVRIXTHTBLKIDSZRKPR" imageId="6190689"/>
    </Metadata>
    <Page imageFilename="223975_0097.jpeg" imageWidth="3484" imageHeight="4256">
        <ReadingOrder>
            <OrderedGroup id="ro_1711449706882" caption="Regions reading order">
                <RegionRefIndexed index="0" regionRef="r1"/>
                <RegionRefIndexed index="1" regionRef="r2"/>
                <RegionRefIndexed index="2" regionRef="r3"/>
            </OrderedGroup>
        </ReadingOrder>
        <TextRegion orientation="0.0" id="r1" custom="readingOrder {index:0;}">
            <Coords points="828,157 828,3975 2127,3975 2127,157"/>
            <TextLine id="r1l1" custom="readingOrder {index:0;}">
                <Coords points="934,187 1950,217 2124,182 1739,131 935,142"/>
                <Baseline points="942,177 1000,179 1059,181 1117,182 1176,184 1235,185 1293,186 1352,187 1411,188 1469,188 1528,189 1587,190 1645,191 1704,191 1763,192 1821,193 1880,195 1939,196 1997,197 2056,199 2115,202"/>
                <TextEquiv>
                    <Unicode>ehdennenhen Seschetnen anshchuene uen enennune e enetene</Unicode>
                </TextEquiv>
            </TextLine>
            <TextLine id="r1l2" custom="readingOrder {index:1;}">
                <Coords points="901,233 2037,257 2118,250 2119,212 901,190"/>
                <Baseline points="908,224 968,226 1028,227 1088,228 1148,230 1208,230 1268,232 1329,233 1389,234 1449,234 1509,235 1569,236 1629,237 1689,238 1750,239 1810,240 1870,241 1930,242 1990,243 2050,244 2111,246"/>
                <TextEquiv>
                    <Unicode>für eine flüchtige, aber starke erotische Leidenschaft zu einem</Unicode>
                </TextEquiv>
            </TextLine>
            <TextLine id="r1l3" custom="readingOrder {index:2;}">
                <Coords points="897,261 2123,300 2124,254 2013,242 898,236"/>
                <Baseline points="905,273 965,272 1026,272 1086,272 1147,272 1207,272 1268,273 1328,274 1389,275 1449,276 1510,278 1570,279 1631,280 1691,282 1752,283 1812,284 1873,286 1933,287 1994,287 2054,288 2115,289"/>
                <TextEquiv>
                    <Unicode>hübschen Jüngling, mit dem sie innerlich nichts verbindet, zu</Unicode>
                </TextEquiv>
            </TextLine>
            <TextLine id="r1l4" custom="readingOrder {index:3;}">
                <Coords points="899,312 2102,346 2135,295 899,273"/>
                <Baseline points="906,313 967,313 1028,312 1089,313 1150,313 1211,314 1272,315 1333,316 1394,318 1455,320 1516,322 1577,323 1638,324 1699,326 1760,327 1821,329 1882,330 1943,330 2004,331 2065,331 2127,330"/>
                <TextEquiv>
                    <Unicode>dem sie nur ein heißes sinnliches Verlangen zieht. Das ist</Unicode>
                </TextEquiv>
            </TextLine>
            <TextLine id="r1l5" custom="readingOrder {index:4;}">
                <Coords points="898,365 2134,380 2043,329 899,311"/>
                <Baseline points="906,357 967,357 1028,358 1089,359 1150,360 1211,361 1272,362 1333,363 1394,364 1455,365 1516,367 1577,368 1638,369 1699,370 1760,371 1821,373 1882,374 1943,375 2004,376 2065,377 2126,378"/>
                <TextEquiv>
                    <Unicode>der psychologische, besser pathologische Fall, den Schnitzler</Unicode>
                </TextEquiv>
            </TextLine>
            <TextLine id="r1l6" custom="readingOrder {index:5;}">
                <Coords points="899,404 1023,412 1034,404 1062,416 1181,405 1223,423 1223,381 1176,382 1150,364 1015,373 978,355 899,369"/>
                <Baseline points="907,407 932,406 958,405 984,404 1009,404 1035,403 1061,402 1086,402 1112,401 1138,401 1163,402 1189,403 1215,404"/>
                <TextEquiv>
                    <Unicode>„demonstrirt“.</Unicode>
                </TextEquiv>
            </TextLine>
            <TextLine id="r1l7" custom="readingOrder {index:6;}">
                <Coords points="1222,407 1239,403 1253,411 1270,413 1275,420 1290,411 1318,411 1324,406 1338,410 1339,381 1324,382 1306,367 1291,373 1271,370 1267,365 1257,370 1250,366 1236,373 1223,371"/>
                <Baseline points="1230,403 1255,404 1280,405 1305,406 1330,407"/>
                <TextEquiv>
                    <Unicode>Und</Unicode>
                </TextEquiv>
            </TextLine>
            <TextLine id="r1l8" custom="readingOrder {index:7;}">
                <Coords points="1359,410 1410,431 1578,421 1621,392 1700,428 2127,429 2114,379 1360,382"/>
                <Baseline points="1367,412 1404,412 1442,411 1479,411 1517,411 1555,412 1592,412 1630,412 1667,413 1705,414 1743,414 1780,415 1818,416 1855,417 1893,418 1931,419 1968,419 2006,420 2043,421 2081,422 2119,423"/>
                <TextEquiv>
                    <Unicode>zwar mit raffinirt theatralischen</Unicode>
                </TextEquiv>
            </TextLine>
            <TextLine id="r1l9" custom="readingOrder {index:8;}">
                <Coords points="900,447 2126,463 2068,423 900,404"/>
                <Baseline points="907,446 967,446 1028,446 1088,446 1149,446 1209,447 1270,447 1330,449 1391,449 1451,451 1512,452 1573,454 1633,455 1694,457 1754,458 1815,459 1875,461 1936,462 1996,463 2057,464 2118,465"/>
                <TextEquiv>
                    <Unicode>Mitteln. Vor einem anonymen Renaissancegemälde in</Unicode>
                </TextEquiv>
            </TextLine>
            <TextLine id="r1l10" custom="readingOrder {index:9;}">
                <Coords points="898,493 1885,491 2123,531 2124,477 2063,465 899,445"/>
                <Baseline points="906,484 966,485 1027,486 1087,488 1148,489 1208,490 1269,492 1329,493 1390,494 1450,495 1511,496 1571,497 1632,498 1692,499 1753,501 1813,502 1874,503 1934,504 1995,506 2055,507 2116,508"/>
                <TextEquiv>
                    <Unicode>der Gemäldegallerie, „Die Frau mit dem Dolche“ treffen sich</Unicode>
                </TextEquiv>
            </TextLine>
            <TextLine id="r1l11" custom="readingOrder {index:10;}">
                <Coords points="904,530 2121,563 2071,511 905,493"/>
                <Baseline points="912,530 972,530 1032,531 1092,532 1152,533 1212,534 1272,535 1332,536 1392,537 1452,539 1513,540 1573,541 1633,543 1693,544 1753,546 1813,547 1873,548 1933,550 1993,551 2053,552 2114,553"/>
                <TextEquiv>
                    <Unicode>Paula und ihr Geliebter Leonard. Er hat ihr die seltsame</Unicode>
                </TextEquiv>
            </TextLine>
            <TextLine id="r1l12" custom="readingOrder {index:11;}">
                <Coords points="901,587 2123,602 2092,552 902,530"/>
                <Baseline points="909,573 969,574 1029,575 1089,576 1150,578 1210,579 1270,580 1331,581 1391,583 1451,584 1512,585 1572,586 1632,587 1692,588 1753,589 1813,590 1873,591 1934,591 1994,592 2054,592 2115,592"/>
                <TextEquiv>
                    <Unicode>Aehnlichkeit zwischen ihr und dem rothhaarigen Räthselreibe</Unicode>
                </TextEquiv>
            </TextLine>
            <TextLine id="r1l13" custom="readingOrder {index:12;}">
                <Coords points="904,625 2129,639 2106,596 904,584"/>
                <Baseline points="911,616 971,618 1032,620 1092,621 1153,623 1213,624 1274,626 1334,627 1395,628 1455,628 1516,630 1576,631 1637,631 1697,632 1758,633 1818,635 1879,636 1939,637 2000,639 2060,640 2121,642"/>
                <TextEquiv>
                    <Unicode>des Gemäldes zeigen wollen, und er hofft heute endlich von¬</Unicode>
                </TextEquiv>
            </TextLine>
            <TextLine id="r1l14" custom="readingOrder {index:13;}">
                <Coords points="891,664 1927,699 2123,671 1637,622 1201,650 892,619"/>
                <Baseline points="899,660 959,662 1020,664 1081,665 1142,667 1203,668 1263,669 1324,670 1385,671 1446,672 1507,673 1567,674 1628,675 1689,676 1750,677 1811,679 1871,680 1932,682 1993,684 2054,686 2115,688"/>
                <TextEquiv>
                    <Unicode>ihr Erhörung. Aber Paula sieht nicht nur die Aehnlichkeit,</Unicode>
                </TextEquiv>
            </TextLine>
            <TextLine id="r1l15" custom="readingOrder {index:14;}">
                <Coords points="956,694 2115,734 2116,683 957,666"/>
                <Baseline points="963,704 1020,706 1077,709 1134,711 1192,712 1249,714 1306,715 1363,716 1421,718 1478,719 1535,720 1592,721 1650,721 1707,722 1764,723 1821,724 1879,725 1936,726 1993,727 2050,728 2108,729"/>
                <TextEquiv>
                    <Unicode>nein, sie fühlt plötzlich, daß sie selbst diese Frau mit dem</Unicode>
                </TextEquiv>
            </TextLine>
            <TextLine id="r1l16" custom="readingOrder {index:15;}">
                <Coords points="896,761 2114,796 2115,734 896,710"/>
                <Baseline points="903,751 963,752 1023,754 1083,755 1143,757 1204,758 1264,758 1324,759 1384,760 1444,761 1505,761 1565,762 1625,763 1685,764 1745,765 1806,766 1866,767 1926,768 1986,769 2046,771 2107,773"/>
                <TextEquiv>
                    <Unicode>Dolche ist, und es erwacht in ihr, während Leonard ihr mit</Unicode>
                </TextEquiv>
            </TextLine>
            <TextLine id="r1l17" custom="readingOrder {index:16;}">
                <Coords points="896,794 2110,821 2044,772 1706,797 897,760"/>
                <Baseline points="903,795 963,796 1023,797 1083,799 1143,800 1203,801 1263,802 1323,803 1383,804 1443,806 1503,807 1563,808 1623,808 1683,810 1743,810 1803,811 1863,812 1923,813 1983,813 2043,814 2103,815"/>
                <TextEquiv>
                    <Unicode>wilden Worten seine Leidenschaft gesteht, etwas wie eine Er¬</Unicode>
                </TextEquiv>
            </TextLine>
            <TextLine id="r1l18" custom="readingOrder {index:17;}">
                <Coords points="890,838 2051,873 2127,854 2128,816 891,788"/>
                <Baseline points="898,839 959,841 1020,842 1081,844 1142,845 1203,846 1264,847 1325,848 1386,848 1447,849 1508,850 1569,850 1630,851 1691,852 1752,853 1813,854 1874,855 1935,856 1996,858 2057,860 2119,862"/>
                <TextEquiv>
                    <Unicode>innerung aus einem früheren Leben, und plötzlich werden ihre</Unicode>
                </TextEquiv>
            </TextLine>
            <TextLine id="r1l19" custom="readingOrder {index:18;}">
                <Coords points="897,893 2122,907 1937,857 897,852"/>
                <Baseline points="905,884 965,885 1025,886 1086,887 1146,888 1207,889 1267,889 1327,890 1388,891 1448,892 1509,893 1569,894 1629,895 1690,896 1750,897 1811,899 1871,901 1931,903 1992,905 2052,908 2113,910"/>
                <TextEquiv>
                    <Unicode>Phantasiegestalten Werlichkeit: die Bühne verdunkelt sich, und,</Unicode>
                </TextEquiv>
            </TextLine>
            <TextLine id="r1l20" custom="readingOrder {index:19;}">
                <Coords points="901,935 2115,967 2116,912 902,893"/>
                <Baseline points="910,926 969,928 1029,929 1089,930 1149,932 1209,933 1269,934 1329,935 1389,936 1449,937 1509,938 1568,939 1628,940 1688,941 1748,942 1808,943 1868,944 1928,946 1988,947 2048,948 2108,949"/>
                <TextEquiv>
                    <Unicode>als es wieder hell wird, sind wir in ein Schloßgemach der</Unicode>
                </TextEquiv>
            </TextLine>
            <TextLine id="r1l21" custom="readingOrder {index:20;}">
                <Coords points="890,975 2121,1001 2121,959 2016,946 890,935"/>
                <Baseline points="898,971 958,972 1019,974 1080,976 1141,977 1201,979 1262,980 1323,982 1384,983 1444,984 1505,985 1566,986 1627,987 1687,988 1748,989 1809,989 1870,990 1930,990 1991,990 2052,991 2113,990"/>
                <TextEquiv>
                    <Unicode>Renaissancezeit versetzt und erleben die Geschichte der „Fran</Unicode>
                </TextEquiv>
            </TextLine>
            <TextLine id="r1l22" custom="readingOrder {index:21;}">
                <Coords points="899,1023 2068,1049 2117,1002 900,980"/>
                <Baseline points="907,1016 967,1017 1027,1018 1087,1020 1147,1021 1207,1022 1267,1023 1327,1024 1387,1025 1447,1026 1507,1027 1567,1028 1627,1028 1687,1029 1747,1030 1807,1030 1867,1031 1927,1032 1987,1032 2047,1033 2108,1034"/>
                <TextEquiv>
                    <Unicode>mit dem Dolche“. Paola, des großen Malers Remigio schönes</Unicode>
                </TextEquiv>
            </TextLine>
            <TextLine id="r1l23" custom="readingOrder {index:22;}">
                <Coords points="899,1064 2108,1096 2109,1047 1978,1034 900,1028"/>
                <Baseline points="907,1061 966,1063 1026,1064 1086,1065 1145,1066 1205,1067 1265,1068 1324,1068 1384,1069 1444,1070 1504,1070 1563,1071 1623,1071 1683,1072 1742,1073 1802,1074 1862,1075 1921,1076 1981,1077 2041,1079 2101,1081"/>
                <TextEquiv>
                    <Unicode>Weib, hat sich in der Abwesenheit ihres vergötterten Gatten,</Unicode>
                </TextEquiv>
            </TextLine>
            <TextLine id="r1l24" custom="readingOrder {index:23;}">
                <Coords points="890,1102 2099,1142 2121,1094 890,1062"/>
                <Baseline points="898,1105 958,1106 1019,1107 1080,1108 1141,1109 1201,1110 1262,1111 1323,1112 1384,1113 1444,1113 1505,1114 1566,1115 1627,1116 1687,1117 1748,1117 1809,1118 1870,1119 1930,1121 1991,1122 2052,1123 2113,1125"/>
                <TextEquiv>
                    <Unicode>in einem Augenblicke des sinnlichen Rausches dem jungen Maler</Unicode>
                </TextEquiv>
            </TextLine>
            <TextLine id="r1l25" custom="readingOrder {index:24;}">
                <Coords points="897,1163 2119,1160 2070,1122 898,1111"/>
                <Baseline points="905,1149 965,1150 1025,1151 1085,1151 1146,1152 1206,1153 1266,1154 1327,1155 1387,1156 1447,1157 1508,1158 1568,1159 1628,1160 1688,1161 1749,1162 1809,1164 1869,1165 1930,1166 1990,1167 2050,1169 2111,1170"/>
                <TextEquiv>
                    <Unicode>Lionardo ergeben. Nun der Rausch vorüber, ist er ihr nicht</Unicode>
                </TextEquiv>
            </TextLine>
            <TextLine id="r1l26" custom="readingOrder {index:25;}">
                <Coords points="890,1193 2115,1227 2101,1163 891,1170"/>
                <Baseline points="899,1191 959,1192 1019,1193 1080,1194 1140,1195 1201,1197 1261,1198 1321,1200 1382,1201 1442,1202 1503,1204 1563,1206 1623,1207 1684,1208 1744,1209 1805,1210 1865,1211 1925,1211 1986,1212 2046,1212 2107,1211"/>
                <TextEquiv>
                    <Unicode>mehr als ein zerbrochenes Spielzeug, und ihre Seele jauchzt</Unicode>
                </TextEquiv>
            </TextLine>
            <TextLine id="r1l27" custom="readingOrder {index:26;}">
                <Coords points="894,1246 2121,1256 2005,1212 895,1190"/>
                <Baseline points="902,1235 962,1236 1023,1238 1083,1239 1144,1240 1204,1241 1265,1242 1325,1243 1386,1245 1446,1246 1507,1248 1568,1248 1628,1250 1689,1251 1749,1252 1810,1253 1870,1254 1931,1256 1991,1257 2052,1257 2113,1258"/>
                <TextEquiv>
                    <Unicode>dem endlich heimkehrenden Gatten zu. Vergeblich alles Flehen</Unicode>
                </TextEquiv>
            </TextLine>
            <TextLine id="r1l28" custom="readingOrder {index:27;}">
                <Coords points="887,1295 2109,1316 2109,1262 2052,1258 887,1253"/>
                <Baseline points="895,1282 955,1282 1015,1282 1075,1283 1136,1283 1196,1284 1256,1285 1317,1286 1377,1287 1437,1288 1498,1289 1558,1291 1618,1292 1678,1293 1739,1295 1799,1296 1859,1297 1920,1298 1980,1299 2040,1299 2101,1300"/>
                <TextEquiv>
                    <Unicode>und heiße Drängen Lionardos, vergeblich sein Drohen, als sie</Unicode>
                </TextEquiv>
            </TextLine>
            <TextLine id="r1l29" custom="readingOrder {index:28;}">
                <Coords points="884,1341 2119,1348 2119,1317 1966,1298 885,1293"/>
                <Baseline points="892,1321 956,1323 1020,1325 1084,1327 1148,1329 1212,1331 1276,1332 1341,1333 1405,1334 1469,1335 1533,1336 1597,1337 1661,1337 1726,1338 1790,1338 1854,1339 1918,1339 1982,1340 2046,1340 2111,1341"/>
                <TextEquiv>
                    <Unicode>ihn verächtlich bei Seite stößt, sich zu tödten. Es ist Tag ge¬</Unicode>
                </TextEquiv>
            </TextLine>
            <TextLine id="r1l30" custom="readingOrder {index:29;}">
                <Coords points="888,1379 2115,1386 2115,1352 2040,1340 889,1335"/>
                <Baseline points="896,1369 956,1370 1017,1372 1077,1373 1138,1374 1198,1376 1259,1377 1319,1378 1380,1379 1440,1380 1501,1381 1562,1382 1622,1383 1683,1383 1743,1384 1804,1385 1864,1385 1925,1385 1985,1385 2046,1385 2107,1385"/>
                <TextEquiv>
                    <Unicode>worden, die Nacht ist dahin, und sie weist ihm, der letzten Er¬</Unicode>
                </TextEquiv>
            </TextLine>
            <TextLine id="r1l31" custom="readingOrder {index:30;}">
                <Coords points="883,1429 2114,1450 2115,1387 1948,1415 884,1378"/>
                <Baseline points="891,1413 951,1413 1012,1414 1073,1415 1134,1416 1195,1417 1255,1418 1316,1419 1377,1420 1438,1421 1499,1422 1559,1423 1620,1424 1681,1425 1742,1426 1803,1427 1863,1428 1924,1430 1985,1431 2046,1432 2107,1433"/>
                <TextEquiv>
                    <Unicode>innerung an die Nacht, die Thüre. Er aber, dessen</Unicode>
                </TextEquiv>
            </TextLine>
            <TextLine id="r1l32" custom="readingOrder {index:31;}">
                <Coords points="886,1455 1928,1488 2117,1487 2118,1455 887,1412"/>
                <Baseline points="893,1457 953,1457 1014,1456 1075,1457 1136,1457 1197,1458 1258,1459 1318,1460 1379,1461 1440,1463 1501,1464 1562,1466 1623,1468 1684,1469 1744,1471 1805,1473 1866,1474 1927,1476 1988,1477 2049,1478 2110,1479"/>
                <TextEquiv>
                    <Unicode>ganzes Leben damit zerstört ist, bleibt und wünscht sich nur</Unicode>
                </TextEquiv>
            </TextLine>
            <TextLine id="r1l33" custom="readingOrder {index:32;}">
                <Coords points="888,1505 2116,1525 2116,1486 2020,1475 888,1457"/>
                <Baseline points="896,1498 956,1499 1017,1500 1077,1502 1138,1503 1199,1505 1259,1506 1320,1507 1380,1508 1441,1509 1502,1510 1562,1511 1623,1513 1683,1513 1744,1514 1805,1515 1865,1515 1926,1516 1986,1516 2047,1517 2108,1517"/>
                <TextEquiv>
                    <Unicode>den Tod von Remigios Hand. Diesen jedech lößt das Ge¬</Unicode>
                </TextEquiv>
            </TextLine>
            <TextLine id="r1l34" custom="readingOrder {index:33;}">
                <Coords points="879,1558 2109,1566 2061,1522 1821,1510 880,1511"/>
                <Baseline points="887,1543 947,1545 1008,1546 1069,1548 1129,1549 1190,1550 1251,1551 1311,1552 1372,1553 1433,1554 1494,1554 1554,1555 1615,1556 1676,1557 1736,1557 1797,1558 1858,1558 1918,1559 1979,1559 2040,1560 2101,1561"/>
                <TextEquiv>
                    <Unicode>ständniß, das ihm Lionardo entgegenschleudert, kalt. #r# leht</Unicode>
                </TextEquiv>
            </TextLine>
            <TextLine id="r1l35" custom="readingOrder {index:34;}">
                <Coords points="893,1604 2092,1627 2121,1566 894,1552"/>
                <Baseline points="902,1586 962,1587 1023,1589 1083,1590 1144,1591 1204,1593 1265,1594 1325,1595 1386,1597 1446,1598 1507,1599 1567,1600 1628,1601 1688,1602 1749,1603 1809,1603 1870,1604 1930,1604 1991,1605 2051,1605 2112,1605"/>
                <TextEquiv>
                    <Unicode>in einem anderen Leben, zu dem Lionardo keinen Zutritt hat,</Unicode>
                </TextEquiv>
            </TextLine>
            <TextLine id="r1l36" custom="readingOrder {index:35;}">
                <Coords points="885,1650 2100,1664 2113,1624 886,1603"/>
                <Baseline points="894,1631 954,1632 1015,1634 1075,1635 1136,1636 1196,1637 1257,1638 1317,1640 1378,1641 1438,1642 1499,1643 1560,1644 1620,1646 1681,1647 1741,1648 1802,1649 1862,1650 1923,1651 1983,1652 2044,1653 2105,1654"/>
                <TextEquiv>
                    <Unicode>und hochmüthig heißt er ihn gehen. Lionardo tobt und rast,</Unicode>
                </TextEquiv>
            </TextLine>
            <TextLine id="r1l37" custom="readingOrder {index:36;}">
                <Coords points="885,1680 1986,1713 2119,1690 2120,1650 885,1649"/>
                <Baseline points="892,1677 956,1678 1020,1680 1084,1681 1148,1682 1212,1683 1276,1684 1341,1685 1405,1686 1469,1687 1533,1688 1597,1689 1661,1690 1726,1691 1790,1692 1854,1693 1918,1694 1982,1694 2046,1695 2111,1696"/>
                <TextEquiv>
                    <Unicode>aber nichts reizt den Künstler Remigio; auch als Lionardo</Unicode>
                </TextEquiv>
            </TextLine>
            <TextLine id="r1l38" custom="readingOrder {index:37;}">
                <Coords points="884,1731 2116,1763 2117,1715 884,1695"/>
                <Baseline points="892,1723 952,1724 1013,1725 1074,1727 1135,1728 1196,1729 1257,1731 1317,1731 1378,1732 1439,1733 1500,1734 1561,1735 1622,1735 1683,1736 1743,1737 1804,1737 1865,1738 1926,1739 1987,1740 2048,1741 2109,1742"/>
                <TextEquiv>
                    <Unicode>nun jäh seine Stimmung wechselt und in glühendem Haß</Unicode>
                </TextEquiv>
            </TextLine>
            <TextLine id="r1l39" custom="readingOrder {index:38;}">
                <Coords points="879,1781 1983,1799 2103,1756 880,1722"/>
                <Baseline points="886,1767 946,1768 1006,1768 1067,1769 1127,1770 1188,1771 1248,1772 1309,1773 1369,1775 1430,1776 1490,1777 1550,1778 1611,1779 1671,1780 1732,1781 1792,1781 1853,1782 1913,1783 1974,1783 2034,1783 2095,1783"/>
                <TextEquiv>
                    <Unicode>ihn zu tödten schwört, bleibt Remigio unbewegt. Paola</Unicode>
                </TextEquiv>
            </TextLine>
            <TextLine id="r1l40" custom="readingOrder {index:39;}">
                <Coords points="882,1813 2102,1851 2103,1792 882,1777"/>
                <Baseline points="890,1809 950,1810 1010,1811 1070,1812 1130,1813 1191,1814 1251,1815 1311,1816 1371,1817 1431,1818 1492,1819 1552,1820 1612,1821 1672,1822 1732,1822 1793,1823 1853,1823 1913,1824 1973,1824 2033,1823 2094,1823"/>
                <TextEquiv>
                    <Unicode>aber bebt in tödlicher Angst vor Lionardos That, und in dem</Unicode>
                </TextEquiv>
            </TextLine>
            <TextLine id="r1l41" custom="readingOrder {index:40;}">
                <Coords points="884,1861 1953,1894 2077,1886 2118,1829 885,1818"/>
                <Baseline points="892,1857 952,1858 1013,1859 1074,1859 1135,1860 1196,1861 1257,1861 1317,1862 1378,1863 1439,1863 1500,1864 1561,1864 1622,1865 1683,1866 1743,1867 1804,1867 1865,1868 1926,1869 1987,1870 2048,1871 2109,1873"/>
                <TextEquiv>
                    <Unicode>Aufruhr ihrer Gefühle ergreift sie den Dolch und stößt ihm</Unicode>
                </TextEquiv>
            </TextLine>
            <TextLine id="r1l42" custom="readingOrder {index:41;}">
                <Coords points="883,1913 2116,1928 2117,1866 884,1861"/>
                <Baseline points="891,1900 951,1902 1012,1903 1073,1904 1134,1905 1195,1906 1256,1907 1316,1908 1377,1909 1438,1909 1499,1910 1560,1910 1621,1911 1682,1912 1742,1912 1803,1912 1864,1913 1925,1913 1986,1914 2047,1914 2108,1915"/>
                <TextEquiv>
                    <Unicode>Lionardo, der sich eben zum Gehen gewendet, mit wilder</Unicode>
                </TextEquiv>
            </TextLine>
            <TextLine id="r1l43" custom="readingOrder {index:42;}">
                <Coords points="884,1950 2112,1972 2112,1918 884,1908"/>
                <Baseline points="891,1944 951,1946 1012,1947 1072,1949 1133,1950 1194,1951 1254,1952 1315,1952 1376,1953 1436,1953 1497,1954 1558,1954 1618,1954 1679,1954 1740,1954 1800,1954 1861,1954 1922,1955 1982,1955 2043,1955 2104,1956"/>
                <TextEquiv>
                    <Unicode>Kraft ins Herz. Und Remigio? Für ihn bedeuet dieser</Unicode>
                </TextEquiv>
            </TextLine>
            <TextLine id="r1l44" custom="readingOrder {index:43;}">
                <Coords points="878,1986 1879,2017 2099,2013 2118,1975 879,1951"/>
                <Baseline points="886,1989 947,1989 1008,1990 1069,1990 1130,1991 1191,1992 1252,1993 1314,1993 1375,1994 1436,1995 1497,1996 1558,1996 1619,1997 1680,1998 1742,1999 1803,2000 1864,2001 1925,2002 1986,2004 2047,2005 2109,2006"/>
                <TextEquiv>
                    <Unicode>Moment die endliche Inspiration für Paolas Bild, das er##</Unicode>
                </TextEquiv>
            </TextLine>
            <TextLine id="r1l45" custom="readingOrder {index:44;}">
                <Coords points="879,2031 2116,2068 2116,2011 2044,2002 879,1995"/>
                <Baseline points="886,2030 947,2031 1008,2032 1069,2033 1130,2034 1191,2035 1252,2036 1313,2037 1374,2038 1435,2039 1497,2040 1558,2041 1619,2042 1680,2043 1741,2043 1802,2044 1863,2044 1924,2044 1985,2044 2046,2044 2108,2044"/>
                <TextEquiv>
                    <Unicode>begonnen, aber bis dahin nicht hat vollenden sönnen. Hier</Unicode>
                </TextEquiv>
            </TextLine>
            <TextLine id="r1l46" custom="readingOrder {index:45;}">
                <Coords points="876,2087 1991,2106 2118,2090 2119,2052 1629,2072 877,2028"/>
                <Baseline points="884,2075 945,2076 1006,2077 1067,2077 1129,2078 1190,2079 1251,2079 1313,2080 1374,2081 1435,2082 1497,2083 1558,2084 1619,2084 1680,2085 1742,2086 1803,2086 1864,2087 1926,2087 1987,2088 2048,2088 2110,2088"/>
                <TextEquiv>
                    <Unicode>liegen seine „lebendigen Stunden“ ... Das ist die Geschichte</Unicode>
                </TextEquiv>
            </TextLine>
            <TextLine id="r1l47" custom="readingOrder {index:46;}">
                <Coords points="881,2127 2034,2151 2096,2136 2097,2084 881,2089"/>
                <Baseline points="888,2117 948,2118 1008,2119 1068,2120 1128,2121 1188,2122 1248,2123 1308,2124 1368,2125 1428,2126 1488,2127 1548,2128 1608,2128 1668,2129 1728,2130 1788,2131 1848,2132 1908,2133 1968,2133 2028,2134 2089,2135"/>
                <TextEquiv>
                    <Unicode>von Paola und Lionardo, die vor Jahrhunderten sich zu¬</Unicode>
                </TextEquiv>
            </TextLine>
            <TextLine id="r1l48" custom="readingOrder {index:47;}">
                <Coords points="882,2158 2096,2182 2072,2135 883,2128"/>
                <Baseline points="890,2164 953,2165 1016,2165 1079,2167 1142,2168 1205,2169 1268,2170 1331,2171 1394,2172 1457,2173 1521,2174 1584,2175 1647,2176 1710,2177 1773,2177 1836,2178 1899,2178 1962,2177 2025,2177 2089,2176"/>
                <TextEquiv>
                    <Unicode>getragen, und das wird auch die Geschichte von Paula und</Unicode>
                </TextEquiv>
            </TextLine>
            <TextLine id="r1l49" custom="readingOrder {index:48;}">
                <Coords points="877,2214 2105,2224 2085,2180 878,2157"/>
                <Baseline points="885,2208 945,2209 1006,2211 1066,2212 1127,2213 1188,2214 1248,2214 1309,2215 1369,2216 1430,2217 1491,2218 1551,2219 1612,2219 1672,2220 1733,2221 1794,2222 1854,2223 1915,2224 1975,2225 2036,2226 2097,2227"/>
                <TextEquiv>
                    <Unicode>Leonard werden; denn als Paula aus ihrem weltentrückten</Unicode>
                </TextEquiv>
            </TextLine>
            <TextLine id="r1l50" custom="readingOrder {index:49;}">
                <Coords points="867,2264 1927,2284 2100,2271 2101,2225 868,2219"/>
                <Baseline points="875,2247 935,2249 996,2250 1057,2252 1118,2253 1179,2255 1240,2256 1300,2257 1361,2258 1422,2259 1483,2260 1544,2261 1605,2262 1666,2263 1726,2263 1787,2264 1848,2264 1909,2265 1970,2265 2031,2265 2092,2265"/>
                <TextEquiv>
                    <Unicode>Sinnen wieder erwacht und sich wieder in der Bildergallerie</Unicode>
                </TextEquiv>
            </TextLine>
            <TextLine id="r1l51" custom="readingOrder {index:50;}">
                <Coords points="860,2301 2105,2323 2097,2270 861,2270"/>
                <Baseline points="868,2294 929,2294 990,2295 1052,2296 1113,2297 1175,2299 1236,2300 1298,2301 1359,2303 1421,2304 1482,2305 1543,2307 1605,2308 1666,2309 1728,2309 1789,2310 1851,2310 1912,2310 1974,2310 2035,2309 2097,2308"/>
                <TextEquiv>
                    <Unicode>und Leonards heißem Drängen gegenüber findet, da gewährt</Unicode>
                </TextEquiv>
            </TextLine>
            <TextLine id="r1l52" custom="readingOrder {index:51;}">
                <Coords points="864,2357 2082,2372 2093,2321 865,2297"/>
                <Baseline points="873,2340 933,2341 994,2342 1054,2342 1115,2343 1176,2344 1236,2345 1297,2345 1357,2346 1418,2347 1479,2348 1539,2348 1600,2349 1660,2350 1721,2351 1782,2352 1842,2352 1903,2353 1963,2354 2024,2354 2085,2355"/>
                <TextEquiv>
                    <Unicode>sie ihm, dem sie noch eben aufs Nimmerwiedersehen hat Lebe¬</Unicode>
                </TextEquiv>
            </TextLine>
            <TextLine id="r1l53" custom="readingOrder {index:52;}">
                <Coords points="872,2392 2011,2415 2106,2409 2107,2361 872,2358"/>
                <Baseline points="879,2386 943,2386 1007,2386 1071,2387 1135,2387 1199,2388 1263,2388 1328,2389 1392,2389 1456,2390 1520,2391 1584,2392 1648,2393 1713,2393 1777,2394 1841,2395 1905,2396 1969,2397 2033,2398 2098,2399"/>
                <TextEquiv>
                    <Unicode>wohl sagen wollen, mit einem räthselhaften Blick seine heiße</Unicode>
                </TextEquiv>
            </TextLine>
            <TextLine id="r1l54" custom="readingOrder {index:53;}">
                <Coords points="856,2438 2061,2454 2105,2413 856,2387"/>
                <Baseline points="864,2424 925,2426 987,2428 1048,2430 1110,2431 1172,2432 1233,2433 1295,2434 1357,2435 1418,2436 1480,2436 1542,2437 1603,2437 1665,2438 1727,2438 1788,2438 1850,2438 1912,2439 1973,2439 2035,2439 2097,2440"/>
                <TextEquiv>
                    <Unicode>Bitte. Sie wird in der Nacht zu ihm kommen, es soll die</Unicode>
                </TextEquiv>
            </TextLine>
            <TextLine id="r1l55" custom="readingOrder {index:54;}">
                <Coords points="869,2478 1556,2492 1581,2485 1582,2437 1314,2452 869,2428"/>
                <Baseline points="876,2468 910,2469 945,2471 980,2472 1015,2473 1050,2474 1085,2475 1120,2475 1155,2476 1190,2477 1225,2477 1259,2478 1294,2478 1329,2479 1364,2479 1399,2479 1434,2479 1469,2479 1504,2478 1539,2478 1574,2477"/>
                <TextEquiv>
                    <Unicode>letie Nacht sein, bevor sie mit</Unicode>
                </TextEquiv>
            </TextLine>
            <TextLine id="r1l56" custom="readingOrder {index:55;}">
                <Coords points="1590,2499 1708,2480 1926,2501 1959,2483 2014,2499 2095,2486 2082,2445 1591,2445"/>
                <Baseline points="1598,2477 1623,2479 1649,2480 1675,2481 1701,2482 1726,2483 1752,2483 1778,2483 1804,2484 1830,2484 1855,2484 1881,2484 1907,2484 1933,2484 1959,2484 1984,2484 2010,2484 2036,2484 2062,2484 2088,2485"/>
                <TextEquiv>
                    <Unicode>dem Gatten die Stadt</Unicode>
                </TextEquiv>
            </TextLine>
            <TextLine id="r1l57" custom="readingOrder {index:56;}">
                <Coords points="862,2507 880,2519 976,2521 989,2531 1009,2522 1046,2538 1047,2485 1013,2487 987,2469 937,2488 883,2478 863,2487"/>
                <Baseline points="870,2517 898,2516 926,2517 954,2518 982,2519 1010,2520 1038,2521"/>
                <TextEquiv>
                    <Unicode>verläßt,</Unicode>
                </TextEquiv>
            </TextLine>
            <TextLine id="r1l58" custom="readingOrder {index:57;}">
                <Coords points="1234,2522 1295,2535 1375,2508 1405,2530 1560,2531 1599,2515 1600,2492 1530,2481 1448,2492 1405,2481 1381,2493 1326,2481 1234,2498"/>
                <Baseline points="1242,2516 1267,2518 1292,2519 1317,2520 1342,2520 1367,2521 1392,2521 1417,2521 1442,2521 1467,2521 1492,2522 1517,2522 1542,2522 1567,2523 1592,2524"/>
                <TextEquiv>
                    <Unicode>wird Leonards</Unicode>
                </TextEquiv>
            </TextLine>
            <TextLine id="r1l59" custom="readingOrder {index:58;}">
                <Coords points="1600,2534 1672,2540 1732,2521 1775,2540 2001,2531 2026,2545 2089,2535 2090,2487 2026,2502 1853,2484 1600,2491"/>
                <Baseline points="1608,2524 1634,2525 1660,2526 1687,2527 1713,2528 1739,2529 1766,2529 1792,2529 1818,2530 1845,2530 1871,2530 1897,2530 1924,2530 1950,2531 1976,2531 2003,2531 2029,2532 2055,2532 2082,2533"/>
                <TextEquiv>
                    <Unicode>letzte Nacht werden.</Unicode>
                </TextEquiv>
            </TextLine>
            <TextLine id="r1l60" custom="readingOrder {index:59;}">
                <Coords points="872,2563 1155,2563 1198,2585 1375,2564 1466,2598 1501,2572 1603,2569 1603,2539 1532,2526 872,2518"/>
                <Baseline points="880,2563 915,2563 951,2562 987,2562 1023,2562 1058,2562 1094,2562 1130,2562 1166,2563 1201,2563 1237,2563 1273,2564 1309,2565 1344,2566 1380,2567 1416,2567 1452,2569 1487,2569 1523,2570 1559,2571 1595,2572"/>
                <TextEquiv>
                    <Unicode>Pauias Gatten lernen wir nur</Unicode>
                </TextEquiv>
            </TextLine>
            <TextLine id="r1l61" custom="readingOrder {index:60;}">
                <Coords points="1609,2575 1703,2558 1743,2580 1811,2570 1846,2594 1910,2575 2097,2591 2098,2532 1610,2537"/>
                <Baseline points="1618,2567 1644,2568 1670,2568 1696,2569 1722,2570 1749,2570 1775,2571 1801,2571 1827,2572 1854,2572 1880,2573 1906,2573 1932,2573 1958,2574 1985,2574 2011,2575 2037,2575 2063,2575 2090,2575"/>
                <TextEquiv>
                    <Unicode>in der Traumgestalt</Unicode>
                </TextEquiv>
            </TextLine>
            <TextLine id="r1l62" custom="readingOrder {index:61;}">
                <Coords points="868,2601 2091,2642 2091,2589 2034,2577 1692,2559 1469,2600 1375,2564 868,2561"/>
                <Baseline points="875,2602 935,2604 995,2605 1056,2606 1116,2608 1177,2609 1237,2609 1297,2610 1358,2611 1418,2611 1479,2612 1539,2612 1599,2613 1660,2614 1720,2614 1781,2615 1841,2616 1901,2617 1962,2618 2022,2619 2083,2621"/>
                <TextEquiv>
                    <Unicode>des Remigio und aus der Schilderung Leonards</Unicode>
                </TextEquiv>
            </TextLine>
            <TextLine id="r1l63" custom="readingOrder {index:62;}">
                <Coords points="863,2664 2096,2688 2096,2632 2024,2622 1862,2648 864,2600"/>
                <Baseline points="871,2647 931,2648 992,2650 1053,2651 1114,2652 1175,2653 1236,2654 1296,2655 1357,2655 1418,2656 1479,2657 1540,2657 1601,2658 1662,2659 1722,2659 1783,2660 1844,2660 1905,2661 1966,2662 2027,2662 2088,2663"/>
                <TextEquiv>
                    <Unicode>kennen: er ist ein Künstler wie Remigio, dem die</Unicode>
                </TextEquiv>
            </TextLine>
            <TextLine id="r1l64" custom="readingOrder {index:63;}">
                <Coords points="871,2698 1954,2728 2089,2723 2090,2687 871,2656"/>
                <Baseline points="878,2689 938,2691 998,2692 1058,2694 1118,2695 1179,2697 1239,2698 1299,2699 1359,2700 1419,2701 1480,2701 1540,2702 1600,2703 1660,2704 1720,2705 1781,2705 1841,2706 1901,2707 1961,2708 2021,2709 2082,2711"/>
                <TextEquiv>
                    <Unicode>Gabe geworden ist, seine Seelenerlebnisse im Kunstwerk zu</Unicode>
                </TextEquiv>
            </TextLine>
            <TextLine id="r1l65" custom="readingOrder {index:64;}">
                <Coords points="864,2735 2099,2770 2100,2712 865,2701"/>
                <Baseline points="872,2731 933,2734 994,2736 1055,2738 1116,2740 1177,2741 1238,2742 1299,2743 1360,2744 1421,2745 1482,2746 1543,2747 1604,2747 1665,2748 1726,2749 1787,2750 1848,2751 1909,2752 1970,2754 2031,2755 2092,2757"/>
                <TextEquiv>
                    <Unicode>objektiviren. Doch tritt, wie gesagt, dieses Motiv mehr in den</Unicode>
                </TextEquiv>
            </TextLine>
            <TextLine id="r1l66" custom="readingOrder {index:65;}">
                <Coords points="855,2779 945,2807 985,2786 1047,2804 1072,2789 1110,2799 1142,2789 1142,2752 1125,2744 932,2749 923,2740 856,2738"/>
                <Baseline points="863,2780 890,2779 917,2779 944,2779 971,2780 998,2782 1025,2783 1052,2783 1079,2784 1106,2783 1134,2781"/>
                <TextEquiv>
                    <Unicode>Hintergrund.</Unicode>
                </TextEquiv>
            </TextLine>
            <TextLine id="r1l67" custom="readingOrder {index:66;}">
                <Coords points="940,2837 2097,2857 2084,2801 2017,2825 1934,2791 941,2804"/>
                <Baseline points="948,2833 1005,2834 1062,2835 1119,2836 1176,2837 1233,2838 1290,2839 1347,2840 1404,2841 1461,2842 1518,2843 1575,2844 1632,2845 1689,2846 1746,2846 1803,2847 1860,2848 1917,2848 1974,2849 2031,2849 2089,2850"/>
                <TextEquiv>
                    <Unicode>Menschlich am einfachsten und deshalb am meisten un¬</Unicode>
                </TextEquiv>
            </TextLine>
            <TextLine id="r1l68" custom="readingOrder {index:67;}">
                <Coords points="856,2874 1969,2911 2107,2903 2108,2865 1060,2865 857,2823"/>
                <Baseline points="864,2873 925,2876 987,2877 1049,2879 1111,2881 1172,2883 1234,2884 1296,2886 1358,2887 1419,2888 1481,2890 1543,2891 1605,2892 1666,2893 1728,2894 1790,2895 1852,2896 1913,2897 1975,2898 2037,2899 2099,2900"/>
                <TextEquiv>
                    <Unicode>mittelbar packend ist das dritte Siück „Die letzten</Unicode>
                </TextEquiv>
            </TextLine>
            <TextLine id="r1l69" custom="readingOrder {index:68;}">
                <Coords points="851,2931 2104,2943 2104,2901 852,2867"/>
                <Baseline points="858,2918 919,2920 981,2921 1043,2922 1105,2924 1167,2926 1229,2927 1291,2929 1353,2930 1415,2931 1477,2933 1538,2934 1600,2935 1662,2936 1724,2937 1786,2937 1848,2937 1910,2937 1972,2937 2034,2936 2096,2936"/>
                <TextEquiv>
                    <Unicode>Masken“. Die Szene ist in einem Spital. Ein Sterben¬</Unicode>
                </TextEquiv>
            </TextLine>
            <TextLine id="r1l70" custom="readingOrder {index:69;}">
                <Coords points="857,2968 2091,2985 2091,2949 1897,2936 857,2932"/>
                <Baseline points="865,2962 925,2963 986,2965 1047,2966 1108,2967 1169,2968 1230,2970 1291,2971 1352,2972 1413,2973 1474,2974 1534,2975 1595,2976 1656,2977 1717,2978 1778,2979 1839,2980 1900,2981 1961,2982 2022,2983 2083,2984"/>
                <TextEquiv>
                    <Unicode>der äußert den dringenden Wunsch, noch ein Mal einen früheren</Unicode>
                </TextEquiv>
            </TextLine>
            <TextLine id="r1l71" custom="readingOrder {index:70;}">
                <Coords points="858,3019 2038,3046 2084,3000 859,2965"/>
                <Baseline points="866,3009 926,3010 987,3010 1047,3012 1108,3012 1168,3014 1229,3015 1289,3016 1350,3018 1410,3019 1471,3020 1531,3022 1592,3023 1652,3024 1713,3026 1773,3027 1834,3028 1894,3029 1955,3030 2015,3030 2076,3031"/>
                <TextEquiv>
                    <Unicode>Freund, dem berühmten Dichter Weihgast, zu sehen. Der Arzt</Unicode>
                </TextEquiv>
            </TextLine>
            <TextLine id="r1l72" custom="readingOrder {index:71;}">
                <Coords points="854,3059 1914,3095 2092,3085 2094,3031 855,3017"/>
                <Baseline points="862,3055 923,3056 984,3056 1045,3057 1106,3058 1167,3059 1228,3061 1290,3062 1351,3063 1412,3064 1473,3065 1534,3066 1595,3067 1656,3069 1718,3070 1779,3071 1840,3073 1901,3074 1962,3076 2023,3077 2085,3079"/>
                <TextEquiv>
                    <Unicode>willfahrt schließlich dem Flehen des Kranken und holt den</Unicode>
                </TextEquiv>
            </TextLine>
            <TextLine id="r1l73" custom="readingOrder {index:72;}">
                <Coords points="852,3095 1870,3134 2090,3131 2091,3083 852,3066"/>
                <Baseline points="860,3098 921,3099 982,3101 1043,3102 1104,3104 1165,3105 1226,3106 1287,3107 1348,3108 1409,3109 1471,3110 1532,3111 1593,3112 1654,3113 1715,3114 1776,3115 1837,3115 1898,3116 1959,3117 2020,3118 2082,3119"/>
                <TextEquiv>
                    <Unicode>Dichter. Inzwischen aber erfahren wir den Grund, warum</Unicode>
                </TextEquiv>
            </TextLine>
            <TextLine id="r1l74" custom="readingOrder {index:73;}">
                <Coords points="846,3135 1996,3163 2097,3198 2099,3131 847,3098"/>
                <Baseline points="854,3137 915,3138 977,3140 1039,3141 1101,3143 1163,3144 1224,3146 1286,3148 1348,3151 1410,3153 1472,3155 1533,3157 1595,3158 1657,3160 1719,3161 1781,3163 1842,3163 1904,3164 1966,3164 2028,3164 2090,3163"/>
                <TextEquiv>
                    <Unicode>der Sterbende diese letzte Begegnung ersehnt hat. Nicht um</Unicode>
                </TextEquiv>
            </TextLine>
            <TextLine id="r1l75" custom="readingOrder {index:74;}">
                <Coords points="853,3187 2088,3198 1996,3162 854,3148"/>
                <Baseline points="861,3180 921,3183 982,3185 1043,3187 1104,3189 1165,3191 1226,3193 1287,3194 1348,3195 1409,3197 1470,3198 1530,3199 1591,3200 1652,3201 1713,3202 1774,3203 1835,3204 1896,3205 1957,3207 2018,3208 2079,3210"/>
                <TextEquiv>
                    <Unicode>ihm noch einmal die Hand zu drücken, sondern um ein einziges</Unicode>
                </TextEquiv>
            </TextLine>
            <TextLine id="r1l76" custom="readingOrder {index:75;}">
                <Coords points="850,3233 2031,3267 2085,3217 851,3188"/>
                <Baseline points="857,3230 921,3230 985,3231 1049,3232 1113,3234 1177,3235 1241,3237 1306,3238 1370,3240 1434,3241 1498,3242 1562,3244 1626,3245 1691,3247 1755,3248 1819,3249 1883,3249 1947,3250 2011,3251 2076,3251"/>
                <TextEquiv>
                    <Unicode>Mal all den Haß ihm ins Gesicht zu schreien, mit dem ihn</Unicode>
                </TextEquiv>
            </TextLine>
            <TextLine id="r1l77" custom="readingOrder {index:76;}">
                <Coords points="850,3289 2066,3314 2080,3250 851,3236"/>
                <Baseline points="859,3274 919,3275 980,3275 1040,3276 1101,3277 1162,3278 1222,3279 1283,3281 1343,3282 1404,3284 1465,3285 1525,3287 1586,3288 1646,3290 1707,3291 1768,3293 1828,3294 1889,3295 1949,3296 2010,3297 2071,3297"/>
                <TextEquiv>
                    <Unicode>sein Leben, das Leben eines stets Erfolgverlassenen, gegen den</Unicode>
                </TextEquiv>
            </TextLine>
            <TextLine id="r1l78" custom="readingOrder {index:77;}">
                <Coords points="842,3337 2079,3361 2080,3310 843,3278"/>
                <Baseline points="850,3317 911,3319 972,3321 1033,3322 1094,3324 1155,3325 1216,3327 1277,3328 1338,3329 1399,3330 1461,3331 1522,3332 1583,3333 1644,3334 1705,3335 1766,3335 1827,3337 1888,3338 1949,3339 2010,3340 2072,3341"/>
                <TextEquiv>
                    <Unicode>erfolgreichen einstigen Freund erfüllt hat und vor Allem,</Unicode>
                </TextEquiv>
            </TextLine>
            <TextLine id="r1l79" custom="readingOrder {index:78;}">
                <Coords points="841,3375 2002,3399 2083,3386 2084,3345 841,3338"/>
                <Baseline points="849,3361 910,3364 971,3366 1032,3368 1094,3369 1155,3371 1216,3372 1278,3373 1339,3374 1400,3375 1462,3376 1523,3376 1584,3377 1645,3377 1707,3378 1768,3379 1829,3380 1891,3381 1952,3383 2013,3384 2075,3386"/>
                <TextEquiv>
                    <Unicode>um ihm zu sagen, daß der Verachtete und von ihm</Unicode>
                </TextEquiv>
            </TextLine>
            <TextLine id="r1l80" custom="readingOrder {index:79;}">
                <Coords points="838,3401 1963,3447 2060,3435 2089,3372 838,3388"/>
                <Baseline points="845,3403 906,3406 968,3408 1030,3410 1091,3412 1153,3414 1215,3415 1276,3417 1338,3418 1400,3419 1462,3420 1523,3421 1585,3422 1647,3422 1708,3423 1770,3424 1832,3425 1893,3426 1955,3427 2017,3429 2079,3430"/>
                <TextEquiv>
                    <Unicode>in den Hintergrund Gedrängte, zwei Jahre die Gattin</Unicode>
                </TextEquiv>
            </TextLine>
            <TextLine id="r1l81" custom="readingOrder {index:80;}">
                <Coords points="836,3450 2083,3483 2070,3427 1077,3438 837,3400"/>
                <Baseline points="844,3450 905,3452 967,3454 1028,3455 1090,3457 1151,3458 1213,3460 1274,3461 1336,3462 1397,3463 1459,3465 1521,3466 1582,3467 1644,3468 1705,3469 1767,3470 1828,3471 1890,3471 1951,3472 2013,3473 2075,3474"/>
                <TextEquiv>
                    <Unicode>des eitlen Mannes zur Geliebten gehabt hat; um ihm</Unicode>
                </TextEquiv>
            </TextLine>
            <TextLine id="r1l82" custom="readingOrder {index:81;}">
                <Coords points="844,3499 2076,3539 2077,3480 845,3453"/>
                <Baseline points="852,3498 912,3499 973,3500 1034,3502 1095,3503 1156,3504 1217,3505 1277,3506 1338,3507 1399,3507 1460,3508 1521,3509 1582,3509 1643,3510 1703,3511 1764,3512 1825,3513 1886,3514 1947,3515 2008,3516 2069,3518"/>
                <TextEquiv>
                    <Unicode>zu sagen, wie nichtig in Wahrheit das Leben des berühmten</Unicode>
                </TextEquiv>
            </TextLine>
            <TextLine id="r1l83" custom="readingOrder {index:82;}">
                <Coords points="844,3538 2056,3575 2071,3535 844,3504"/>
                <Baseline points="852,3539 912,3541 973,3542 1033,3544 1094,3545 1154,3546 1215,3547 1275,3548 1336,3549 1396,3550 1457,3551 1517,3552 1578,3553 1638,3554 1699,3555 1759,3556 1820,3557 1880,3559 1941,3561 2001,3563 2062,3565"/>
                <TextEquiv>
                    <Unicode>Mannes gewesen. Die Art, wie wir diese Geschichte erfahren,</Unicode>
                </TextEquiv>
            </TextLine>
            <TextLine id="r1l84" custom="readingOrder {index:83;}">
                <Coords points="835,3594 2034,3621 2075,3578 836,3528"/>
                <Baseline points="844,3580 905,3582 966,3584 1027,3586 1088,3587 1149,3589 1210,3590 1271,3592 1332,3593 1393,3594 1455,3595 1516,3596 1577,3597 1638,3598 1699,3599 1760,3600 1821,3601 1882,3602 1943,3603 2004,3604 2066,3605"/>
                <TextEquiv>
                    <Unicode>ist wiederum rein theatralisch: ein Leidensgenosse im Spital,</Unicode>
                </TextEquiv>
            </TextLine>
            <TextLine id="r1l85" custom="readingOrder {index:84;}">
                <Coords points="844,3635 2006,3665 2070,3655 2071,3612 844,3597"/>
                <Baseline points="851,3628 911,3629 972,3630 1032,3631 1093,3632 1154,3633 1214,3634 1275,3635 1335,3637 1396,3638 1457,3639 1517,3640 1578,3642 1638,3643 1699,3645 1760,3646 1820,3648 1881,3649 1941,3651 2002,3652 2063,3654"/>
                <TextEquiv>
                    <Unicode>der Schauspieler ist, fordert den Sterbenden auf, vor ihm</Unicode>
                </TextEquiv>
            </TextLine>
            <TextLine id="r1l86" custom="readingOrder {index:85;}">
                <Coords points="842,3680 2076,3698 2074,3649 843,3635"/>
                <Baseline points="849,3672 913,3672 977,3672 1041,3673 1105,3674 1169,3675 1233,3677 1298,3679 1362,3680 1426,3683 1490,3684 1554,3686 1618,3688 1683,3690 1747,3691 1811,3693 1875,3694 1939,3694 2003,3694 2068,3694"/>
                <TextEquiv>
                    <Unicode>quasi eine Generalprobe der großen Abrechnung abzuhalten,</Unicode>
                </TextEquiv>
            </TextLine>
            <TextLine id="r1l87" custom="readingOrder {index:86;}">
                <Coords points="840,3715 2082,3759 2083,3721 2020,3704 841,3680"/>
                <Baseline points="848,3711 909,3712 970,3714 1031,3716 1093,3718 1154,3720 1215,3722 1277,3724 1338,3725 1399,3727 1461,3729 1522,3731 1583,3732 1644,3734 1706,3735 1767,3736 1828,3738 1890,3739 1951,3740 2012,3740 2074,3741"/>
                <TextEquiv>
                    <Unicode>und der Sterbende geht auf den Vorschlag ein, denn er</Unicode>
                </TextEquiv>
            </TextLine>
            <TextLine id="r1l88" custom="readingOrder {index:87;}">
                <Coords points="834,3758 2006,3800 2066,3797 2068,3755 835,3713"/>
                <Baseline points="842,3755 902,3757 963,3759 1024,3761 1085,3763 1146,3765 1207,3767 1267,3768 1328,3770 1389,3771 1450,3773 1511,3774 1572,3776 1633,3777 1693,3779 1754,3780 1815,3781 1876,3783 1937,3784 1998,3785 2059,3786"/>
                <TextEquiv>
                    <Unicode>fürchtet, daß vielleicht seine Kräfte nicht ausreichen könnten.</Unicode>
                </TextEquiv>
            </TextLine>
            <TextLine id="r1l89" custom="readingOrder {index:88;}">
                <Coords points="840,3807 1948,3842 2062,3796 840,3765"/>
                <Baseline points="848,3803 908,3804 968,3806 1028,3808 1089,3809 1149,3811 1209,3812 1270,3813 1330,3815 1390,3817 1451,3818 1511,3819 1571,3820 1631,3821 1692,3823 1752,3824 1812,3824 1873,3825 1933,3825 1993,3825 2054,3825"/>
                <TextEquiv>
                    <Unicode>Als nun der Langerwartete eintritt und sich in all seiner</Unicode>
                </TextEquiv>
            </TextLine>
            <TextLine id="r1l90" custom="readingOrder {index:89;}">
                <Coords points="836,3843 2059,3880 1982,3829 836,3799"/>
                <Baseline points="844,3840 904,3844 964,3847 1025,3850 1085,3852 1145,3854 1206,3856 1266,3857 1326,3858 1387,3859 1447,3860 1507,3861 1568,3862 1628,3862 1688,3863 1749,3864 1809,3864 1869,3865 1930,3867 1990,3867 2051,3869"/>
                <TextEquiv>
                    <Unicode>inneren Nichtigkeit zeigt, mit leerem, konventionellem, heuchle¬</Unicode>
                </TextEquiv>
            </TextLine>
            <TextLine id="r1l91" custom="readingOrder {index:90;}">
                <Coords points="842,3894 2068,3939 2069,3872 843,3847"/>
                <Baseline points="850,3886 910,3889 971,3892 1031,3895 1092,3898 1152,3900 1213,3902 1273,3904 1334,3905 1394,3907 1455,3908 1515,3909 1576,3910 1636,3911 1697,3912 1757,3913 1818,3913 1878,3914 1939,3915 1999,3915 2060,3916"/>
                <TextEquiv>
                    <Unicode>rischem Geschwätz die Zeit hinbringt, da geht mit dem</Unicode>
                </TextEquiv>
            </TextLine>
            <TextLine id="r1l92" custom="readingOrder {index:91;}">
                <Coords points="821,3951 1610,3984 2052,3978 2065,3938 1105,3925 822,3875"/>
                <Baseline points="828,3937 889,3939 950,3941 1012,3944 1073,3945 1135,3947 1196,3948 1258,3950 1319,3952 1381,3953 1442,3954 1503,3955 1565,3956 1626,3957 1688,3958 1749,3960 1811,3961 1872,3961 1934,3963 1995,3964 2057,3965"/>
                <TextEquiv>
                    <Unicode>Sterbenden eine große Wandlung vor: was hat er</Unicode>
                </TextEquiv>
            </TextLine>
            <TextEquiv>
                <Unicode>ehdennenhen Seschetnen anshchuene uen enennune e enetene
für eine flüchtige, aber starke erotische Leidenschaft zu einem
hübschen Jüngling, mit dem sie innerlich nichts verbindet, zu
dem sie nur ein heißes sinnliches Verlangen zieht. Das ist
der psychologische, besser pathologische Fall, den Schnitzler
„demonstrirt“.
Und
zwar mit raffinirt theatralischen
Mitteln. Vor einem anonymen Renaissancegemälde in
der Gemäldegallerie, „Die Frau mit dem Dolche“ treffen sich
Paula und ihr Geliebter Leonard. Er hat ihr die seltsame
Aehnlichkeit zwischen ihr und dem rothhaarigen Räthselreibe
des Gemäldes zeigen wollen, und er hofft heute endlich von¬
ihr Erhörung. Aber Paula sieht nicht nur die Aehnlichkeit,
nein, sie fühlt plötzlich, daß sie selbst diese Frau mit dem
Dolche ist, und es erwacht in ihr, während Leonard ihr mit
wilden Worten seine Leidenschaft gesteht, etwas wie eine Er¬
innerung aus einem früheren Leben, und plötzlich werden ihre
Phantasiegestalten Werlichkeit: die Bühne verdunkelt sich, und,
als es wieder hell wird, sind wir in ein Schloßgemach der
Renaissancezeit versetzt und erleben die Geschichte der „Fran
mit dem Dolche“. Paola, des großen Malers Remigio schönes
Weib, hat sich in der Abwesenheit ihres vergötterten Gatten,
in einem Augenblicke des sinnlichen Rausches dem jungen Maler
Lionardo ergeben. Nun der Rausch vorüber, ist er ihr nicht
mehr als ein zerbrochenes Spielzeug, und ihre Seele jauchzt
dem endlich heimkehrenden Gatten zu. Vergeblich alles Flehen
und heiße Drängen Lionardos, vergeblich sein Drohen, als sie
ihn verächtlich bei Seite stößt, sich zu tödten. Es ist Tag ge¬
worden, die Nacht ist dahin, und sie weist ihm, der letzten Er¬
innerung an die Nacht, die Thüre. Er aber, dessen
ganzes Leben damit zerstört ist, bleibt und wünscht sich nur
den Tod von Remigios Hand. Diesen jedech lößt das Ge¬
ständniß, das ihm Lionardo entgegenschleudert, kalt. #r# leht
in einem anderen Leben, zu dem Lionardo keinen Zutritt hat,
und hochmüthig heißt er ihn gehen. Lionardo tobt und rast,
aber nichts reizt den Künstler Remigio; auch als Lionardo
nun jäh seine Stimmung wechselt und in glühendem Haß
ihn zu tödten schwört, bleibt Remigio unbewegt. Paola
aber bebt in tödlicher Angst vor Lionardos That, und in dem
Aufruhr ihrer Gefühle ergreift sie den Dolch und stößt ihm
Lionardo, der sich eben zum Gehen gewendet, mit wilder
Kraft ins Herz. Und Remigio? Für ihn bedeuet dieser
Moment die endliche Inspiration für Paolas Bild, das er##
begonnen, aber bis dahin nicht hat vollenden sönnen. Hier
liegen seine „lebendigen Stunden“ ... Das ist die Geschichte
von Paola und Lionardo, die vor Jahrhunderten sich zu¬
getragen, und das wird auch die Geschichte von Paula und
Leonard werden; denn als Paula aus ihrem weltentrückten
Sinnen wieder erwacht und sich wieder in der Bildergallerie
und Leonards heißem Drängen gegenüber findet, da gewährt
sie ihm, dem sie noch eben aufs Nimmerwiedersehen hat Lebe¬
wohl sagen wollen, mit einem räthselhaften Blick seine heiße
Bitte. Sie wird in der Nacht zu ihm kommen, es soll die
letie Nacht sein, bevor sie mit
dem Gatten die Stadt
verläßt,
wird Leonards
letzte Nacht werden.
Pauias Gatten lernen wir nur
in der Traumgestalt
des Remigio und aus der Schilderung Leonards
kennen: er ist ein Künstler wie Remigio, dem die
Gabe geworden ist, seine Seelenerlebnisse im Kunstwerk zu
objektiviren. Doch tritt, wie gesagt, dieses Motiv mehr in den
Hintergrund.
Menschlich am einfachsten und deshalb am meisten un¬
mittelbar packend ist das dritte Siück „Die letzten
Masken“. Die Szene ist in einem Spital. Ein Sterben¬
der äußert den dringenden Wunsch, noch ein Mal einen früheren
Freund, dem berühmten Dichter Weihgast, zu sehen. Der Arzt
willfahrt schließlich dem Flehen des Kranken und holt den
Dichter. Inzwischen aber erfahren wir den Grund, warum
der Sterbende diese letzte Begegnung ersehnt hat. Nicht um
ihm noch einmal die Hand zu drücken, sondern um ein einziges
Mal all den Haß ihm ins Gesicht zu schreien, mit dem ihn
sein Leben, das Leben eines stets Erfolgverlassenen, gegen den
erfolgreichen einstigen Freund erfüllt hat und vor Allem,
um ihm zu sagen, daß der Verachtete und von ihm
in den Hintergrund Gedrängte, zwei Jahre die Gattin
des eitlen Mannes zur Geliebten gehabt hat; um ihm
zu sagen, wie nichtig in Wahrheit das Leben des berühmten
Mannes gewesen. Die Art, wie wir diese Geschichte erfahren,
ist wiederum rein theatralisch: ein Leidensgenosse im Spital,
der Schauspieler ist, fordert den Sterbenden auf, vor ihm
quasi eine Generalprobe der großen Abrechnung abzuhalten,
und der Sterbende geht auf den Vorschlag ein, denn er
fürchtet, daß vielleicht seine Kräfte nicht ausreichen könnten.
Als nun der Langerwartete eintritt und sich in all seiner
inneren Nichtigkeit zeigt, mit leerem, konventionellem, heuchle¬
rischem Geschwätz die Zeit hinbringt, da geht mit dem
Sterbenden eine große Wandlung vor: was hat er</Unicode>
            </TextEquiv>
        </TextRegion>
        <TextRegion orientation="0.0" id="r2" custom="readingOrder {index:1;}">
            <Coords points="2675,4081 2675,4234 2863,4234 2863,4081"/>
            <TextLine id="r2l1" custom="readingOrder {index:0;}">
                <Coords points="2668,4213 2722,4216 2735,4209 2766,4216 2818,4186 2835,4198 2871,4195 2871,4143 2789,4130 2759,4138 2730,4134 2696,4154 2668,4151"/>
                <Baseline points="2675,4183 2701,4183 2728,4183 2755,4183 2782,4184 2809,4184 2836,4183 2863,4181"/>
                <TextEquiv>
                    <Unicode>eriug </Unicode>
                </TextEquiv>
            </TextLine>
            <TextEquiv>
                <Unicode>eriug </Unicode>
            </TextEquiv>
        </TextRegion>
        <TextRegion orientation="0.0" id="r3" custom="readingOrder {index:2;}">
            <Coords points="3022,4080 3022,4231 3314,4231 3314,4080"/>
            <TextLine id="r3l1" custom="readingOrder {index:0;}">
                <Coords points="3015,4188 3321,4192 3321,4126 3290,4123 3252,4140 3156,4134 3080,4152 3015,4140"/>
                <Baseline points="3022,4181 3048,4180 3075,4180 3101,4180 3128,4180 3154,4180 3181,4180 3207,4180 3234,4180 3260,4180 3287,4180 3314,4180"/>
                <TextEquiv>
                    <Unicode>en P n</Unicode>
                </TextEquiv>
            </TextLine>
            <TextEquiv>
                <Unicode>en P n</Unicode>
            </TextEquiv>
        </TextRegion>
    </Page>
</PcGts>
