3392 4224
2071 187 2528 296 box 21/4
264 185 1919 301 16. 1. Lehendige Stunden Zuklus
896 1084 1373 1183 Telephon 12801.
2373 1138 2833 1247 Telephon 12801.
530 1174 1736 1264 Alex. Welgl’'s Unternehmen für Zeitungs-Aussohnitte
1991 1227 3216 1335 Alex. Welgl’s Unternehmen für Zoitungs-Aussohnitte
1350 1250 1675 1370 Dee Ausschnltt
498 1272 1377 1395 (9106 „OBSEHYE
1523 1302 1791 1404 Nr. 21
1937 1296 2206 1423 log
2199 1309 3158 1453 „OBSERWEP“ Wem
2998 1357 3262 1463 Nr. 25
415 1381 1839 1444 I. österr. behördl. oonc. Bureau für Zeitungsberichte u. Personalnachrichte
1881 1435 3317 1529 I. österr. behördl. conc. Bureau für Zeitungsberichte u. Personalnachrichten
673 1447 1593 1517 Wien, I., Concondiaplatz 4.
417 1507 1830 1583 Vertretungen in Berlin, Budapest, Chicago, Genf, London, Newyork, Paris, Ron
2147 1511 3071 1581 Wien, I., Concondiaplatz 4.
779 1564 1493 1634 Stockholm, Kristiania, St. Petersburg.
1891 1586 3315 1657 Vertretungen in Berlin, Budapest, Chicago, Genf, London. Newyork, Peris, Rom.
2252 1616 2968 1698 Stockholm, Restgi St Pettr
2644 1623 3208 1735 V ISEeH, Wien
400 1677 945 1782 Ausschnitt aus:
1868 1727 2403 1837 Ausschnitt aus:
1107 1733 1767 1867 Wiener Salonblatt
408 1812 999 1930 vom: 2/##002
1889 1883 2087 1969 vom:
2241 1892 2507 2010 778
3057 2027 3285 2127 PUr
737 1951 1445 2140 T Theaterwoche.
1988 2108 3271 2199 * Arthur Schnitzler hat für seinen Einakter-Cyklus
600 2076 1724 2214 er Einakter=Zyklus „Lebendige Stunden“ von Arthur
425 2100 537 2202 66
1925 2177 3267 2248 -Lebendige Stundens den Bauernfeld-Preis erhalten.
551 2109 1715 2266 J Schnitzler, wohl noch frisch in Erinnerung von
428 2159 1715 2303 222 dem letzten Gastspiele des Berliner Deutschen Theaters
1919 2214 3258 2289 Darin liegt eine gerechte Würdigung der eminenten
581 2231 1719 2366 her, wurde Samstag mit gleich starkem Erfolge wie
1915 2270 3261 2343 dichterischen Begabung Schnitzlers, welche gerade in
403 2272 1712 2403 damals, aber sagen wir es offen, in besserer Darstellung im
1919 2325 3259 2395 diesem Werke so charakteristischen Ausdruck findet. Der
402 2313 1714 2464 Deutschen Volkstheater aufgeführt. „Die Frau mit
1916 2375 3260 2455 Cyklus, der im Vorjahre bercits durch das Ensemble des
393 2362 1711 2509 dem Dolche“ hatte in ihren drei Rollen drei Meisterleistungen
1924 2413 3248 2493 Berliner Deutschen Theaters am hiesigen Carl-Theater
398 2409 1702 2551 aufzuweisen, diese schufen Frl. Sandrock, Herr Kramer
1926 2466 3244 2525 gespielt wurde, ist nun auch am Deutschen Volks¬
399 2468 1698 2595 und Herr Eppens. In den „Letzten Masken“ war Herr Weisse
1916 2512 3254 2605 theater zur Erstaufführung gelangt und hat auch dort
393 2521 1689 2639 als Sterbender, der sich noch einmal rächen will, oder besser ge¬
1919 2566 3250 2645 mächtig gewirkt. Die Darstellung lag in bewährten Händen;
401 2556 1825 2711 sagt überhaupt zum erstenmale — von außerordentlicher Wirkung. geive
1917 2598 3272 2678 es haben sich um sie besonders Fräulein Sandrock so¬
390 2611 1678 2743 Herr Brandt als tuberkuloser, dem Tode geweihter Schau¬
1921 2665 3255 2738 wie die Herren Direktor Weiße, Kutschera, Kramer
1681 2697 1787 2748 rt0.
388 2658 1680 2800 spieler, der aber noch voll Schnurren steckt, tat uns weh, brachte
1920 2711 2723 2800 und Brandt verdient gemacht. X
1691 2728 1804 2784 Ibar
387 2710 1680 2821 uns aber dennoch zum Lachen. Eine originell großartige Auf¬
3102 2744 3170 2801 —1 0
1689 2774 1832 2833 Voram
2943 2747 3059 2829 50.—
1987 2749 2100 2826 200
385 2745 1669 2887 fassung seiner Rolle. In „Literatur“ brillierte Herr Kutschera
2921 2791 3264 2866 110.— Zahlbar
1981 2812 2093 2864 500
1682 2823 1726 2893 19
371 2803 1677 2939 als hypermoderner, sich mit gewaltiger Stimme und übergewal¬
2925 2822 3307 2913 200.— im Voraus.
1964 2853 2111 2931 1000
1682 2879 1825 2957 es de
367 2841 1692 2985 tigem Temperamente auslebender Dichterling. Frl. Sandrock
2011 2903 3308 2957 Im Gegensatze zu anderen Bureaux für Zeitungsausschnitte ist das
367 2890 1676 3016 trifft den Lustspielton hier erst, nachdem sie ein wenig zu possen¬
2948 2948 3308 2999 auch steht es den
1892 2938 2910 2990 Abonnement durch keine bestimmte Zeitdauer begrenzt;
1882 2983 3199 3057 Abonnenten frei die aufgege#en Themen zu ergänzen oder zu ändern.
359 2937 1662 3078 haft geworden. Muß sie Klemens Klöööbömens aussprechen?
1665 2969 1822 3060 and d
360 3001 1665 3117 Über das Schauspiel „Lebendige Stunden“, das der Dichter wohl
1673 3046 1819 3106 rge
2007 3048 3271 3109 Der „OBSERVER“ veranstaltet täglich einen Auszug enthaltend di
357 3044 1656 3179 mit verständiger Einsicht als ersten der vier Einakter aufführen
1665 3088 1814 3140 eitung!
1658 3104 3245 3171 haftliehAuhaltsangabe aller wichtigen Mittheilungen der Wiener Morgo
350 3078 1663 3218 kläßt, haben wir am wenigsten zu sagen. Nur das eine, daß uns
1944 3152 3208 3199 14#ter (Tagesjournale ausser „Neue Freie Presse“ und Wiener Zeitt
1662 3158 1833 3240 lese 111
350 3138 1650 3269 Herr Martinelli diesmal zum erstenmale nicht gefiel. Doch
1923 3192 3133 3233 wodurch eine U# versicht über das gesammte politische und wirths
344 3172 1655 3313 das ist wohl der Jehler des Spielleiters. Die Rolle des pensio¬
2066 3223 3110 3270 s In- und Auslandes in drastischer Kürze geboten wird.
1910 3229 2908 3343 theilungen werden in Wien um 9 Uhr Früh verschickt.
345 3237 1661 3375 nierten hohen Beamten liegt dem sonst so ausgezeichneten Künstler
339 3278 680 3356 eben gar nicht.
2217 3317 2988 3416 Prospecre gratis und franco.
