3484 4224
1954 181 2436 286 box 21/5
283 187 1956 286 16.1. Lebendige Stunden Zyklus
1883 483 2285 593 ng  00ah
1227 473 2242 635 eschnlt un Aitat selte untectung
1239 586 1399 641 vom:
1607 589 1699 652 25
1676 596 1905 708 S
1481 784 1956 872 Lebendige Stunden.
1226 820 2125 946 Vier Akte von Arthur Schnitzler.=
1225 904 2302 1013 Zum ersten Male Samsrag den 21. März. Nicht
1129 958 2290 1049 zufällig sind vom Autor die vier Einakter neben¬
1135 1039 2290 1098 einander gereiht worden, eine gemeinsame Idee ist für
1150 1085 2289 1145 alle Stücke der Bindfoden, der allerdings oft verwor¬
1146 1126 2297 1179 ren wird und dem Pablikum viel Mühe mit der Lö¬
1142 1159 2298 1223 sung des Knotens schafft. Lebendig sind sie Stauden
1134 1219 2301 1289 des vollen Miterlebeis des Geschehenen, wobei es nicht
1144 1259 2290 1333 auf das bloße Miterleben ankommt, sondern auf die
1147 1305 2294 1393 Art: das künstlerische Vollempfinden ist das Wesens¬
1133 1357 2287 1430 reiche. Im ersten Einakter steht ein alter Mann, dem
1138 1398 2295 1479 die Freundin und Geliebte starb, derem Sohne gegen¬
1139 1451 2284 1520 über. Während der Alte den Schmerz nach der Ver¬
1139 1504 2288 1581 storbenen als kostbares Vermächtnis hütet, geht des
1127 1558 2290 1620 Jungen Streben dahin, des Leides bald Herr zu wer¬
1128 1592 2285 1674 den, um in seinem künstlerischen Schaffen nicht gestört
1128 1644 2279 1727 zu sein. Das drängt den alten Mann, dem Sohne
1131 1709 2284 1772 mitzuteilen, daß die Mutter für ihn gestorben ist, um
1123 1743 2286 1816 seinen Lebensweg nicht zu belasten. Der junge Künst¬
1131 1792 2287 1878 ler ist anfangs niedergeschmettert, doch die Schaffens¬
1124 1835 2281 1900 freude hebt ihn wieder zum neuen Leben und Kämpfen
1124 1891 1306 1960 empor.
1224 1916 2284 2014 „Die Frau mit dem Dolch“ gehört der geheimen
1126 1984 2285 2049 Wissenschaft des Spiritismus und der Seelen=Wan¬
1122 2031 2291 2091 derung an. Der Anblick eines ihr ährelnden Bildes
1125 2092 2274 2163 läßt Frau Paula in die Vergangenheit dringen und
1137 2132 2286 2209 sie alles das miterleben, was Donna Paola, ihre
1130 2183 2275 2254 Seelenträgerin in der Vergangenheit mit dem Jüng¬
1123 2222 2282 2309 ling Lionardo getan hat. Das übt den magischen
1118 2283 2273 2361 Zauber auf sie aus, ihrem nun erkannten Ich getreu zu
1124 2334 2283 2410 werden und das heiße Flehen des Jünglings, der in
1122 2367 2279 2436 der Gegenwart um sie wirbt, zu erhören. Dem
1120 2417 2291 2514 Problem entsprechend stellt der Autor die Gestalten
1120 2465 1799 2540 nur schattenhaft auf die Bühne.
1211 2503 2271 2572 Das hervorragendste Stück sind „Die letzten Mas¬
1119 2561 2285 2640 ken“. Ein sterbender Journalist, den das Leben nur
1118 2615 2281 2689 entbehren ließ und schließlich in das Armenspital ge¬
1117 2672 2288 2738 worfen hat, will noch knapp vor dem Tode das Gefühl
1117 2696 2271 2778 der Rache kennen lernen und dem empor gekommenen
1117 2751 2270 2842 Lebensgegner seinen Seelenreichtum offenbaren und
1118 2809 2270 2873 ihn so in den Staub drücken. Doch wie sehr er auch
1117 2858 2270 2917 alles dies vorher mitgefühlt hat, als die große Stunde
1116 2911 2272 2983 kommt, schweigt er und stirbt in der Erkenntnis, daß
1117 2957 2278 3043 das reale Leben doch etwas anderes sei, als unsere Ge¬
1118 2999 1361 3066 fühlswelt.
1210 3052 2282 3122 Das vierte Stück „Literatur“ ist eine äußerst
1119 3102 2271 3171 witzige und scharfe Persiflage des Kaffeehausliteraten¬
1103 3156 2273 3217 tums, dem die Poesie nur zum Berauschen am eigenen
1110 3197 2263 3268 Ich dient; als dessen Vertreter wird eine ins Bürger¬
1112 3246 2271 3312 liche zurückgekehrte Bohemienne und ihr ehemaliger
1116 3283 2264 3374 Geliebter gestellt, als Kontrast dient ein überkorrekter
1117 3336 1360 3402 Aristokrat.
1204 3358 2258 3457 In allen vier Akten zeigt sich Schnitzler als
1107 3434 2260 3509 Meister des zwanglosen Dialogs, der leichthin, frei und
1118 3479 2263 3571 formlos eine feine Analyse der Seelenzustände zu ver¬
1123 3529 1417 3600 mitteln weiß.
1210 3570 2267 3653 Von den Darstellern sind hervorgehoben: Herr
1112 3632 2287 3687 Egerer (Rademacher) gab den sterbenden Journa¬
1116 3671 2252 3741 listen mit packendem Realismus, den Gilbert mit hu¬
1122 3723 2258 3777 morvoller Nonchalance. Herr Hennig als Schau¬
1116 3772 2256 3827 spieler Jackwerth und als Chemens bot gediegene Lei¬
1113 3827 2253 3889 stungen der Charakterkomik. Den Herren Döring
1110 3867 2269 3929 (Heinrich) und Hofstädter (Hausdorfer) paßt das.
1109 3910 2272 4005 lyrische Element ganz und gar nicht; als Leonhard.
1114 4051 2267 4149 wußte ersterer sein starkes Pathos nicht maßvoll genug
1128 4101 1440 4157 zu verwenden.
1614 4122 1667 4155 „
