3484 4320
1369 96 1921 150 Sich all in ein einzig Wort,
1363 140 2004 207 Das gäb' ich den lustigen Winden,
1370 179 1893 254 Sie trügen es lustig fort.
1182 225 2073 305 Und wie sagt Marie Ebner=Eschenbach so sehön?
1331 296 2071 341 Ein kleines Lied, — wie geht's nur an,
1324 329 1930 399 Daß es uns so erfreuen kann?
1315 383 1907 450 Was liegt darin? Erzähle! —
1321 431 1951 497 Es liegt darin ein wenig Klang,
1320 489 1986 541 Ein wenig Wohllaut und Gesang
1319 537 1854 589 Und eineganze Seele.
1274 545 2255 642 Die ganze Seele mit ihrem großen, geheimen Leben,
1185 622 2260 693 mit den tausend Erlebnissen, die sich darin vollziehen, mit
1185 661 2259 747 den tausend Akten und Katastrophen, die darin vor sich
1191 723 2253 778 gehen. Und vielleicht ist es vom rein menschlichen Stand¬
1190 778 2263 819 punkte gar nicht so ungerecht, diese Umwertung des inneren
1199 818 2248 871 Lebens als eine Art von beneidenswerter oder bedauerns¬
1191 871 2258 934 werter Leichtlebigkeit zu bereichnen, die nicht unähnlich ist
1187 918 2259 969 jener, die im Schmerze Trost sucht im Champagnerkelche
1197 966 2262 1031 oder in der Schnapsflasche, die eine große, hoffnungslose
1196 1014 2258 1081 Liebe zu überwinden und zu ermorden imstande ist in den
1194 1069 2253 1132 Armen der Dirne ... Jawohl, jene Umwertung kann
1185 1113 2253 1161 etwas Großes oder etwas Verächtliches sein, — es kommt
1183 1159 2031 1213 auf den Menschen an, in dem sie sich vollzieht.
1294 1213 2255 1276 In den „lebenvigen Stunden“ zeigt der
1176 1240 2251 1312 Dichter an vier Fällen sowohl die Größe als auch die Ver¬
1177 1296 2247 1371 ächtlichkeit dieser Umwertung, — im ersten Akte läßt er es
1182 1355 2253 1424 sogar dem subjektiven Empfinden anheimgestellt, zwischen
1186 1396 2259 1470 Verächtlichkeit und Größe zu entscheiden. Denn wir zandern
1173 1459 2241 1515 und schwanken, ehe wir uns entscheiden, den Jüngling zu
1171 1505 2250 1564 beneiden oder zu beklagen, der das große Opfer seiner
1181 1544 2237 1625 Mutter annimmt, die sich selbst tötet, um ihrem Sohne die
1181 1600 2237 1665 Schaffensfreudigkeit wiederzugeben, die durch ihre lang¬
1182 1646 2248 1713 wierige Krankheit in mitleidende Unfruchtbarkeit versunken
1180 1683 2236 1751 war. Dem Lebenden gehört die Welt! Aber Anton Haus¬
1173 1750 2239 1809 dorfer, der Freund der bewunderungswürdigen Mutter, ist
1175 1786 2240 1853 der Meinung, daß eine Stunde des Lebens mehr werk
1179 1841 2251 1915 ist, als das schönste Gedicht. Wer wollte dieser schlichten
1175 1895 1962 1950 Meinung sein Herz so ganz verschließen?
1259 1938 2246 2006 „Die Frau mit dem Dolche“ ist eine litera¬
1167 1992 2245 2051 rische Bijoutterie von seltener Zartheit, die, um ganz aus¬
1168 2033 2245 2096 gekostet zu sein, von den feineren Nerven eines literarischen
1173 2076 2251 2139 Publikums ausgenommen sein will. Aus der Traumwelt
1174 2132 2245 2196 einer sensiblen Frau, die eben daran ist, der menschlichen
1180 2181 2242 2236 Bürde ihrer weiblichen Natur zu erliegen und einen Treu¬
1164 2214 2245 2301 bruch zu begehen, löst sich plötzlich ein Erlebnis auf trans¬
1181 2276 2246 2322 zendentalem Gebiete los. „Er“, mit dem sie eben die schiefe
1169 2328 2245 2389 Ebene betreten will, und „sie“ stehen in einem Museum
1166 2357 2239 2440 vor dem Bilde eines unbekannten Meisters: „die Frau mit
1170 2418 2241 2486 dem Dolche“ sieht ihr so merkwürdig ähnlich. Was deutet
1172 2458 2237 2538 die erhobene Hand, die den Dolch nach vollbrachter Tat
1169 2520 2236 2569 emporhält? So hat der unbekanite, vergessene Meister
1160 2575 2244 2630 dereinst seinen großen Schmerz um die Treulosigkeit seines
1174 2617 2231 2685 Weibes — umgewertet, so, in diesem grausam=schönen, ge¬
1175 2663 2234 2729 heimnisvollen Bilde, hat der Meister sein Weib verewigt,
1169 2708 2235 2771 als es den Geliebten einer schwachen Nacht ermordet hatte.
1164 2763 2248 2834 Sie liebte ihren Gatten, — und war doch schwach. Nun
1166 2818 2236 2879 war er zurückgekehrt, sie gestand und wöhlte zwischen dem
1165 2860 2242 2927 Leben ihres Geliebten und dem ihres Mannes durch den
1162 2914 2243 2972 Dolch. Und die junge, sensible, moderne Frau, die tief
1174 2968 2233 3030 versonnen vor jenem Bilde steht, kündigt plötzlich dem Ge¬
1159 2999 2243 3050 liebten die verhängnisvolle Schäferstunde an, — die mutige
1166 3048 2231 3113 Entschlossenheit der „Frau mit dem Dolche“ ist über sie ge¬
1168 3093 2231 3171 kommen . . . Sie wird sich dem Geliebten ergeben, heute
1165 3152 2227 3220 Nacht, sie kann nicht anders, sie handelt unter einem un¬
1164 3200 2230 3264 widerstehlichen Drange, — aber sie weiß: nach dieser Schä¬
1159 3236 2173 3310 ferstunde kommt das Schicksal, die Sintflut, der Dolch ..
1168 3302 2227 3368 Und doch geht sie zu ihm. Sie muß. Es ist ihr beschieden.
1153 3358 2229 3422 wie jener dort in dem goldenen Bilderrahmen des Mu¬
1157 3394 1357 3453 seums.
1237 3441 2221 3506 „Die letzten Masken“ hat Arthur Schnitzler in
1152 3458 2232 3560 Teplitz=Schönau vor dem Publikum des „Teplitz=Schönauer
1156 3544 2218 3610 Leseklubs“ selbst vorgelesen. Erinnern wir uns noch ein¬
1160 3595 2225 3660 mal an diese tief ergreifende Szene, in der uns der ideale
1159 3635 2214 3706 Realist in ein Gemach des Wiener allgemeinen Kranken¬
1146 3675 2228 3754 hauses führt. Ein Journalistenleben will dort gerade zu
1159 3730 2229 3785 Ende gehen. Der Journalist Rademacher hat viele Jahre
1163 3789 2212 3856 anderen Leuten gedient, den Ruhm anderer Leute verkün¬
1155 3834 2214 3910 digt, die Ueberzeugung anderer Leute verfochten. Journali¬
1153 3871 2223 3937 stenlos. Nun liegt er sterbend im Spitale, wie — Christus
1159 3939 2220 4003 am Kreuze, dem die schadenfrohe Menge cynisch zurief:
1134 3986 2214 4040 „Anderen hat er geholfen, sich selber kann er nicht hel¬
3077 4107 3253 4166 M PrkA
