3484 4320
2104 166 2570 261 box 21/2
302 180 1961 287 16.1. Lebendige Stunden zyklus
2132 316 2265 413 97
2298 317 2413 409 —
1819 318 1902 415 1
630 381 880 484 ecen
1822 399 3054 495 liches Kunststück. Beträchtlich höher stehen die beiden letzten Stücke
861 404 1520 507 Berliner Theaterbrief.
1821 468 3065 527 des Cyklus. „Die letzten Masken“, das werthvollste der vier
672 496 1747 558 (Originalbericht der „Dresdner Kunst= und Theaterzeitung“.)
1813 518 3065 593 Einakter, führt uns in ein Krankenhaus, in dem der Journalist
669 543 1820 615 Die erste Première im neuen Jahr schuf den glücklichsten
1812 572 3074 645 Rademacher im Sterben liegt. Vor seinem Tod möchte er seinen
576 614 1817 678 Theaterabend dieser an Enttäuschungen reichen Spielzeit: Arthur
1815 615 3062 689 einstigen Freund, den jetzt berühmten Schriftsteller Weihgast, noch
575 659 1822 719 Schnitzler, der melancholische und ironische Wiener Poet, der mit
1823 668 3058 719 einmal sehen, um ihm ins Gesicht zu schleudern, daß er ein Hohl¬
569 700 1818 760 einem milden, klugen Lächeln in die Tragikomödie des Lebens hinein¬
1817 706 3067 759 kopf, daß sein Ruhm Schwindel ist und daß seine Frau ihn
569 754 1818 820 blickt und mit weicher Hand kleine Bildchen aus ihr heraushebt,
1815 760 3062 822 betrogen hat. Als Weihgast dann aber kommt und alle seine klein¬
570 785 1817 847 errang mit seinem Einakter=Cyklus „Lebendige Stunden“ im
1827 800 3067 855 lichen Leiden und Sorgen auskramt, da schweigt der Sterbende.
576 842 1820 889 „Deutschen Theater“ einen starken, von Stück zu Stück wachsenden
1821 854 3065 919 Er hat erkannt: Wie armselig sind doch die Lebenden! Und was
577 889 1818 949 Erfolg. Und der Erfolg war verdient. Es ist nicht große, in die
1814 891 3070 953 gehen ihn, den dem Tode Geweihten, die Sorgen derer an, die
572 930 1825 982 Tiefen des Lebens hineinleuchtende Kunst, wie sie in Schnitzlers
1818 944 3071 1021 morgen noch auf der Welt sind? — Den drei ernsten Stücken
581 1001 1821 1048 „Schleier der Beatrice“ die Schwingen reckt, die er in seinen vier
1822 989 3066 1061 folgt ein überaus lustiges, „Litteratur“ betitelt. In den Szenen,
570 1027 1828 1082 Einaktern bietet; es ist eine geistreiche, in gefällige Form gekleidete
1814 1040 3063 1099 die sich da zwischen dem Sportbaron Clemens, seinem Schatz
565 1071 1820 1142 Kleinkunst nach Art der früheren Einakter Schnitzlers und seiner
1819 1092 3066 1149 Margarete und dem Schriftsteller Gilbert, der mit Margarete einst
576 1127 1814 1192 Anatol=Szenen, die gute Gedanken frisch gefaßt hat und mannig¬
1823 1136 3066 1190 sehr, sehr lebendige Stunden durchlebt hat, abspielen, funkelt und
577 1174 1815 1241 fache Anregung spendet. Ein und derselbe Grundgedanke hält
1821 1179 3067 1244 blitzt es von Witz und Grazie, und aller Spott, den ein moderner
581 1222 1822 1288 die vier kleinen Schauspiele lose zusammen; es giebt Stunden in
1814 1235 3052 1295 Dichter über die entarteten Genossen seiner Zunft, die Kaffeehaus¬
573 1270 1817 1337 unserem Dasein, die lebendig bleiben, auch wenn sie längst dahin¬
1820 1279 3070 1342 genies und die selbstgefälligen Helden der Bohème ausgießen kann,
574 1318 1823 1381 geflossen und die, mit denen wir sie verbracht, unserem Gesichts¬
1825 1319 3071 1382 rauscht hier in klingendem Geplätscher an unser Ohr und weckt
581 1360 1813 1415 kreis entschwunden sind; eines Tages wachen sie auf und drängen
1819 1362 3059 1425 behaglichstes Gelächter. „Litteratur" und „Die letzten Masken“.
578 1408 1192 1486 sich herrschend in unser Dasein.
1815 1415 3070 1478 gehören zu den besten Einaktern, die uns die letzten Jahrzehnte
676 1436 1816 1522 In dem ersten Einakter, dessen Titel der des ganzen Cyklus
1821 1464 3071 1534 beschert haben. Die Darstellung der „Lebendigen Stunden“ am
570 1500 1820 1562 wurde, wird das Thema besonders und allzu merkbar angeschlagen.
1831 1515 3062 1576 Deutschen Theater war vortrefflich; das Beste leisteten Bassermann,
574 1554 1815 1615 In der Erinnerung des alten Hausdorfer tauchen die Stunden auf,
1825 1551 2380 1628 Hanns Fischer und Rittner.
570 1608 1811 1665 die er mit der eben verstorbenen Mutter des jungen Dichters
1909 1580 3072 1675 So glücklich, wie das neue Jahr begann, so unglücklich schloß
578 1649 1816 1697 Heinrich verlebt hat; die Frau war sein einziger Kamerad und
1824 1637 3061 1711 das alte: mit einem regelmäßigen Theaterskandal. Er traf die
578 1695 1813 1750 Freund und mit ihrem Tod hat er alles verloren. Der junge
1826 1705 3069 1765 Eröffnungsvorstellung des „Trianon=Theaters“ unter seinem neuen
572 1741 1807 1814 Heinrich tritt dem Alter mit der Spannkraft der Jugend gegenüber;
1817 1749 3061 1793 Direktor Otto Julius Bierbaum. Bisher hatte das Trianon¬
567 1791 1819 1848 er preist sich glücklich, daß ihn sein Beruf als Dichter befähige,
1819 1789 3066 1866 Theater in einem Nebengebäude des alten Krollschen Theaters seine
570 1830 1811 1904 den vergangenen lebendigen Stunden Dauer zu verleihen über ihre
1824 1847 3064 1894 Unterkunft gehabt und sein Reportoir fast ausschließlich mit
578 1888 1812 1944 Zeit hinaus. — In dem zweiten Stück, „Die Frau mit dem Dolche“,
1812 1888 3068 1953 sogenannten „lebenden Liedern“ gefüllt, d. h. Liedern, die in ihrem
566 1929 1813 2003 rührt Schnitzler an das Problem der Seelenwanderung. Die junge
1821 1942 3074 1992 Inhalt entsprechenden Kostümen und unter mimischer Darstellung
575 1985 1816 2043 Frau Pauline, die mit ihrem Liebhaber in eine Gemäldegalerie flieht,
1819 1988 3074 2035 vorgetragen wurden. Jetzt hat man sich ein neues Theaterchen
577 2021 1827 2089 glaubt plötzlich, in dem alten Bilde einer Frau mit einem Dolche
1819 2029 3074 2085 in der Nähe der Linden eingerichtet und, um den Bretlleitern
577 2076 1814 2134 in der Hand sich zu erkennen. Und sie sinnt und sieht sich leben in
1812 2078 3070 2139 Wolzogen und Lilieneron einen Gegenpart bieten zu können, Bier¬
566 2108 1813 2182 der Zeit der Renaissance. Da heißt sie Paola und hat sich,
1819 2132 3066 2200 baum als Direktor berufen, dessen litterarischem Ehrgeiz lebende
574 2158 1818 2231 während ihr Gatte, ein Künstler, abwesend war, dem Lionardo
1817 2178 3067 2236 Lieder nicht genügten, sondern der den Hauptplatz allerlei gedanken¬
567 2209 1828 2300 hingegeben. Der Gemahl kehrt heim und sie gesteht ihm ihre
1811 2224 3072 2289 vollen und aparten Singspielen einräumen wollte. Und die
577 2264 1820 2312 Schuld; aber er lehnt es ab, den Schänder seiner Ehre zu strafen.
1820 2272 3066 2331 Eröffnung des neuen Trianon=Theaters fand statt, bevor noch die
559 2293 1826 2368 Da stößt Paola selbst Lionardo den Dolch in die Brust. Ihrem
1813 2309 3071 2378 Handwerker ihre Arbeit beendet hatten und ohne daß genügend
569 2347 1822 2419 Gatten aber giebt der Vorgang aun die Anregung zu einem Ge¬
1809 2365 3058 2425 Proben stattgefunden hatten und sie endete vor halbleerem Raum
565 2391 1817 2481 mälde, der „Frau mit dem Dolche". Frau Pauline wacht aus
1818 2401 3074 2454 unter Hohnlachen und lautem Ulk des Pul##kums. Den lebenden
567 2450 1810 2500 ihren Träumen auf und verabredet mit dem Liebhaber ein Stell¬
1820 2450 3072 2501 Liedern, die vorgetragen wurden, spendeteu# noch einigen Beifall.
579 2494 1814 2563 dichein. Schnitzler ist in diesen beiden ersten Einaktern stark im
1822 2496 3078 2565 Aber eine gedankenarme, geschwollene und langweilige „dramatische
569 2543 1816 2619 Abstrakten stecken geblieben; seine Gedanken haben keine plastische
1812 2548 3067 2614 Phantasie", „Die Dame vom Monde“, die die Vorstellung eröffnete,
567 2600 1817 2651 Form gewonnen und alles erscheint ziemlich konstruiert. Das
1811 2593 3072 2669 drückte die Stimmung sogleich verhängnisvoll herab, und als dann
573 2640 1819 2694 Zwischenspiel zudem, in dem Pauline und ihr Galan plötzlich als
1817 2644 3063 2704 ein von Bierbaum und Franz Blei zu einem dreiaktigen Sing¬
582 2685 1811 2765 Paola und Remigio erscheinen, ist nichts als ein gesucht absonder¬
1813 2686 3069 2772 spiel auseinandergezerrtes Andersensches Märchen von Neuem das
567 2813 1814 2920 wiederhokten, was in tausendfachen Rufen durch ihre gemarterte
1815 2829 3068 2910 Ungeheuerlichkeit der Thatsachen und ihres verhängnisvollen Schrittes,
575 2890 1290 2947 Seele geklungen: „Agathe liebt ihn!“
1821 2892 3014 2954 dessen zermalmende Konsequenz sie sich nicht klar gemacht hatte.
677 2918 1811 2993 Das Wort hatte wie ein Dolchstich ihr Herz getroffen und
1899 2924 3060 3001 Volkmar und Agathe! Dieser im Verhältnis zu Witte und
576 2952 1808 3041 sich unter brennenden Schmerzen immer tiefer und tiefer gebohrt,
1815 2959 3038 3052 ihr in der Stellung eines Schwiegersohnes, Agathe als Tochter —
567 3032 1805 3086 bis es auf das Bewußtsein einer nicht gestorbenen, sondern nur
1813 3033 3059 3090 Ihr Gatte vor dem lebendigen Beweise ihrer Schuld mit Blicken
573 3077 1814 3136 willkürlich unterdrückten Leidenschaft zu dem einstigen Verlobten
1883 3071 2154 3150 mit Blicken -
2240 3077 2638 3145 er und die andere!
579 3118 1814 3179 stieß. Und aus dieser heraus züngelte die sengende Flamme der
2260 3129 2614 3213 (Fortsetzung folgt.)
572 3173 1816 3229 Eifersucht, ja des Hasses gegen Agathe — diese Heuchlerin! die
567 3211 1823 3280 es so gut verstanden, unter der Marke der „Freundschaft“ und des
576 3255 1826 3343 „künstlerischen Interesses“ ihre wahre Empfindung ihr und aller
578 3303 1172 3376 Welt gegenüber zu verbergen!
2193 3282 2669 3380 „Vater Anser.“
678 3348 1188 3422 Auch ihm — Volkmar?!
2125 3356 2736 3445 Bagatelle von Kooy Marinus.
673 3390 1822 3467 Er ging — er konnte gehen — mit dieser neuen Liebe im
572 3437 1807 3527 Herzen, bestrickt von dem Zauber dieser Circe, losgelöst, freigegeben
580 3497 776 3566 von ihr —
1916 3492 3064 3569 „Wir werden sogleich bei meinem Lieblingsbilde sein!“ sagte,
669 3514 1812 3627 Ein schrilles Lachen brach über ihre Lippen. Ihre Augen
1811 3532 3061 3601 die Treppen der Galerie emporsteigend, eine junge Dame zu ihrem
561 3584 752 3657 glühten.
1826 3599 3067 3659 Begleiter. „Sie glauben nicht, wie unbeschreiblich ich dies Gabriel
667 3619 1110 3699 Hätte sie Gewißheit! —
1809 3634 3056 3707 Maxsche Bild liebe. Es hat von der ersten Minute an einen
669 3664 1815 3755 Doch wozu Gewißheit, wo das Eine gewiß war: sie gönnte
1823 3693 3055 3762 besonderen Eindruck auf mich ausgeübt, dem ich mich willenlos
575 3732 1810 3798 ihn ihr nicht — und auch keiner anderen — ihn, der, sie empfand
1814 3736 3054 3805 hingeben mußte. Ob Sie nun meinen Geschmack teilen werden,
565 3762 1817 3843 es nunmehr deutlicher denn je, unzertrennlich mit ihr verbunden
1816 3795 3063 3870 soll der nächste Augenblick entscheiden. Nur durch dieses Zimmer
563 3827 1819 3887 war durch gleiche Seligkeiten und durch gleiche Schuld, er, der
1812 3829 2394 3909 noch, und wir sind am Ziel!“
572 3875 1822 3956 Urheber des keimenden Lebens unter ihrem Herzen, mit dem sie
1908 3862 3060 3948 Die Sprecherin, in einen eleganten Pelzmantel gehüllt, stützte
573 3910 1229 3986 den betrog, den sie Gatte nannte -
1817 3909 3066 3999 sich eine Sekunde, vom Steigen der Treppen ermüdet, auf den
664 3971 3067 4050 Eine wahre Raserei überfiel die Unglückliche gegenübr der Arm des neben ihr stehenden jungen Mannes. Er war noch im
