3436 4256
326 307 1980 429 16.1. Lebendige Stunden Zuklus
2130 317 2587 417 box 21/2
1077 730 1617 829 2 Telefon 12801.
869 811 2081 895 l's Unternehmen für Zeitungs-Ausschnitte
1717 899 1930 961 Ausschnitt
1046 933 2082 1052 „OBSERVER N. 96
649 1037 2116 1134 I. österr. behördl. conc. Bureau für Zeitungsberichte u. Personalnachrichten
835 1093 1948 1211 Wien, IXX,, Türkenstrasse 17.
1051 1167 1705 1267 Filiale in Budapest: „Figyel““
1690 1218 1736 1258 —
651 1227 2105 1353 Vertretungen in Berlin, Chicago, Genf, London, Newyork, Paris, Rom, Stockholm.
642 1374 2204 1495 Ausschnitt aus: # rd  Lmnn
634 1496 832 1592 vom
1449 1474 1665 1610 22
847 1596 1182 1697 I1 H
900 1917 1896 2032 Arthur Schnitzlers „Lebendige Stunden“.
1303 1997 1516 2064 (Mit Bild.)
976 2026 1942 2135 Einmüthig und widerspruchslos feiert das Publicum
883 2067 1938 2177 der Deutschen Reichshauptstadt den gedankenreichen Wiener
883 2128 1933 2200 Tichter, dessen Stern in seinem engeren Vaterland leider
872 2171 1928 2264 unbegreiflicherweise von allerlei Missverständnissen um¬
879 2200 1919 2283 flort scheint. So gestaltete sich auch die Aufführung von
871 2245 1926 2317 Schnitzters „Lebendigen Stunden“ am Berliner Deutschen
873 2281 1916 2372 Theater zu einem eekatanten Bühnenerfolge. „Lebendige
649 2314 859 2398 Für 50:
879 2323 2986 2453 Stunden“ sind das Werk eines echten dramatischen Talentes, ihrem Geiste auf. und während man athemlos lauscht, ver¬
681 2359 847 2433 „ 100
882 2366 1921 2441 „Märchen, noch so wunderbar, durch Dichterkünste wahr ge¬
873 2404 1912 2491 worden.“ Anschäulich zeigt uns in ihnen der Poet das ewige
1908 2404 2979 2502 wandelt sich plötzlich die Seene. Wir sind selbst als Zuschauer,
862 2436 1917 2540 Mysterium, wie aus den großen Schmerzen die kleinen
1914 2452 2961 2541 nach Venedig versetzt, lernen dort das Original der „Frau
672 2468 743 2549 7
872 2477 1922 2571 Lieder entstehen. Wie in Sudermanns „Morituri“ sind auch
1910 2481 2981 2589 mit dem Dolche“ kennen, durchleben das Trauerspiel ihrer
869 2514 1907 2613 in Schnitzlers „Lebendigen Stunden“ vier stofflich und gedanklich
1919 2529 2830 2614 Ehe, sehen den Dolch in ihrer Faust blitzen und
2867 2568 2972 2621 — da
861 2560 1908 2654 verwandte Einacter zu einem Theaterabend vereinigt. In
623 2575 803 2641 Abonner
1920 2562 2846 2646 verwandelt sich die Seene von neuem. Die beiden
2838 2601 2968 2663 stehen
863 2601 1900 2690 dem ersten derselben ist der Grundgedanke noch einigermaßen
609 2624 796 2683 Abonne
1917 2601 2964 2706 wieder vor dem Bilde des dämonischen Weibes. Die Fran
862 2635 1907 2730 theoretisch behandelt. Umso wirksamer ersafst ihn dafür der
1919 2644 2960 2739 hat ihr Schicksal im Spiegel der Vergangenheit geschaut,
859 2687 1906 2768 Tichter in dem zweiten Stücke: „Die Frau mit dem
1914 2683 2964 2778 Stunden von einst wurden lebendig. und mit fatalistischer
857 2715 1904 2808 Dolche." Es muthet den Zuhörer an wie ein gräusiges
1901 2723 2957 2830 Ergebung sieht sie ihrem Schicksale entgegen. Die beiden
613 2730 791 2802 Inhalt:
856 2753 1906 2850 Capitel aus Hoffmanns Erzählungen. Die pflichtvergessene
1912 2759 2959 2858 Schlufsacter, „Literatur= und „die letzten Masken“ betitelt,
623 2793 787 2842 blätt
855 2795 1896 2885 Frau eines Dichters gibt ihrem Galan ein Stelldichein in
1914 2809 2969 2910 obwohl durchaus echt Schnitzler'sche Geistesblüten, stehen
615 2828 788 2883 wodurel
852 2833 1908 2920 der Bilder=Galerie eines öffentlichen Museums. Beide
1906 2841 2954 2937 unseres Erachtens doch nicht auf der gedankenreichen Höhe
618 2869 780 2928 des In¬
850 2881 1907 2971 wandeln Arm in Arm durch die Säle und bleiben schließlich
1906 2881 2952 2971 der „Frau mit dem Dolche“ treten übrigens auch an dra¬
610 2903 782 2977 werden
858 2918 1886 3008 vor dem antiken Bilde einer „Frau mit dem Dolche“ er¬
1897 2914 2949 3025 matischer Wirkung hinter dieselbe zurück ... Unsere heutige
843 2957 1891 3045 griffen stehen. Nun erfafst die Frau eine Art geheimnisvoller
1895 2953 2847 3048 Illustration zeigt den Dichter in seinem Wiener Heim.
851 2998 1892 3090 Seelenwanderung: Sie selbst war einst diese Frau mit dem
841 3029 1896 3123 Tolche. Längst entschwundene Erinnerungen tauchten in
2408 3022 2621 3141 S
927 3080 1048 3164 E
1874 3486 1932 3530 12
779 3554 853 3610 90
772 3576 899 3621 Prennn
907 3555 1048 3652 1
942 3658 998 3692 mn
774 3672 1033 3729 ern e
1378 3940 1480 4017 Lg
1285 3950 1347 4019 220
811 4056 3006 4158 Zur Erstaufführung des Einactereyklus „Lebendige Stunden“ von Arthur Schnitzler am Deutschen Theater in Berlin am 1. Jänner.
1624 4106 2146 4187 Der Dichter in seinem Wiener Heim.
