3484 4320
2258 129 2393 181 WN
1827 156 2734 236 lebendige Stunde aufzuwiegen, wo die Mutter
1828 199 2728 267 (bei ihnen gesessen und gesprochen oder ge¬
1825 250 2734 329 schwiegen habe. Da verteidigt der Dichter sich
1818 308 2727 380 und die Kunst: „Es ist nicht der schlechteste
1815 345 2736 425 Beruf, solchen Stunden Dauer zu verleihen
1819 402 2729 473 über ihre Zeit hinaus.“ — Der stimmungs¬
1823 448 2730 524 schwere Dialog ist scheinbar leicht wiederzu¬
1826 494 2730 571 geben, weil er sich in das einfache Gewand na¬
1822 536 2729 614 türlicher Sprechweise kleidet. Ihn zu beherr¬
1811 587 2719 657 schen erfordert aber gerade künstlerisches Fein¬
1814 639 2725 710 gefühl und beseeltes Sprechen aus dem be¬
1814 687 2732 766 wegten Innern heraus ohne grelle theatralische
1829 734 2719 808 Akzente, die unfehlbar seine Wirkung er¬
1822 777 2717 859 schlagen. Es ist den beiden Hauptdarstellern
1815 831 2728 906 Julius Sodek (Hausdorfer) und Ferry
1820 880 2727 955 Gerb (Heinrich) hochanzurechnen, daß sie in
1820 920 2724 999 Sprache und Spiel die Schnitzler'sche Note
1810 976 2708 1047 überraschend gut trafen. Karl Th. Hottir
1805 1025 2735 1101 ger paßte mit seinem Gärtner Boromäus in
1810 1072 2148 1135 das feine Spiel.
1867 1117 2719 1186 Statt der „Frau mit dem Dolche“ folgte
1811 1154 2706 1236 hierauf zum Vorteile der Wirkung das Schau¬
1813 1218 2718 1277 spiel „Die letzten Masken“, wohl das
1807 1261 2714 1332 bedeutendste Drama des Abends, das sichtlich
1812 1310 2719 1383 die tiefste Wirkung erzielte. Auch dieses Stück
1815 1364 2715 1432 streift die Literatur. Der arme Journalist
1806 1411 2712 1485 Rademacher liegt im Krankenhause auf dem
1810 1461 2703 1528 Sterbebett. Er ist unten geblieben auf der
1798 1494 2738 1575 Staffel des Lebens während sein ehemaliger—
1811 1535 2709 1617 Freund, der Dichter Wethgast, immer höher
1807 1599 2709 1657 hinaufklomm. Das erfüllte ihn mit Haß gegen
1801 1648 2705 1715 den Glücklichen und in seiner letzten Lebens¬
1807 1696 2706 1759 stunde will er diesen vernichten. Dem Schau¬
1806 1748 2700 1798 spieler Jackwert, einem gleichfolls dem Tode
1796 1789 2711 1847 verfallenen Spitalsgenossen, enthüllt er seinen
1797 1842 2701 1903 Racheplan und genießt die Wonne des Hasses
1801 1892 2699 1949 vorweg bei der Probe des bevorstehenden Wie¬
1797 1939 2703 1999 dersehens, die seine Kraft verzehrt; Jackwert
1800 1974 2699 2045 spielt dabei den Jugendfreund. Der Kranke
1794 2036 2692 2104 Rademacher will diesen als Dichter herabsetzen
1789 2074 2697 2137 und sein Familienglück vernichten durch die
1787 2128 2700 2190 Enthüllung seiner früheren heimlichen Be¬
1774 2165 2691 2258 ziehungen zur Gattin desselben. Als Weih¬
1789 2226 2696 2287 gast nun erscheint, ist schon die Hoheit des
1790 2273 2696 2334 Todes über den armen Teufel gekommen.
875 2275 1658 2380 4(Stadttheater Gablonz a. U.
1788 2313 2697 2383 Kein einziges Wort des Vorwurfes vermag
886 2332 1671 2422 0„V, Lebendige Stunden.“) Artur
1794 2370 2684 2426 er hervorzubringen. „Was hat unser einer
871 2373 1765 2480 lei Istallen Literatur= und Theaterfreunden
1788 2416 2699 2481 mit den Leuten zu schaffen, die morgen noch
870 2458 1774 2517 ##bekannt, als daß man über ihn viel zu
1776 2443 2689 2523 auf der Welt sein?“ — Auch hier war die
860 2501 1778 2568 sagen brauchte. Seine vier Einakter unter
1786 2509 2687 2579 Darstellung auf der Höhe. Vor allem hatte
871 2548 1780 2617 dem Titel „Lebendige Stunden“ be¬
1796 2558 2691 2626 naturgemäß Josef S'ußmann, der den
864 2594 1770 2658 handeln im Grunde genommen das Verhält¬
1791 2597 2684 2658 schwerkranken und sterbenden Rademacher gab,
880 2649 1770 2708 nis, in dem ein Künstler zu seinem Schaffen
1779 2646 2694 2722 die schwierigste Aufgabe, die er sehr gut
877 2691 1772 2751 fleht; sie behandeln es unter wechfelnden Um¬
1783 2706 2687 2776 löste; leicht kann bei dieser Rolle der verzwei¬
882 2739 1777 2803 ständen, aber stets mit dem ganzen Reiz der
1792 2751 2692 2819 felte Zornausbruch des Todkranken „zu ge¬
870 2787 1774 2851 Schnitzler'schen Eigenart. Es sind Probleme
1777 2787 2690 2871 sund“ geraten. Für den weltgewandten Weih¬
862 2840 1776 2903 des Alltages wie des Künstlerlebens, lebendig
1783 2841 2692 2911 gast, der das Unliebsame seiner Lage zu ver¬
857 2883 1774 2945 erfaßt, psychologisch meisterhaft durchgeführt,
1787 2900 2693 2957 bergen sucht, fand Julius Sodek einen
858 2937 1773 2989 in stimmungsvollem Dialog mit leichter Sa¬
1780 2940 2695 3013 charafieristischen Ausbruck und Alfred Sturm
859 2985 1777 3054 tyre oder gemildeter Tragik dargestellt. Die
1782 2995 2682 3054 spielte den schwindsüchtigen Komiker Jackwert,
861 3034 1777 3095 vier Stücke sind aber nicht etwa plump auf
1776 3037 2696 3088 in dem die Lebensflamme unruhig verflackert,
854 3088 1774 3147 den traditionellen „roten Faden“ der gleichen
1772 3087 2698 3156 sehr gut. Der menschenfreundliche Arzt (Franz
857 3129 1766 3196 Idee aufgereiht — dazu ist Schnitzler, der
1777 3141 2704 3198 Schramm) und die Wärterin (Hedwig
861 3167 1774 3254 kulturgesättigte, liebenswürdige Wiener zu
1777 3195 2681 3255 May) sind den Anblick des Jammers ge¬
855 3226 1762 3290 originell — aber sie haben unausdringliche
1778 3232 2695 3311 wöhnt, sie fügten sich trefflich in den Rahmen
854 3278 1763 3334 innere Beziehungen, die im Grundton ver¬
1771 3279 2125 3355 der Darstellung.
865 3320 1774 3403 nehmlich werden oder sonst in der Stimmung
1831 3304 2694 3399 Das folgende Schauspiel „Die Frau
864 3375 1145 3447 mitklingen.
1775 3373 2688 3441 mit dem Dolche“ führt in eine Bilder¬
920 3393 1760 3487 Die Reihe der Einakter wird durch das
1773 3425 2690 3488 galerie. Die Gartin eines Dichters, Pauline,
870 3472 1770 3540 Schauspiel „Lebendige Stunden“ er¬
1783 3476 2673 3535 dem die Untreue gegen sie und ihre Versöh¬
867 3508 1761 3578 öffnet. Durch den täglichen Anblick der schwer
1771 3520 2685 3591 nung Stoff zu einem erfolgreichen Drama lie¬
865 3568 1773 3627 leidenden, kranken Mutter wird ihr einziger
1784 3571 2679 3627 ferte, trifft mit ihrem Anbeter Leonhard zu¬
862 3622 1770 3679 Sohn Heinrich, ein Dichter, in seinem Schaf¬
1777 3621 2694 3679 sammen. In der Betrachtung des Bildes
862 3665 1761 3719 ifen gehemmt. Sie ist zwar unheilbar, könnie
1778 3673 2684 3732 „Frau mit dem Dolche“ von einem unbe¬
859 3710 1767 3764 aber trotz ihres bedauernswerten Zustandes
1776 3715 2680 3767 sannten Florentinischen Meister des 16. Jahr¬
860 3754 1757 3811 noch wenige Jahre ihr Dasein fristen. Die
1778 3757 2680 3820 hunderts vertieft, träumt sie den auf dem Bilde
861 3812 1752 3870 Mutter hat aber den Gram des Sohnes er¬
1774 3793 2691 3875 angedeuteten Vorgang. In der Werkstatt des
864 3852 1757 3920 kannt und setzt ihrem Leben vorzeitig ein Ziel.
1772 3852 2691 3909 italienischen Malers spielt die Vision. Leon¬
861 3892 2678 3969 Zwei Trauernde hat sie hinterlassen, die ihr hard=Lionardi, den Paola=Pauline, einer sinn¬
856 3949 2690 4028 nabegestanden waren: den Sohn und einen lichen Regung folgend, zum Geliebten hatte,
