3436 4256
1819 276 2773 358 steht und mit dem Leben, das ihm so viele
853 293 1822 412 „Tebendige Stunden“ von Arthur
1818 347 2760 422 Enttäuschungen brachte, abrechnen möchte, hält
1825 389 2773 470 sich der andere für genesen und schmiedet die
1166 374 1495 477 Schnitzler.
1817 437 2776 513 schönsten Pläue für die Zukunft. Der Arzt
1321 453 2773 544 Berlin, 5. Jänner. macht seinen Abendbesuch. Rademacher bittet
957 491 1809 582 Arthur Schnitzler, unstreitig das
1816 528 2773 617 ihn flehentlich, ihm noch schnell einen heißen
862 530 1800 628 stärkste Talent der jüngeren Wiener Schule,
1815 585 2763 651 Wunsch zu erfüllen: er möchte seinen Jugend¬
861 602 1813 673 hat mit seinem neuesten Einacter=Quartett
1815 629 2775 724 freund, den Schrifsteller Weihgast noch diesen
869 659 1798 720 „Lebendige Stunden"*) am Deutschen
1815 670 2759 754 Abend sprechen, da er ihm etwas sehr Wichti¬
680 688 1803 762 Fur 50 Theater einen ziemlich gedämpft einsetzenden,
764 730 864 781 100
1814 710 2770 794 ges mitzutheilen habe. Der Arzt, der mit Weih¬
776 737 1808 820 200 dann aber ständig steigenden und zuletzt mächtig
1811 780 2763 846 gast befreundet ist, verspricht, ihn zu bringen.
775 801 1803 861 500 anschwellenden Erfolg erzielt. Die vier Stücke,
1809 826 2763 879 Der Schauspieler fragt neugierig, was Rade¬
716 857 1799 906 „ 1000 die ungleich in jeder Hinsicht sind, haben nur
1814 865 2762 936 macher denn noch so Eiliges zu beichten habe,
783 879 1801 952 lm das Eine gemeinsam, daß in sämmtlichen Ver¬
1814 917 2780 969 und dieser entgegegnet: er wolle sich vor seinem
667 924 1804 998 Abonnem treter der Literatur und Kunst die Hauptrollen
1802 956 2775 1037 Ende die Genugtthuung verschaffen, dem ehema¬
674 991 1801 1049 Abonnen spielen. Der Gesammttitel „Lebendige Stunden“.
1809 1010 2770 1077 ligen Freunde, der unverdient so große äußer¬
845 1035 1795 1096 ist ziemlich willkürlich dem Titel des ersten
1803 1059 2755 1131 liche Erfolge im Leben davongetragen habe,
805 1053 1802 1144 D Stückchens entlehnt, das diese Ehre umso
1806 1101 2765 1168 unverblümt zu sagen, daß er ihn stets in seiner
681 1106 1798 1188 Inhalts weniger verdiente, als es das schwächste unter
1804 1162 2760 1213 ganzen Hohlheit durchschaut habe, ja daß sich
694 1149 1798 1250 blütt den vieren ist. Von des Gedankens Blässe an¬
691 1187 872 1252 wodarel
1812 1200 2754 1271 sogar die eigene Gattin des „großen“ Mannes
850 1208 1805 1284 gekränkelt, behandelt dieser Auftact zu den
687 1230 849 1279 des In
1796 1237 2759 1303 angeekelt von ihm abgewandt und ihre Liebe
691 1277 1790 1343 werden folgenden, lebensvollen und zeistsprühenden
1798 1301 2762 1372 dem verkannten, vom Schicksal so arg mitge¬
831 1317 1800 1383 Dichtungen die erklügelte Frage, ob das ganze
1796 1332 2767 1393 nommenen Journalisten geschenkt habe. Als
837 1357 1792 1428 dichterische Schaffen des Sohnes auch nur eine
1799 1380 2755 1448 dann aber Weihgast wirklich kommt und mit
841 1416 1789 1466 „Lebendige Stunde“ der Mutter aufzuwiegen
1798 1435 2756 1485 seiner hohlen Schönrednerei nichtssagende
838 1460 1795 1515 vermag. Eine unheilbar erkrankte Mutter hat
1797 1486 2758 1553 Redensarten drechselt und innige Freundschaft
825 1485 1790 1558 sich nämlich mit Morphium vergistet, um ihren
1800 1527 2756 1599 heuchelt, da bringt es der Sterbende theils vor
828 1555 1801 1628 Sohn vom Anblick ihrer Leiden zu befreien
1796 1581 2743 1649 Ekel, theils aus Mitleid nicht fertig, dem Leben¬
819 1596 1736 1666 und ihn seinem Dichterberuf wiederzugeben.
1776 1620 2749 1706 den die letzte Maske vom Gesicht zu reißen,
930 1641 1790 1713 Das zweite Schauspiel „Die Frau mit
1790 1678 2754 1739 und im Gefühl seiner ganzen Größe und Uiber¬
822 1673 1778 1759 dem Dolche“ wirkt mehr durch virtuose Technik
1786 1704 2757 1790 legenheit nimmt der aufgeblasene Dichter von
828 1726 1780 1805 und äußerliche Effecte, als durch innere Vor¬
1780 1760 2755 1840 dem sterbenden Jugendfreunde Abschied. Es ist
811 1790 1777 1855 züge und dichterische Eigenschaften. Eine junge,
1784 1824 2750 1891 eine ungemein feine psychologische Studie, die
811 1826 1780 1895 hysterische Frau gibt sich mit ihrem Liebhaber
1784 1866 2736 1920 Schnitzler hier im engen Rahmen aufrollt, tief¬
816 1872 1772 1952 ein Stelldichein in einem Bildermuseum vor
1791 1904 2747 1973 gründig und lebenswahr, voll bitterer Satire
824 1918 1780 1995 einem italienischen Gemälde aus dem 15. Jahr¬
1782 1956 2739 2028 und nicht ohne weitere Ausblicke auf die Nichtig¬
816 1987 2736 2085 hundert. Die hier mit dem Dolche dargestellte keit alles Irdischen im Angesicht des Todes und
822 2023 1783 2090 Frau hat eine frappante Aehnlichkeit mit ihr,
1776 2048 2073 2115 der Ewigkeit.
811 2074 1791 2139 und je länger sie diese Frau betrachtet, desto
1871 2075 2752 2185 Den Vogel aber hat der Verfasser mit
804 2096 1777 2189 bestimmter wird ihre Uiberzeugung, daß sie die
1774 2151 2733 2215 dem vierten und letzten Stück abgeschossen, das
807 2166 1774 2236 hier im Bilde dargestellte Scene vor langer,
1783 2189 2735 2272 er bescheiden einen Schwank „Literatur“ nennt
818 2191 1773 2276 tanger Zeit selbst erleht hat, und zwar mit
1776 2227 2737 2326 und das thatsächlich eine mit glänzendem Witz,
799 2226 1763 2313 demselben jungen Manne, der ihr jetzt zur
1776 2272 2727 2358 überlegenem Geist und funkelnder Laune ge¬
811 2293 1770 2367 Seite sitzt. Die Bühne verdunkelt sich plötzlich,
1777 2319 2737 2405 schriebene Satire auf jene Kaffeehausliteraten
801 2339 1765 2411 der Vorhang sällt, und als er sich nach einigen
1767 2392 2726 2457 ist, die, an eigenen Gedanken zu arm, ihre
811 2377 1763 2461 Augenblicken wieder hebt, sehen wir dieselbe
1771 2423 2725 2499 kleinen Erlebnisse zu langen Romanen auszu¬
801 2425 1764 2498 Frau mit dem jungen Manne in der Tracht
1766 2471 2731 2565 münzen suchen. Sie entblößen sich und ihre
800 2472 1762 2557 der Renaissance=Zeit vor uns. Auf einer
1773 2523 2723 2596 „stilisirten“ Leiden und Freuden ohne Bedenken
804 2517 1763 2599 Staffelei steht das halbvollendete Bild der
1761 2565 2728 2642 vor der Welt, nur um sich einmal gedruckt zu sehen.
806 2567 1760 2649 Frau mit dem Dolche, von dem Gatten
1766 2606 2726 2690 Sie geißelt Schnitzler in dieser übermüthigen
798 2623 1757 2700 gemalt. Dieser kehrte von einer Reise nach
1766 2654 2720 2724 Komödie, die zu dem Lustigsten und Unter¬
795 2669 1759 2750 Florenz heim, die Frau gesteht ihm, daß sie
1768 2703 2712 2781 haltendsten gehört, was man seit lange auf
795 2705 1754 2794 ihn während seiner Abwesenheit betrogen habe,
1766 2755 2711 2828 der deutschen Bühne gesehen hat. Der litera¬
792 2771 1754 2833 und ersticht vor seinen Augen ihren Verführer
1772 2806 2721 2862 rische Feinschmecker kommt hier so auf seine
790 2814 1747 2890 mit dem Dolche. Der Gatte, der nur Künstler
1757 2850 2716 2922 Rechnung, wie der naive Zuschauer, der nur
799 2859 1752 2936 ist, ergreift sofort den Pinsel und die Palette,
1755 2908 2711 2972 lachen will. Die Handlung ist hier Nebensache,
786 2912 1745 2987 um sein Werk nach den eben gewonnenen blu¬
1751 2951 2710 3015 die Behandlung Alles: die prächtige Zeichnung
790 2945 1735 3017 #tigen Eindrücken zu vollenden. Die Frau wen¬
1747 2982 2713 3059 der drei Personen, des kunstfremden, am liebsten
783 2992 1738 3075 det sich mit Verachtung von ihm, die Bühne
1757 3041 2709 3113 Stallluft athmenden Barons, der schriftstellern¬
785 3052 1748 3125 verdunkelt sich abermals und wir werden in
1748 3085 2710 3163 den Frau mit der Vergangenheit, die sich eine
787 3089 1741 3164 das Museum zurückversetzt, wo die aus ihrem
1758 3138 2696 3202 ehrbare Zukunft schaffen will und des literari¬
779 3133 1740 3210 Traume erwachende Frau dem Liebhaber das
1756 3179 2710 3243 schen Zigeuners, der das Leben in vollen Zügen
790 3185 1738 3267 lange verweigerte Versprechen gibt, ihn Abends
1746 3232 2695 3297 genießen will, dazu der vollgefüllte Sack geist¬
786 3225 1743 3308 besuchen zu wollen. Man weiß nicht recht, was
1745 3280 2705 3351 reicher Literaturbosheiten. Alles in Allem: ein
784 3268 1736 3361 man aus diesem merkwürdigen Capriccio machen
1743 3322 2702 3417 sehr glücklicher Abend, der für viele „Fehlgriffe
786 3322 1736 3405 soll. Ist es eine neue Variation auf das Thema
772 3368 1730 3454 von der Seelenwanderung? Oder von der sich
1735 3378 2665 3467 dieses Winters entschädigen konnte!.“ H. E.
774 3424 1733 3504 durch die Jahrhunderte gleich bleibenden Lust
771 3464 1735 3562 am Betrügen des Ewig=Weiblichen? Jedenfalls
775 3511 1528 3595 ist das Stück effectvoll und fesselnd.
873 3557 1747 3646 Ungleich höher, dichterisch werthvoller ist
773 3587 1741 3691 das dritte Schauspiel „Die letzten Masken“ zu
774 3656 1730 3731 veranschlagen. Im Wiener Allgemeinen Kran¬
766 3685 1737 3779 kenhause liegt der Journalist Rademacher im
762 3744 1732 3830 Sterben. Der ebenfalls dem Tode verfallene
764 3791 1738 3869 Schauspieler Jackwerth ist sein Zimmernachbar.
757 3829 1727 3927 Während der eine weiß, daß sein Ende bevor¬
831 3893 1740 3999 *) Arthur Schnitzlers „Lebendige Stunden“
764 3950 1743 4049 sind joeben in Buchform im Verlag von S. Fischer
765 3997 1175 4077 in Berlin erschienen.
