3484 4320
243 206 2397 323 16.1. Lebendige stunden Zyklus bos 21/5
1419 1741 2460 1820 hunderten gelten läßt! Was ist heute das Merk¬
2479 1757 3323 1831 Einaktern, drei in ihrer Art völlig verschied
427 1629 1332 1884 / 90. Feuilleton. 6- 4#.
1426 1799 2466 1870 mal alles dessen, was unter. dem Titel Literatur
2477 1802 3309 1874 spielte, gab einen glänzen Beweis seiner G
1423 1858 2457 1917 einen würdigen Platz verdient. Die Lektüre einer
2466 1867 3306 1938 kraft. Als Rademacher in Schnitz
1228 1831 1384 1949 424
1419 1902 2451 1966 nicht zu weit reichenden Periode, etwa der Ro¬
2473 1915 3298 1978 letzten Masken“ verblüffte der Künstler
511 1889 1243 2005 Titerarischer Abend.
1417 1945 2463 2021 mantiker oder gar des jungen Deutschlands begegnet
2472 1952 3310 2032 nur durch direktes eifriges Studium a
1428 1990 2462 2054 Autoren, die im Mittelpunkt der Diskussion zeit¬
350 1968 1401 2067 („Die letzten Masken“ vou A. Schnitzler, „Der
2473 2003 3296 2077 erklärlichen naturalistischen Wiedergabe
1409 2037 2455 2116 genössischer Salons stehend, heute entweder
365 2048 1405 2127 Dieb“ von Mirbau und „Der gemütliche Kommissär“
2474 2060 3318 2110 Stunde eines seelenerschütterten Schwin#
1421 2100 2458 2158 nur inhaltlose Namen bedeuten, oder aber gar
660 2094 1110 2177 von Couxteline.
2468 2094 3309 2177 Das durch den gräßlichen Kontrast zwi
1425 2143 2466 2209 auch auf diesen geringen Rest von Pietät ver¬
2476 2159 3316 2209 noch lebhaft arbeitenden Geist und der
423 2156 1399 2240 Die Schnellebigkeit, die vorwärts stürmende
1408 2184 2456 2259 zichten müssen. Auch die moderne Publizistik hat
2475 2196 3308 2273 Physis bedingte Mitleid influenzierte de
350 2204 1396 2297 Hast als eines der vielen Merkmale unseres Jahr¬
1418 2244 2455 2307 ihre anerkannten Marksteine, denen ein Gedenken
2465 2257 3314 2333 auf die Zuhörer, das sich mit wach end
361 2275 1398 2331 hundertes hatt sich auch auf die Literaiur, oder
1420 2287 2450 2352 bei späten Enkeln gesichert ist. Aber was ist das
2472 2299 3307 2364 tischer Handlung zu innigster Teilnahmen
348 2330 1396 2390 um nicht vörzugreisen, auf die Schaffenden und
1418 2331 2455 2407 Schicksal jener vielen zwischen diesen großen Pfeilern
2464 2343 3307 2418 In Mirbeaus „Dieb“ gestaltete de
355 2364 1416 2442 Genießenden des Schöngeistes erstreckt. Aus der
1421 2382 2453 2459 lebenden und geduldeten Existenzen. Leben oder
2463 2404 3317 2466 durch glückliche Betonung des Sonderlink
357 2407 1413 2479 schweren Menge der täglich auf den Büchermarkt
1417 2425 1639 2494 Sterben?
2459 2444 3310 2521 Figur des Bestohlenen die unwahrscheinl
356 2468 1409 2540 geworfenen Produkte müßiger Autoren, greift der
1475 2453 2454 2551 Unter dem stolzen Titel „Literarischer Abend“
2459 2500 3316 2570 ation halbwegs glaubhaft. Mit frischen
344 2527 1400 2591 mit der Witterung wechselnde Geschmack der weiten
1411 2535 2448 2597 gingen Samstag über unsere Bühne drei kleine
2464 2544 3318 2613 stattete Herr Stärk in Courteliues
351 2569 1407 2641 Masse das eine oder das andere heraus um durch
1416 2586 2448 2650 Einakter. „Die letzten Masken“ aus Schnitzlers
2469 2599 3301 2657 Saiyre „Der gemütliche Kommissär“ de
350 2622 1398 2689 eine bald verrauschende ideale Bevorzugung des
1410 2641 2456 2708 lebendigen „Lebenden Stunden“ und zwei bedeutungs¬
2463 2630 3301 2735 der Titelrolle aus. Kleine sonst unauffällig
345 2670 1393 2739 glücklichen Schöpfers eine wohl regelmäßig vor¬
1403 2681 2451 2745 lose französische Grotesken, geistreiche Plaudereien
2459 2687 3260 2748 schufen ein prächtiges Charakterbild.
350 2723 1401 2783 gezogene dauernde materielle Kräftigung mit im
1403 2730 2456 2795 von Mirbeau und Courteline die mit dem Schwinden
2468 2736 3296 2812 Stück bot noch Herr Reißner als F
352 2775 1397 2844 unausbleiblichen Gefolge zu haben. Dem jedesmal
1412 2775 2455 2853 der Aktualität und impticite des Verständnisses für
2461 2787 3312 2864 schöne Leistung, ebenso wie Herrn Pind
340 2822 1407 2885 wechselnden Geschmock fröhnen mit sklavischer
1409 2835 2441 2894 dieselben, gewesen sein werden. Unter den diversen
2465 2841 3289 2902 diskrete und vornehme Verkörperung d
341 2872 1397 2938 Prazisität Tausende von Autoren. Heute. Morgen
1406 2878 2452 2950 lediglich auf Kassenerfolge abzielende stumpfsinnigen
2450 2884 3312 2955 gast und Herrn Kammauf für die D
341 2913 1397 2981 verlangt das Ungeheuer neue Nahrung; sie wird
1402 2938 2447 3001 Schwänken und Possen, die gegenwärtig en masse
2467 2939 3308 3015 des Diebes in Mirbaeaus Groteske An
339 2964 1395 3036 ebenso prompt geliefert. Sind nun diese wenigen
1405 2967 2437 3032 fabriziert und konsumiert werden, verdienen die ge¬
2455 2988 3314 3044 gebührt. Herr Minnich verwischte di
340 3003 1401 3071 bevorzugten Geistesprodukte, die entweder durch
1406 3022 2451 3100 nannten zwei Einakter ihrer eigenen grotesken Manier
2460 3039 3306 3108 Darstellung des Jackwerth die im äußer
337 3061 1390 3137 wiklich wertvollen Gehalt, durch ihre bizarre,
1409 3074 2449 3139 wegen doch ernste Beachtung. Die Ankündigung eines
2458 3088 3275 3157 dieses lustigen Sterbenden liegende
339 3105 1395 3174 groteske Form, durch den in der Wahl des Sujets
1397 3104 2448 3193 literarischen Abends wird wohl nichts anders als
2441 3130 3298 3211 Tragik. Er machte aus der schwierigen
344 3154 1381 3232 bedingten Reiz von der großen, weiten Menge sich
1407 3174 2447 3246 den Hinweis darauf bezwecken wollen. Unter diesen
2462 3180 3312 3258 studie eine Wurstelei. Anerkennung geb
337 3213 1396 3265 wirkungsvoll abheben, auch von den oberen Zehn¬
1394 3225 2436 3295 Umständen mag der erste Versuch eines aner¬
2456 3230 3300 3303 Herren Stärk und Reißner, die si
333 3244 1392 3323 tausenden geaicht, mit zu jenem auserlesenem
1394 3262 2448 3334 kennenswerten Beginnens wärmstens begrüßt
2459 3282 3308 3366 Inszenierung der Einakter teilten. Die
340 3302 1388 3377 Material zu zählen, das die Literaturgeschichte als
1403 3318 1605 3392 werden.
2458 3324 3310 3414 flüchtete sich auf die Gallerie. Das Pa
328 3352 1398 3433 Literaturgericht nach Jahrzehnten und Jahr¬
1469 3347 3160 3467 Herr Stärk, der an dem Abend in den drei 1 die Logen blieben gähnend leer ..
