3484 4256
352 272 2011 383 16. 1. Lebendige Stunden - Zyklus
2170 268 2614 374 box 21/2
344 1474 1296 1575 „Lebendige Stunden"*) waren das einzige
1297 1509 2272 1606 Mitleiden verkümmerten Fähigkeiten zurückgeben. Noch
326 1547 1301 1621 Theaterereignis des Monats. Wir brauchen diesen Rück¬
2276 1558 3269 1632 große Beichte erleichtern möchte. Was gilt dem Künst¬
1300 1562 2279 1648 ahnt er nicht, daß reine Mutterliebe den Opfertod für
326 1595 1289 1664 fall nicht als Beginn einer neuen Krise aufzufassen;
2272 1600 3278 1687 ler der Inhalt dieser Beichte? Er will aus den Schmer¬
1309 1609 2265 1686 ihn gestorben, indem sie freiwillig die Qual des Lebens
325 1633 1289 1702 doch ist es lehrreich, das Drama einen Augenblick mit
2286 1645 3275 1721 zen des andern für sich Kapital schlagen, will das
1301 1654 2269 1736 verkürzte. Um ihn zu demütigen, iacht ihm der Freund
327 1674 1298 1754 dem Roman zu vergleichen. Auf der Bühne herrscht
2281 1688 3267 1784 Mienenspiel und die Haltung studieren. So wird die
1303 1711 2277 1779 seiner Mutter, ein pensionierter Beamter, diese Ent¬
326 1723 1290 1789 noch immer die tolle Jagd nach dem Erfolg; alle mög¬
2281 1738 3257 1824 Scene, die nur eine Probe sein soll, zur Wirklichkeit,
1294 1745 2266 1812 hüllung. Ihm scheinen die Künstler insgesamt ein hoch¬
315 1759 1296 1837 lichen Richtungen laufen kreuz und quer durcheinander;
2275 1774 3250 1843 und die Wirklichkeit bleibt nur Spiel. Denn als nach¬
1296 1800 2273 1873 mütig Volk: während die andern Menschen für den
319 1805 1285 1884 die Hast des Schaffens führt zur Unrast; eine Samm¬
2272 1824 3255 1887 her der Jugendfreund kommt, den der Todeskandidat
1298 1828 2272 1903 Tod nur Thränen haben, wird er für sie zum frucht¬
320 1850 1284 1936 lung der Kräfte scheint vorderhand ausgeschlossen. Da¬
2272 1862 3252 1942 durch das Geständnis von der Untreue seiner Frau zu
1288 1888 2262 1950 baren Moment. Man denke: ein Musiker komponiert
312 1902 1279 1974 gegen leuchtet dem Roman zur Zeit eine freundlich
2276 1912 3258 1981 zermalmen gedenkt, weil er ihn alle die Jahre, den vom
1290 1918 2274 1992 am Sarge seines einzigen Kindes; die Philistermoral
318 1946 1292 2020 gleichmäßige Sonne; er hat die Ruhe wiedergewonnen
2267 1955 3250 2029 Glück Begünstigten, gehaßt hat, da reden sie über gleich¬
1301 1974 2263 2047 erblickt darin den Gipfel der Frivolität. Und so wird
319 1988 1283 2059 und Werke hervorgebracht, denen dies schon äußerlich
2267 1992 3259 2074 gültige Dinge, und der berühmte Poet verrät wohl die
1294 2009 2264 2091 hier im ersten Stück, das für die drei folgenden der
303 2025 1280 2104 anzumerken ist an der Zahl der Bände; die Skizze ist
2276 2049 3258 2117 Hohlheit seiner Seele, aber der verkommene Journalist
1292 2060 2259 2129 Taufpate war, das Thema angeschlagen: die Künstler
210 2065 285 2121 sich
313 2069 1277 2150 überwunden; der Umfang nötigt zur Vertiefung, wie wir
2265 2087 3251 2162 verrät nicht sein Geheimnis. Die letzten Masken fallen
1283 2106 2257 2181 und der Tod. War es hier noch etwas von des Ge¬
195 2101 253 2174 *
308 2117 1275 2200 dies letzthin an Georg v. Omptedas „Cäcilie von Sarryn“
2255 2136 3249 2211 nicht. Wie sich Spiel und Wirklichkeit vermengen, ver¬
197 2154 298 2208 icht
1290 2139 2261 2210 dankens Blässe angekränkelt, so gewinnt es in „Die
299 2174 1274 2236 und Thomas Manns „Buddenbrooks“ sahen. Wer
2266 2184 3245 2247 wischt sich die Grenzlinie zwischen Humor und Tragik.
1286 2183 2247 2261 Frau mit dem Dolche“ schon blühendere Gestalt.
301 2207 1277 2276 hätte sich vor fünf Jahren getraut, einen Roman von
2265 2219 3244 2301 Das niederschmetternde Geständnis gelangt an die
1285 2225 2245 2314 Der Renaissancemaler Remigio greift in dem Augen¬
305 2240 1281 2327 mehr als tausend Seiten zu schreiben? Man ist in¬
2255 2269 3248 2339 falsche Adresse, die Begegnung der Todfeinde klingt
1274 2267 2243 2340 blick zum Pinsel, da seine ungetreue Frau ihren unbe¬
308 2295 1282 2382 zwischen auf epischem Gebiet zuversichtlicher geworden
2257 2301 3246 2383 ganz harmonisch aus. Mit wenigen S#richen ist dies
1277 2313 2245 2395 quemen Liebhaber erdolcht. Angesichts des Mordes
297 2336 1273 2402 hat Vertrauen zu sich selbst und dem Publikum gefun¬
2263 2359 3247 2429 meisterhaft gezeichnet. Der armselige Lu#erat, der auf¬
206 2375 278 2428 Er¬
1285 2365 2256 2449 denkt er an ein unvollendetes Porträt und malt. Das
301 2380 1269 2451 den. Das großzügige Drama will jedoch noch immer
2260 2394 3238 2452 geblasene Dichter, der selbstsüchtig=gutmütige Schau¬
1278 2398 2242 2484 ist in einen sehr aparten, lyrischen Nahmen hinein¬
204 2419 298 2474 der
295 2431 1275 2518 kein Lebenszeichen von sich geben. Einstweilen müssen
2258 2439 3242 2511 spieler stehen scharf umrissen vor uns. Ohne Bedenken
1273 2456 2250 2535 komponiert und führt auf der Brücke der Traumwelt
293 2461 1067 2544 wir uns bei der Diminutivkunst bescheiden.
2252 2489 3241 2553 würden wir diesem Einakter die Palme reichen, nicht
1277 2504 2246 2564 aus der Gegenwart in das Venedig des 16. Jahrhun¬
348 2515 1269 2590 „Lebendige Stunden? Sie leben doch nicht länger
2252 2533 3247 2617 nur unter denen, die Schnitzlers Namen tragen. — Auf
1274 2544 2238 2617 derts, aus einer modernen Bildergalerie in Meister Re¬
298 2534 1266 2632 als der letzte, der sich ihrer erinnert. Es ist nicht der
2253 2571 3240 2646 das ernste Trio folgt zum Schluß ein heiteres, ja über¬
1281 2590 2229 2644 migios Atelier. Fesselte „die Frau mit dem Dolche“
306 2602 1262 2685 schlechteste Beruf, solchen Stunden Dauer zu verleihen,
2258 2621 3232 2697 mütiges Satyrspiel, das das Thema ein wenig ver¬
1277 2628 2246 2706 durch den Reiz der Einkleidung, ohne psychologische
289 2651 1260 2729 über ihre Zeit hinaus“ so spricht ein junger Dichter,
2248 2654 3239 2736 schiebt. Nicht nur aus den Schmerzen der andern
1273 2665 2235 2746 Tiefen zu erschließen, so vereinigt der dritte Einakter
292 2693 1262 2776 der eben seine geliebte Mutter verloren. Die Leidende
2245 2712 3242 2781 schlagen die Künstler Kapital, sondern auch aus den
1275 2731 2237 2789 „Die letzten Masken“ stoffliche und inhaltliche
297 2737 1256 2816 hat ihn in seiner Schaffenskraft gehemmt; ihr Tod
2246 2751 3233 2809 eigenen. Das lehrt „Litteratur“. Damit verlassen
1265 2762 2239 2825 Vorzüge. Das Thema selbst ist diesmal in eine Epi¬
293 2781 1254 2859 kommt ihm als Erlösung, wird ihm seine durch das
2241 2797 3226 2875 wir die Sphäre der Dichter und steigen zu den Dichter¬
1268 2809 2233 2885 sode verlegt. Im allgemeinen Krankenhaus lauscht ein
389 2825 445 2878 —
2240 2837 3229 2926 lingen, den Kaffeehausgötzen hinab. Aus ihren kleinen
1272 2854 2230 2929 schwindsüchtiger Schauspieler, dem der Tod nur noch
191 2833 281 2918 er,
335 2861 1262 2963 *) Erschienen im Verlag von S. Fischer in Berlin.
2236 2889 3217 2965 Liebesaffären machen sie ihre großen Romane. Un¬
1262 2892 2231 2970 eine kurze Frist gönnt, einem armen Teusel von Jour¬
191 2884 586 2983 ine Preis 2 Mark.
2231 2932 3220 2999 glücklicherweise benutzen sie dazu die gleichen documents
1244 2945 3239 3051 nalisten, der in seiner Sterbestunde sein Herz durch eineI amourenr. Fräulein Margarete, die nach etwas wilder.
