3484 4256
1259 191 1333 253 n
2122 184 2570 280 box 21/2
301 192 1961 300 16.1. Lebendige Stunden zvklus
579 1106 878 1183 S
529 1169 867 1245 Teieseranen Aehren
879 1192 1222 1273 Ausschnitt
487 1210 886 1290 cotoschmiof. Auguststr.8f.
979 1250 1099 1299 aus
679 1279 1230 1383 Fralkiurter Zeitung
463 1366 647 1516 99
758 1474 1159 1604 6 3 JAN. 1902
1596 1821 3376 1885 dert, der Dialog sagt die Empfindungen direkt heraus, als spräche j seinem Jugendfreunde und glücklichen R#
1600 1870 3372 1935 man das, was man denkt, als bestände keine Scheu vor der Em¬ Tichter, noch einmal all seinen Haß ins
735 1827 1381 1977 Feuilleton.
2696 1903 3372 1955 sagen, daß er seine Frau verführt, daß
1619 1915 2110 1972 pfindungswelt des Anderen.
2709 1944 3385 2000 Und der Anvere kommt wirklich und
1651 1928 2697 1999 In „Die Frau mit dem Dolche“ ist das Problem
2704 1980 3391 2040 sie sprechen liebenswürdig über gleicha
1609 1989 2699 2034 wiederholt, aber schon ist es tieser angegriffen, etwas lebendiger
2704 2013 3375 2081 gefeierte Poet sitzt in seiner kleinen I
1615 2026 2705 2081 gestaltet. Doch bleibt auch diesem Rahmenspiel ein theoretischer
647 2000 1486 2101 Berliner Theaker.
2696 2066 3383 2108 neben dem Bett des sterbenden Mann
1614 2068 2694 2111 Beigeschmack. In einer Museumsgalerie gibt sich die Frau eines
2695 2095 3371 2152 Mitteln ist das gestaltet, aber es ist
1609 2102 2708 2154 Dichters mit ihrem Liebhaber ein Stelldichein; das Stück ihres
1184 2094 1574 2172 Berlin, 5. Januar.
2706 2133 3380 2197 Entwicklung umgesetzt, jedes Geschehni
1622 2137 2707 2205 Mannes, das gestern aufgeführt wurde, hat die Geheimnisse ihres
580 2166 1539 2235 (Arthor Schnitzler: „Lebendige Stunden“ (Deutsches Theater).
1619 2181 3380 2231 Miteinanderlebens schonungslos enthüllt. Nun erkennt sie in dem Offenbarung bei. Und hatte Schnitzler
570 2204 957 2269 „Je)chals=nicht
1312 2207 1610 2276 uschaner mür
1614 2210 3383 2280 Bilde einer „Frau mit dem Dolche“ ihr eigenes Selbst wieder, den“ und die „Frau mit dem Dolche“ a
513 2251 1600 2310 der Schicksale und Abenteuer anderer Leute, sehe ich, wie sie ihre
1611 2257 3382 2299 dunkle Erinnerungen an früher selbst Erlebtes werden wach. Die Natur erwiesen, die erlesenen Stimmung
2693 2287 3374 2364 so hier als einer unserer kraftvollsten Ge
506 2293 1615 2350 Rollen spielen.“ In diesem Wort Burtons, das Washington
1612 2300 2705 2350 Scene wandelt sich —, der Zuschauer sieht das vor Augen, was
2728 2335 3372 2380 Die Aufführung des Deutschen
514 2341 1607 2377 Irving seinem Skizzenbuch als Motto vorangesetzt hat, liegt
1610 2341 2705 2390 jene Frau in dunklem Ahnen erschant. Das Atelier des Meisters
506 2374 1610 2414 Vorrecht und Elend des Künstlerthums beschlossen. Er steht
1610 2363 3386 2431 Remigio aus dem Venedig des 16. Jahrhunderts thut sich auf.  durchgängig gut. Es versagte nur He
517 2411 1612 2455 im Leben, und das Leben hat keine Gewalt über ihn, denn seine
2702 2415 3323 2468 wohl nicht in dies Ensemble gehört.
1608 2414 2717 2475 Meister Remigio ist verreist, und seine Frau, eben jene Frau mit
2704 2448 3386 2505 Rittner als Caséhauslitterat, Herr¬
515 2453 1605 2503 Gedanken, sein Herz gehören den Gebilden seiner Kunst. Er bleibt
1609 2458 2697 2506 dem Dolche, hat ihrem Liebhaber, demselben Manne, der noch eben
2698 2494 3374 2543 Fischer. Herr Bassermann g
511 2494 1601 2537 der Fremdling, der ein volles Menschenloos nie auskostet, niemals
1605 2499 2703 2538 um sie warb, ihre Gunst gewährt. Aber ihr Herz weiß nichts von
512 2533 1605 2586 ausleben barf. Das Schicksal webt seine Netze auch um ihn und
1611 2526 3374 2582 dem, wonach ihre Sinne verlangten, und da Remigio heimkehrt,  feine Charakteristiken, Frl. Triesch off¬
2695 2567 3379 2626 in einer tragischen wie in einer komisch
509 2565 1609 2624 die ihm Nahestehenden, aber das Leid, das er erfährt, wandelt sich
1602 2572 2698 2624 sagt sie ihm, was sie gethan, und stößt den Buhlen mit ihrem
510 2611 1611 2666 ihm in „Stoff“ für seine Kunst. Man mag an Goethe denken,
1602 2613 3381 2646 Dolche nieder. Da Remigio sie so sieht, mit dem blutenden Dolch 1 Publikum fängt an zu begreifen, was es
3222 2643 3380 2688 D.—
504 2655 1600 2715 über den der Tod Derer, die seinem Herzen am nächsten stehen,
1618 2657 2697 2706 in der Hand, tritt er an ihr halbvollendetes Porträt und malt und
1613 2692 2687 2739 malt. Wieder wandelt sich die Scene, wieder stehen die beiden in
511 2684 1611 2750 keine Macht gewinnt ... Und wenn nun das Kunstwerk die Er¬
1613 2733 2687 2785 der Bildergalerie, und nun, unter dem Eindruck, daß sie ihren
506 2730 1607 2776 lebnisse des Künstlers ganz objektivirt widersviegelt, — was hat
515 2766 1603 2820 der leidend Schaffende dabei empfunden? Wie verhält sich die
1607 2777 2678 2821 Schicksal nicht entgehen kann, verspricht die Frau, dem Liebhabe
515 2807 1602 2856 Wirklichkeit, die er lebt, zu der Welt seiner Kunst, wie er selbst zu
1609 2811 2680 2865 zu Willen zu sein. Tiefer, ich sagte es schon, ist das Problen
510 2851 1603 2913 beiden? Wie werden aus den großen Schmerzen die kleinen
1602 2842 2690 2902 erfaßt: etwas Vampyrhaftes ist in diesem Remigio, der aus der
503 2877 695 2936 Lieder?
1611 2874 2710 2939 Aufopferung seines Weibes und ihrer Schreckensthat nur eben
559 2901 1611 2980 Arthur Schnitzler's neue Einakter „Lebendige
1615 2925 2702 2971 den Stoff saugt für seine Kunst. Wiederum aber läuft alle
1614 2967 2707 3013 Charakteristik und alle Phantastik auf ein kühles „fabula docet“
508 2952 1604 3009 Stunden“ geben Antwort auf diese Fragen. Neben die ge¬
1599 3002 2711 3072 hinaus, und über Jahrhunderte hinweg illustrirt die Schicksals¬
506 3002 1601 3051 dankliche Zusammengehörigkeit tritt außerdem noch stoffliche Ver¬
503 3046 1607 3104 wandtschaft. — „Lebendige Stunden“ hat Schnitzler seine
1602 3040 2649 3111 fügung ohne seinere Psychologie ein psychologisches Theorem.
1657 3088 2728 3140 In „Literatur“ hat Schnitzler selbst die Vorstellungswelt
503 3080 1604 3135 vier Einakter benannt, es ist dies gleichzeitig der Untertitel, den
510 3115 1600 3169 das erste dieser Stücke führt. „Lebendige Stunden? Sie leben
1606 3118 2721 3159 des ersten Einakter kecklich parodirt, und was ihm im Ernst miß¬
507 3156 1599 3210 doch nicht länger als der Letzte, der sich ihrer erinnert. Es ist nicht
1602 3152 2728 3211 lang, vermochte er durchaus im heitren Spiele: da ist Leben und
505 3194 1601 3248 der schlechteste Beruf, solchen Stunden Dauer zu verleihen, über
1606 3204 2704 3250 Laune und treffende Charakteristik. Von den Dichtern und
510 3228 1598 3282 ihre Zeit hinaus,“ so spricht der Sohn, der seine Mutter verloren
1610 3239 2713 3285 Künstlern steigt man zu Caféhaus=Literaten hinab. Männlein
503 3280 1602 3324 hat, und dieser Sohn ist ein Dichter. Er hat die Krankheit der
1606 3280 2704 3329 und Fräulein hatten ein Verhältniß miteinander: die Liebesbriefe,
520 3317 1599 3367 schwer Leidenden mit ansehen müssen, und darüber die Fähigkeit,
1616 3311 2708 3368 die sie einander schrieben, haben beide zu je einem Roman ausge¬
518 3355 1611 3405 zu schaffen, verloren. Ihr Tod trägt etwas wie Erlösung für ihn
1618 3348 2714 3416 schlachtet. Sie ist inzwischen ein anderes Verhältniß eingegangen,
1611 3377 2714 3448 und das ergibt eine Verwicklung, die sich lustig abspinnt. Mußte
512 3400 1607 3447 in sich; er weiß, nun wird er sich zu seiner Kunst zurückfinden
1609 3422 2710 3485 man den wahren Künstlern ihr Künstlerthum auf Schnitzler's
509 3434 1610 3486 können. So tritt er dem Mann gegenüber, der seine Mutter geliebt
516 3470 1598 3522 hat und mit ihr lebendige Stunden lebendigen Glücks genoß. Und
1608 3465 2703 3525 Wort hin glauben: diese Caséhaus=Literalen überzeugen in sich.
512 3506 1605 3554 den in seinem Leide empört es, wie der Sohn das Andenken seiner
1614 3513 2696 3562 Künstlerisch am belangvollsten aber ist „Die letzten Masken“.
509 3536 1601 3600 Mutter seiner Kunst zu opfern im Begriff steht, und er theilt ihm
1608 3536 2706 3599 Ursprüngliche Tragik ist mit überlegenem Humor gesehen, ein¬
510 3585 1611 3637 mit: „Deinetwegen, um dir deine Ruhe wiederzugeben, ist deine
1609 3586 2709 3637 fache, schlichte Charakteristit wächst sich eigenartig aus, in die
512 3625 1605 3671 Mutter freiwillig aus dem Leben geschieden.“ Aber auch das ver¬
1610 3632 2716 3676 Tiefe armer, menschlicher Herzen fällt ein Schein. An den
516 3666 1600 3713 windet der junge Dichter. — Nicht ganz ohne Stimmung ist dieser
1614 3657 2715 3715 Grünen Kakadu“ fühlt man sich erinnert: das Spiel will Wirk¬
514 3706 1610 3752 einfache Vorgang gegeben. Aber so theoretisch, wie es hier stizzirt
1610 3690 2711 3761 lichkeit werden, und Wirklichkeit bringt es dennoch nur zu einem
520 3746 1602 3793 ist, spielt sich die Scene auf der Bühne ab. Die Charaktere sind
1621 3743 2720 3798 Spiel. Im Allgemeinen Krankenhaus ist die Szene. Ein ver¬
506 3773 2714 3855 eben nur soweit angedeutet, als es ihre theoretische Mission erfor¬ kommener Literat fühlt seine letzte Stunde nahe und da will er
