3436 4224
2435 123 2508 218 2
2061 130 2376 217 box 21
242 146 1903 255 16.1. Lebendige stunden Zyklug
780 527 1265 704 gax Goldse
1260 603 1420 752 7
659 650 1284 762 C. * Bureau für 4
1378 689 1491 786 9
700 735 1420 814 Zeitungsausschnitte und Verlag
706 803 1401 875 der Wissenschaftlichen Revue.
626 857 1524 944 BERLIN N., Auguststr. 87 part.
784 917 1364 984 Telephon Amt III, No. 3051.
901 1013 1244 1094 Ausschnitt
517 1005 894 1090 Peierenmn Adreser
509 1066 896 1133 GOLDSCHMIDT. Auguststr. 87.
1011 1076 1123 1144 aus
790 1231 1285 1367 Berliner Tagebieh
476 1260 659 1402 71
871 1383 1172 1473 —5. 1. 02
1700 1605 1766 1664 —
2860 1646 3343 1721 rächt ihr ganzes Geschlech
1622 1658 2858 1718 muß. Im letzten Moment wird ihm ein Schnippchen geschlagen.
362 1654 1620 1747 %Sebendige Stunden“ von Arthur Schnitzler.
2855 1707 3345 1764 weigerte Stelldichein bew
1625 1708 2865 1764 Fester noch als bisher wird er an Margarethens Treue glauben, ein
645 1713 1370 1794 Erstaufführung im Deutschen Thegter.
2858 1741 3316 1804 reinen Tönen gebracht.
1621 1750 2860 1809 armer und doch in seiner Ahnungslosigkeit glücklicher Tropf.
415 1775 1617 1844 F. E. Es war schließlich ein recht beträchtsicher, beinahe ein
2860 1781 3337 1864 Hintergrund, ohne echte
1630 1797 2860 1855 Schnitzler hat die Figuren brillant abgehoben, den Edelmann
2920 1835 3341 1897 Auch in dem Titelstück
361 1828 1613 1884 großer Erfolg, sehr lebhafte Bewegtheit im Publikum, viele Hervor¬
1620 1825 2869 1892 mit dem Stallgeruch und der geräuschvollen Tugendprotzerei,
366 1880 1621 1931 rufe des Dichters. Arthur Schnitzler hat vier Einakter geschrieben und
2865 1862 3342 1930 demisch ohne Fleisch und
1623 1870 2857 1933 das schmucke buhlerische und dabei sehr berechnende Weibchen und
360 1927 1609 1976 ihnen nach dem Titel des ersten prologisirenden Stückes die nicht gerade
2863 1921 3340 1974 Niemand zu vertheidigen b
1616 1918 2862 1979 den nonchalanten Kaffeehauszigenner voll Geist, Cynismus und Ver¬
363 1958 1625 2005 zwingende Gesammtbezeichnung „Lebendige Stunden“ gegeben. Vier
2867 1958 3357 2011 daß das Leben den Todte
1630 1968 2166 2029 achtung gegen alles Korrekte.
364 2000 1629 2062 Einatter, der eine dazu ein dreitheiliger! Der Zettel las sich fast
2857 2004 3353 2064 Liebe stellt er gegeneit#
1666 2001 2859 2076 In dem Schauspiel, das vorherging, ist Schnitzler vor
2865 2048 3344 2101 Alters und die Liebe der
355 2043 1626 2109 wie ein Ueberbrettlprogramm. Er hätte Einem die Stimmung ver¬
1620 2054 2863 2109 allem der Meister diskreter und leise andenunder Kunst. Im
362 2083 699 2151 derben können.
2900 2096 3346 2160 Von der Darstellung k
1614 2085 2876 2147 Krankenhaus, wo der Tod hinter jedem Bette winkbereit steht, fallen
411 2111 1611 2180 In dem ersten Stück und dann in dem zweiten „Die Frau
2861 2122 3313 2194 es zu spät ist, auf
1622 2142 2852 2192 „die letzten Masken“ von den Seelen der Menschen. Der
2869 2168 3308 2233 Max Reinhardt
355 2173 1614 2241 mit dem Dolche“ hat Schnitzler nach Kränzen gegriffen, die ihm
1615 2180 2861 2230 lungenkranke Schauspieler enthüllt sich in seiner ganzen kleinen
352 2205 1620 2264 nicht zu blühen scheinen, Mit schönem Streben, aber mit Unvermögen
2859 2213 3346 2281 Einfachheit, Hanns Fis
1625 2223 2871 2279 Gespreiztheit, und der abgezehrte Journalist Karl Rademacher,
2865 2259 3237 2325 „letzten Masken“
359 2254 1627 2318 hebt er sich auf die Fußspitzen und langt in die kühle
1619 2266 2865 2322 deckt sein armes, stumm gewesenes Herz auf und läßt
2869 2295 3299 2370 der Rolle erfüllt.
355 2301 1627 2360 Luft des Abstrakten und nach den Thurmhöhen des Pathetischen. Es
2752 2309 2864 2363 des
1620 2313 2760 2366 den Trotz ausströmen, der sich gegen die Falschheit
2868 2340 3326 2401 Bohémien (mit der
355 2333 1632 2395 mißlingt ihm oder gelingt ihm nur halb, nur unter Schweißaus¬
1615 2349 2870 2405 Schicksals aufgehäuft hat, und die Abgunst gegen alle,
2864 2373 3350 2451 seinem kantigen Phlege
354 2394 2865 2443 sbrüchen und mit Auflehnung gegen sich selbst. Dann aber, in dem ernsten denen es besser beschieden war. Rademacher fühlt sich sterben. Vor
358 2426 1626 2483 Schauspiel , Die letzten Masken“ und in dem Uebermuthschwank
1619 2440 3345 2496 dem Tode will er noch einmal dem Jugendgenossen, dem berühmt zweimal Gelegenheit, zu
358 2473 1626 2526 „Literatur“ finden wir alle die Züge wieder, die wir herzuch an
2870 2476 3350 2533 bis in die kleinde Bei
1626 2483 2860 2542 gewordenen Dichter Alexander Weihgast sagen, wie er ihn durchschaue
363 2509 1625 2562 ihm tieben dürfen. Wir sehen ihn von Neuem als bühnengerechten Voll¬
2857 2516 3346 2571 Dichters zu finden wu
1625 2508 2859 2571 in seiner geistigen Hohlheit, und wie er ihn verachte wegen seiner un¬
361 2539 1619 2604 strecker der Forderungen, die die literarische Schule aufgestellt hat,
2864 2551 3341 2615 Stückes und der süß
1622 2552 2865 2624 verdienten Erfolge. Er will ihm sogar sein häusliches
365 2598 1620 2657 welcher er entsprossen ist. Seine Gedanken sind zart unt ohne
2861 2599 3322 2661 Dichter des dritten
1615 2604 2867 2663 Glück zerstören, indem er ihm die Untreue seiner Frau
355 2632 1617 2694 Theaterei. Bekenntnisse aus dem Leben, Spiegelungen der Wirklichkeit,
2858 2639 3319 2705 Lebenskraft erfüllt. Ir
1624 2647 2864 2703 verräth. Das alles übt er sich vor dem schwindsüchtigen
352 2685 1623 2735 und bei aller Feinheit doch höchst geschickt den Bedingungen der
2869 2679 3355 2747 ebenfalls in zwei Stück
1613 2692 2868 2742 Schauspieler wie in einer Generalprobe ein. Als dann aber Weih¬
359 2725 1621 2778 Kulisse angepaßt. Mit Herz und Geist ein Künstler, mit der
2862 2730 3351 2780 der inneren Komik der 9
1622 2727 2871 2795 gast wirklich erscheint, als Rademacher ihn mit dem Hellblick des
357 2766 1618 2823 Hand ein graziöfer Kunsthandwerker, stellt er eine Gattung
2858 2761 3341 2833 Man kann sich das alles
1618 2778 2867 2824 Sterbenden völlig durchschaut in seiner Aufgeblasenheit, in
357 2815 1622 2869 dar, deren unsere Bühne nur zu nothwendig bedarf. Und
2858 2809 3363 2872 und unterhaltender denke
1613 2817 2868 2886 seinem eitlen Geckenthum, in seinem unerschütterlich selbst¬
356 2846 1621 2893 auch sonst knüpft Schnitzter in diesen beiden letzten Stücken an sich
2861 2852 3337 2918 war sie im Reden u
2613 2853 2869 2918 der viel¬
2517 2865 2618 2913 er,
1617 2849 2490 2916 zufriedenen Glücksgefühl, da empfindet
357 2878 1619 2938 selber an. Er thut es in der Stoffwahl, wenn er, der frühere
2867 2887 3315 2954 zurt punktirend, mit
1614 2896 2866 2959 geschundene Zeilenschreiber, sein eigenes Loos nicht mehr
350 2924 1618 2991 Mediziner, „Die letzten Masken“ in der beklemmenden Atmosphäre
2871 2936 3357 2999 besten Ausdruck für die
1615 2933 2861 3003 so unerträglich. Die vollkommene Lüge dieses Daseins entwaffnet ihn
350 2968 1621 3018 des Spitals spielen läßt, er kynt es, wenn er in „Literatur“ das alte
2869 2983 3352 3038 die Gesellschaftskultur nur
1629 2982 2868 3034 und stimmt seinen bitteren Wahrheits=uth milde. Er schweigt und
355 3006 1623 3065 Schnitzler=Thema der mondainen und demimondainen Liebe erörtert.
2858 3021 3360 3080 florentinischen Zwischenspie
1618 3032 2867 3085 schweigend stiröt er. Szenenführung des Stückes i“ gewagt, aber sie
352 3048 1623 3117 Man weiß, wie reizend er es macht, mit welcher galauten
2861 3070 3357 3119 müssen und nach dem Um
1615 3069 2870 3125 löst sich in diesem Schluß harmonisch und mit edler Wirkung auf.
354 3102 1618 3155 Skepfis er sich immer auf die Seite der Frauen schlägt, wie er lächelnd.
2867 3108 3360 3161 entfalten können. Aber in
1623 3114 2527 3182 Das Krankenhausmilieu ist ausgezeichnet definirt.
354 3141 1619 3193 den Mann als den Betrogenen hinstellt und den Sünden des Weibes
2854 3148 3350 3224 sehr interessanten künstleri
1655 3134 2873 3206 Noch ein Wort von den ersten beiden Stücken. „Die Frau
360 3181 1618 3240 Absolution ertheilt, indem er die Schlechtigkeit oder Bornirtheit des
1615 3178 2876 3250 mit dem Dolche“ zeigt eine Episode im Museum vor dem be¬
358 3226 1308 3293 sogenannten starken Geschlechtes ergötzlich schildert.
1607 3235 2866 3298 kannten so genannten Bilde aus dem fünfzehnten Jahrhundert. Frau
405 3251 1623 3327 Das hat er in „Freiwild“ und „Liebelei“, das hat er im Anatole¬
1626 3273 2881 3345 Pauline und ihr Liebhaber flirten halb feurig, halb sentimental.
362 3303 1627 3375 Cyklus und in dem unaufführbaren erotischen „Reigen“ gethan. Erthut
1616 3303 2890 3387 Die junge Frau träumt vor dem Bilde, daß sie es selbst
355 3370 1613 3413 es auch in „Literatur.“ Die Frau hat eine Vergangenheit. Sie war
1616 3370 2875 3428 darstelle. Die Bühne verdunkelt sich, ihr Traum wird
365 3404 1617 3454 an einen Philister verheirathet, hat sich frei gemacht, ist „Dichterin“
1608 3409 2879 3466 szenische Wirklichkeit. Frau Pankine ist in eine Florentinerin
357 3452 1618 3495 geworden, hat in Minichen fröhliche Bohémien=Tage und Nächte ver¬
1620 3455 2867 3511 Paola verwandelt, die ihrem Gatten, dem berühmten Maler
368 3482 1620 3541 lebt und will sich jetzt von Neuem rangiren, indem sie sich von dem
1607 3495 2875 3563 Remigio, zu der „Frau mit dem Doche" Modell gestanden
366 3524 1621 3574 herzlich beschränkten abeligen Sportsman in die Ehe führen läßt.
1623 3538 1736 3584 hat.
1719 3541 2869 3591 Ein anderer Maler, Leonardo, hat ihre Gunst genossen.
347 3558 1627 3624 Baron Clemens, bis oben in aristrokratische Vorurtheile eingeknöpft,
1625 3573 2871 3623 Sie beichtet es dem heimkehrenden Gatten und ersticht den
345 3614 1622 3666 will nicht, daß seine Frau noch weiter schriftstellere. Er findet
1609 3609 2874 3677 Freund einer Nacht. Aber Remigio sieht, während sie den Dolchstoß
1619 3659 2861 3708 führt, in ihr nicht die reuigenundcopferbereite Gattin. Er sieht nur
340 3643 1627 3710 es plebejisch, Eriebnisse, selbst wenn sie nur erfunden sind, in Form
351 3694 2871 3735 von Büchern an die Leute zu verkaufen. Oh, wenn er wüßte, daß Fihre hervische Geste. Just,o wie er sie für das Bild da auf der
359 3722 2879 3787 Margarethe sie nicht nur erkunden hat. Wenn er wüßte, daß dieses! Staffelei braucht. Er greift, während Leonardo am Boden
362 3779 2879 3842 Buch, das sie soeben veröffentlichen will, und welches er zum Ein-verröchelt, nach Pinsel und Paiette. So sind die Männer, sagt
365 3817 1633 3881 stampfen vom Verleger aufkauft, daß es ein Bericht ihrer Abenteuer mit
1618 3806 2876 3878 Schnitzler. Die Frau aber möge sich schadlos halten. Wiederum
364 3880 2872 3918 einem Münchener Literaten ist. Die Handlung ist sehr witzig bis zu demeksehen wir den Museumsjaal. Frau Pauline erwacht aus
366 3893 2886 3975 Punkt geführt, wo der Baron diese traurige Gewißheit erlangen undin den# dei Traum, den wir eben leibhaftig genossen haben.
365 3943 2882 4030 Literaten den unerwünschten Vorbesitzer seiner Brout kennen lernen rächt die längst verschollene Floreutinerin, sie
2308 4059 2480 4149 e
