3484 4320
264 153 2423 262 16.1. Lehendige Stunden zuklus bos 21/5
424 1210 3340 1290 kommen. Und das war der wunde Punkt der Aufführung. geistreich, amüsant und frech. In elegantester, weltmännischester macht in der befreie
425 1272 1684 1343 Die ungemein schwierige Rolle des Rademacher spielte Herr
2898 1277 3342 1353 den Unverstand dies
1661 1262 2897 1347 Weise, ganz in den Formen des Salongeplänkels, für das
423 1321 1671 1389 Stärk mit großem Geschick und feinem Verständnis, aber
2900 1323 3333 1392 Und er fackelt nicht
1668 1325 2905 1386 er nur eine treffende Bezeichnung gibt, Causerie, wird hier
491 1355 1669 1431 hier muß das wiederholt werden, was von seinem Amandus
1669 1379 2891 1444 eine halbe Stunde lang zwischen einem Gentleman=Einbrecher
2895 1375 3339 1453 von Exposition u. s.
426 1429 1666 1481 in der „Jugend“ gesagt wurde und hier noch viel schwerer
1672 1428 2894 1489 und einem Gentleman=Bestohlenen das paradoxe Sophisma
2895 1431 3321 1494 springt mit einem
422 1461 819 1533 ins Gewicht fällt
862 1466 1663 1536 er ließ das Psychologische hinter dem
2902 1467 3335 1543 das Leben, dorthin n
1666 1467 2892 1546 abgehandelt: „Jeder sogenannt ehrliche Beruf, den ein Mann
427 1519 1671 1591 Pathologischen zurückstehen, statt viese beiden Elemente innig
1665 1532 2887 1589 von Welt ergreifen kann, ist nichts als verhüllter und
2887 1509 3343 1595 geht, dann stehen w#
429 1557 1669 1633 mit einander zu verweben. Was das rein pathologische Bild
1673 1570 2899 1632 bemäntelter Diebstahl und Betrug. Der einzig sympathische
2903 1576 3318 1635 und Treiben dieser
415 1614 1662 1675 betrifft, bot Herr Stärk eine Glanzleistung moderner, realistischer
1661 1615 2901 1694 Beruf für einen anständigen Menschen ist deshalb — der
2900 1623 3322 1689 drolligen Schicksalen.
422 1671 1658 1739 Schauspielkunst, eine vollendete Spitalsstudie. Aber Rademacher
1661 1665 2897 1726 offene, ehrliche Diebstahl!" Dieser Tausendsassa von Dieb
2897 1673 3337 1737 ein Karrikaturist, ja
422 1722 1654 1772 ist nicht eine reine Spitalsstudie, er ist vor allem eine
1669 1721 2891 1772 läßt ein so blendendes Feuerwerk von geistreichen, bissigen und
2898 1712 3324 1788 lieben Zeitgenossen
433 1756 1669 1836 Seelenstudie, und in dieser Beziehung weist die Leistung
1669 1772 2898 1839 boshaften Argumenten und amüsanten Histörchen los, daß
2894 1751 3327 1831 Schwächen erkennen
415 1790 1670 1879 des Herrn Stärk eine klaffende Lücke auf. Nach der pracht¬
1668 1816 2893 1883 man es dem Bestohlenen eigentlich gar nicht verübeln kann,
2895 1822 3342 1891 ist er bei aller seine#
423 1865 1670 1933 vollen Szene mit dem Schauspieler, an der nur auszusetzen
1666 1865 2892 1935 wenn er schließlich den faulen Raketenzauber beinahe für
2894 1867 3330 1938 würdig! Wäre „Der
425 1915 1672 1989 war, daß Herr Stärk einmal im Ton zu voll und kräftig
1657 1908 2890 1974 blinkende Sternenpracht ansieht, den Polizeikommissär wegschickt
2900 1914 3333 1987 Geist liebenswürdige
414 1958 1665 2019 wurde, ließ er seinen Rademacher der Lähmung des nahenden
2893 1960 3325 2032 der Welt müßten sich
1661 1961 2897 2027 und sich von dem Dieb mit einem freundschaftlichen „Auf
427 2003 1671 2082 Todes anheimfallen, in einen Zustand halber Bewußtlosigkeit
1662 2010 2888 2081 Wiedersehen!“ verabschiedet. Glänzend! Aber, so fragt man,
2886 2013 3326 2090 diese freche Persiflag
417 2039 1664 2122 hineindämmern und beraubte sich so der Möglichkeit, seine
1655 2061 2899 2123 kann das auch unter der Rubrik „Literatur“ registriert werden.?
2899 2069 3328 2132 lachen — und im
416 2103 1659 2161 Leistung mit der Gestaltung der seelischen Wandlung Rade¬
1668 2096 2915 2182 Gewiß! Auch solche geistreiche Kleinlichkeiten haben einen Wert,
2902 2110 3335 2185 spüren, das ihnen
410 2147 1671 2202 machers zu krönen. Und daß tatsächlich eine Sinnes¬
1668 2160 2890 2231 der, wenn es auch kein literarischer Ewigkeitswert ist, nicht
2890 2155 3316 2231 so ähnlich geht es
424 2199 1660 2253 änderung in dem bei klarem Bewußtsein befind¬
1666 2212 2885 2282 unterschätzt werden darf. Gespielt wurde das Stück sehr gut.
2897 2218 3319 2277 Kern der Wahrheit
415 2256 1659 2308 lichen Rademacher eintritt, das beweist sein Besehl, seine
1655 2253 2877 2319 Vor allem Herr Kammauf zeichnete sich als eleganter in
2894 2247 3331 2339 Wahrheit, der in de
413 2301 1660 2363 Papiere, die den Freund vernichten sollten, dem Feuer zu
1666 2292 2888 2368 seiner weltmännischen Verbindlichkeit und seiner unglaublich
2898 2302 3334 2371 „Und ist die Sache
421 2354 1658 2422 übergeben. Rein pathologisch mag ja das Bild, daß Herr
1663 2359 2899 2419 frechen Sicherheit unwiderstehlicher Dieb aus. Herr Stärk
2888 2348 3331 2427 Polizei!“ Die Han
414 2403 1654 2471 Stärk zeichnete, richtig sein, aber — mansoll den Dichter
1676 2397 2887 2471 stattet den Bestohlenen mit einem Zug der Beschränktheit
2887 2401 3328 2474 Man muß sie sehen,
422 2445 1654 2512 nicht korrigieren wollen. Diese Korrektur reißt eine
1661 2460 2887 2528 aus, der, ebenso wie die Larmoyanz des Herrn Berg, etwas
2890 2456 3327 2525 darüber lachen kann
416 2489 1660 2551 bedenkliche Lücke in die Dichtung, denn das schönste, das
1655 2505 2798 2581 gemildert werden sollte. Die Inszenierung war brillant.
2898 2504 3323 2572 flottesten Tempo, S
415 2547 1669 2616 befreiende, versöhnliche Moment, ging so verloren und zurück
2888 2551 3335 2627 sammenspiel wickelte
1753 2559 2895 2621 Den Schluß machte „Der gemütliche Kom¬
429 2596 1655 2666 blieb nur ein Grau in Grau gemaltes, trostlos niederdrückendes
2886 2606 3319 2675 Abends rangen H#
1656 2610 2557 2689 missär“ von Courteline. Courteline
2538 2612 2889 2679 — man kann
413 2648 1663 2713 Bild. Herr Minnich ließ als Schauspieler Jackwerth den
2896 2652 3333 2721 Reißner als Flock
1667 2658 2885 2728 eigentlich nur in Parabeln und Hyperbeln von ihm reden,
418 2687 1654 2759 kräftigen tragischen Unterton, der in der leichten Komik dieser
2888 2700 3329 2774 an scharfer, drastisch
1664 2697 2890 2783 wenn man ihn charakterisieren will. Er ist ein Schnellzeichner
419 2748 1656 2817 Rolle liegt, nur anklingen, ohne ihn voll und stark austönen
2891 2748 3331 2825 beide boten Leistung
1659 2760 2888 2825 mit der Feder, ein genialer Karrikaturist, der im Fluge, wie
421 2799 1660 2857 zu lassen, bewährte sich aber, abgesehen davon, abermals als
2889 2801 3325 2876 wußte ihre kleine R
1657 2804 2887 2876 er sie erschaut und durchschaut hat, die Gestalten mit ein
426 2848 1652 2903 verständnisvoller, treffsicherer Schauspieler. Herr v. Pindo
2890 2853 3284 2920 und Routine zu g
1664 2858 2889 2920 paar groben Strichen aufs Papier wirft. Das gibt Karrika¬
414 2873 1658 2961 gab den Weihgast mit der Gemessenheit und konventionellen,
2885 2898 3333 2963 Rollen siel besonder
1664 2906 2882 2967 turen, gewiß, aber wenn man näher zusieht, dann sind die
422 2939 1652 3005 lauwarmen Herzlichkeit, die diese Rolle erfordert. Die kleinen
2887 2950 3335 3035 Maske auf. Die He
1657 2948 2879 3016 Karrikierten eigentlich gar nicht karrikiert, sondern nur aller
420 2987 1656 3060 Rollen lagen bei Frl. Kühnau und den Herren Stengel
2881 2996 3299 3072 zu wünschen übrig.
1664 3003 2883 3076 beschönigenden Zutaten, mit denen sie sich zu drapieren
413 3028 1656 3101 und Berg in guten Händen. Milieu und Stimmung waren
1664 3052 2890 3120 pflegen, entkleidet und so dargestellt, wie sie sich dem Auge
2971 3033 3335 3123 Die Betrachtun
414 3091 1646 3149 vorzüglich getroffen. Das Stück übte eine starke, tiefgehende
1662 3102 2877 3158 des scharfen, mit einer satirischen Ader begabten Beobachters
2889 3090 3325 3194 man nur mit dem #
411 3122 1118 3208 Wirkung auf das Publikum aus.
1667 3142 2896 3220 darstellen. Courteline hält seinen „Opfern“ einen Zerrspiegel
515 3178 1658 3262 Den Uebergang zu der heiteren Muse Courtelines stellte
1653 3197 2901 3267 vor, und zeigt dann dem lachlustigen Publikum das unglaub¬
430 3221 1656 3313 in glücklicher Weise ie geistvolle Satire „Der Dieb“ von
1655 3234 2899 3324 lich komisch verzerrte, aber auch unglaublich porträttreue
425 3286 2923 3370 Mirbeau her. Eine brillante, echt französische Causerie, Spiegelbild. Er macht nicht in Tendenz und Moral. aber er 1
