3484 4192
2057 181 2493 294 box 21/5
319 212 2057 363 16.1. Lebendige Stunden Zyklus
1417 1237 2371 1323 eigenen Sohne diese furchtbare Tatsache in sophi¬
1420 1301 2381 1375 stischer Wechselrede enthült. Dieser antwortet in
1426 1353 2380 1415 gleicher Münze: er wirft seine dichterische Begabung
1423 1396 2378 1469 in die Wagschale und das Opfer der Mutter schnellt
1421 1447 2373 1514 federleicht in die Höhe. Der zweite Einakter „Die
913 1472 1313 1566 Telephon 12.801.
1425 1490 2369 1561 Frau mit dem Dolche“ greift in jene rätselhafte
1412 1530 2368 1605 Welt, die als Traum, Ahnung oder Halluzination
1408 1586 2371 1646 verwirrend in die taghelle Klarheit unseres Bewußt¬
361 1596 1117 1719 „OBSERTEN
1410 1636 2382 1719 seins emporsteigt. Ein Bild, dem ein vor hundert
1414 1697 2370 1755 Jahren begangener Ehebruch zu Grunde liegt, treibt
220 1698 1295 1780 I. österr. beh. konz. Unternehmen für Zeitungs¬
1413 1732 2387 1804 heute eine prädestinierte Beschauerin dieses Bildes
416 1749 1090 1809 Ausschnitte und Bibliographie.
1412 1776 2370 1846 in einen ähnlichen Fall. Auf dem nüchternen Boden
384 1801 1151 1888 Wien, I., Concordiaplatz 4.
1403 1829 2374 1901 pathologischer Wirklichkeit bewegt sich das dritte
605 1874 939 1938 Vertretungen
1415 1879 2380 1944 Stück „Die letzten Masken". Zwei Todeskandidaten,
222 1896 1304 1981 in Berlin, Brüssel, Budapest, Chicago, Cleveland, Christiania,
1415 1921 2376 1991 verbitierte arme Teufel, möchten ihre letzten, „leben¬
223 1965 1310 2019 Genf, Kopenhagen, London, Madrid, Mailand, Minneapolis,
1405 1970 2366 2028 digen Stunden“ dazu benützen, ihre ganze lebens¬
230 2005 1307 2061 New-York, Paris, Rom, San Francisco, Stockholm, St. Peters¬
1406 2027 2367 2085 lang angesammelte Galle los zu werden. Aber es
616 2039 924 2094 burg, Toronto.
556 2074 953 2143 Onollenangabe ohne Gewähr.)
1403 2071 2369 2146 geht nicht: in kraftlosem Wiederkauen beruflicher
1411 2117 2362 2187 Phrasen träumen sie hinüber. An Stelle der ent¬
220 2135 603 2222 Ausschnitt aus:
1409 2166 2366 2239 zückenden „Literatur“, die den Zyklus als fein zise¬
577 2151 1358 2272 Deutsches Abendblatt, Prag
1407 2219 2361 2282 lierte Plauderei schließt, gab man diesmal die rei¬
366 2191 662 2304 18 1. 1911
224 2239 390 2312 vom:
1395 2267 2368 2329 zende aber auf einen ganz andern Ton gestimmte
1395 2313 2370 2381 Komödie „Komteß Mitzi“. Die Wiedergabe, besonders
1399 2361 2362 2432 der beiden ersten Einakter war nicht stimmungsvoll
1403 2394 2369 2477 genug. Die Gartenszenerie des ersten Stückes war
564 2402 1240 2504 Neues deutsches Theater.
1397 2463 2368 2533 zu offen und verschlang viel von dem bald zu stark,
695 2479 1130 2556 Lebendige Stunden.
1393 2507 2375 2582 bald zu schwach pointierten Zwiegespräch der Herren
1247 2542 1338 2599 ler.
457 2513 1409 2658 Vier Einakter von Arthur Schnitz.
1394 2545 2369 2620 Max Schütz und Kaaden. Hierauf folgte eine
722 2581 1086 2646 (Neu einstübrerts.
1397 2598 2363 2665 dreißig Minuten währende Zwischenpause, die das
489 2627 1378 2704 Diese vier Schauspiele sind eine aparte Gabe
1395 2642 2366 2720 Publikum mit allen Zeichen der Unruhe ansfüllte.
416 2674 1376 2741 für literarische Feinschmecker. Der Grundton der¬
1391 2702 2359 2761 Als dann „Die Frau mit dem Dolche“ erschien,
423 2741 1372 2799 selben ist das markante Erlebnis in seinen Bezie¬
1390 2740 2370 2822 hatte besonders Frl. Steinheil einen schweren
426 2784 1381 2858 hungen zu der nachkostenden Erinnerung. Aber die
1387 2792 2348 2870 Stand, die helle, mondäne Klangfarbe ihres Sprech¬
410 2832 1382 2883 Stellung, die der Dichter selbst zu der gegebenen
1390 2856 2367 2919 organs genügend nachzudunkeln. Viel besser gelang
412 2866 1377 2948 Aufgabe nimmt, ist so schwankend wie die ganze
1383 2890 2346 2968 es Herrn Tiller mit seiner scharf charakterisie¬
414 2912 1377 2988 Empfindungswelt der blasierten Wiener Aestheten,
1387 2934 2353 3015 renden Eigenart den Leonard interessant zu ge¬
406 2976 1372 3045 die alle Gefühlswerte nur als Thema zu geistreichen
1393 2979 2356 3042 stalten. Leider stellte der Umbau der Zwischenszene
416 3014 1370 3089 Variationen betrachten. In dem ersten, den Ge¬
1389 3035 2348 3110 hinter dem Gaze=Vorhange, sowie der Kostümwechsel
413 3055 1372 3133 samttitel führenden Einakter philosophieren zwei
1387 3088 2349 3153 der beiden Hauptdarsteller durch eine übermäßige
400 3109 1363 3184 Männer über eine Frau, die einem langen Siech¬
1385 3135 2348 3209 Länge das Publikum wiederum auf eine so starke
417 3164 1365 3240 tum freiwillig ein Ende gemacht hat, um ihren Sohn
1378 3185 2350 3258 Geduldprobe, daß für den Ausklang des geistvollen
406 3195 1363 3284 in seinem dichterischen Schaffen nicht zu hindern.
1377 3220 2335 3285 Einakters kaum mehr als ein flüchtiges Beifalls¬
410 3263 2345 3350 Es ist der gewesene Freund dieser Frau, der ihrem I murmeln übrig blieb. Den stärksten Eindruck rief
2390 1251 3357 1359 das dritte Stück „Die letzten Masken“ hervor, dessen
2387 1329 3348 1400 offen da liegender Naturalismus nichts zu deuten
2381 1362 3351 1439 gibt. Die Herren Manning (Journalist), Huttig
2388 1418 3350 1497 (Schauspieler) und Rittig (berühmter Dichter)
2381 1452 3347 1529 verstanden es, ihre prächtig durchgeführten Aufgaben
2390 1518 3351 1592 zu einem brillanten Zusammenspiel zu verbindend.
2391 1559 3350 1641 Die Komödie „Komteß Mitzi“ soll denen, die bis
2390 1604 3354 1683 zum Schlusse geblieben sind, viel Vergnügen und
2383 1646 3344 1735 den bekannten flotten Darstellern viel Beifall ge¬
2379 1694 2672 1759 bracht haben.
3150 1720 3317 1801 P. R.
