<?xml version="1.0" encoding="UTF-8" standalone="yes"?>
<PcGts xmlns="http://schema.primaresearch.org/PAGE/gts/pagecontent/2013-07-15" xmlns:xsi="http://www.w3.org/2001/XMLSchema-instance" xsi:schemaLocation="http://schema.primaresearch.org/PAGE/gts/pagecontent/2013-07-15 http://schema.primaresearch.org/PAGE/gts/pagecontent/2013-07-15/pagecontent.xsd">
    <Metadata>
        <Creator>prov=University of Rostock/Institute of Mathematics/CITlab/Gundram Leifert/gundram.leifert@uni-rostock.de:name=ONB_Newseye_GT_M1+(htr_id=10810)::::v=2.4.2
prov=University of Rostock/Institute of Mathematics/CITlab/Tobias Gruening/tobias.gruening@uni-rostock.de:name=de.uros.citlab.module.baseline2polygon.B2PSeamMultiOriented:v=2.4.2
prov=University of Rostock/Institute of Mathematics/CITlab/Tobias Gruening/tobias.gruening@uni-rostock.de:name=/mnt/transkribus/LA/DEA/URO/LA_news_onb_att.pb:de.uros.citlab.segmentation.CITlab_LA_ML:v=2.4.2
Transkribus</Creator>
        <Created>2019-10-07T11:35:23.428+02:00</Created>
        <LastChange>2019-10-08T17:26:05.147+02:00</LastChange>
        <TranskribusMetadata docId="223975" pageId="9501692" pageNr="400" tsid="16604026" status="IN_PROGRESS" userId="40391" imgUrl="https://files.transkribus.eu/Get?id=JDWBWNULDHMUTSVUPXLNUINA&amp;fileType=view" xmlUrl="https://files.transkribus.eu/Get?id=NTAXVELKGULGVHAIPBURZOMU" imageId="6191914"/>
    </Metadata>
    <Page imageFilename="223975_0400.jpeg" imageWidth="3436" imageHeight="4384">
        <ReadingOrder>
            <OrderedGroup id="ro_1711449877574" caption="Regions reading order">
                <RegionRefIndexed index="0" regionRef="r1"/>
                <RegionRefIndexed index="1" regionRef="r2"/>
            </OrderedGroup>
        </ReadingOrder>
        <TextRegion orientation="0.0" id="r1" custom="readingOrder {index:0;}">
            <Coords points="142,194 142,3005 2082,3005 2082,194"/>
            <TextLine id="r1l1" custom="readingOrder {index:0;}">
                <Coords points="282,238 1754,275 1929,257 1930,204 283,171"/>
                <Baseline points="292,215 373,221 454,227 536,231 617,234 699,237 780,239 861,240 943,241 1024,241 1106,242 1187,241 1268,241 1350,241 1431,241 1513,241 1594,242 1675,243 1757,244 1838,246 1920,249"/>
                <TextEquiv>
                    <Unicode>16.1. Lebendige Stunden—zyklus</Unicode>
                </TextEquiv>
            </TextLine>
            <TextLine id="r1l2" custom="readingOrder {index:1;}">
                <Coords points="990,1472 2077,1511 2093,1448 992,1399"/>
                <Baseline points="1001,1462 1055,1463 1109,1464 1163,1465 1217,1467 1271,1468 1325,1470 1379,1471 1433,1473 1487,1474 1541,1476 1595,1477 1649,1479 1703,1480 1757,1482 1811,1483 1865,1484 1919,1486 1973,1487 2027,1487 2082,1488"/>
                <TextEquiv>
                    <Unicode>Mutter Freund, erfüllt von Bitterkeit, nicht vorent¬</Unicode>
                </TextEquiv>
            </TextLine>
            <TextLine id="r1l3" custom="readingOrder {index:2;}">
                <Coords points="192,1496 259,1490 305,1508 388,1492 416,1507 485,1489 509,1513 586,1481 587,1428 528,1430 506,1417 483,1430 445,1413 412,1430 376,1412 321,1409 286,1426 258,1413 193,1447"/>
                <Baseline points="202,1470 228,1473 255,1475 281,1477 308,1477 335,1478 361,1479 388,1479 415,1480 441,1480 468,1481 495,1482 521,1483 548,1485 575,1487"/>
                <TextEquiv>
                    <Unicode>Feuilleion.</Unicode>
                </TextEquiv>
            </TextLine>
            <TextLine id="r1l4" custom="readingOrder {index:3;}">
                <Coords points="986,1501 1885,1544 2040,1544 2090,1508 987,1475"/>
                <Baseline points="996,1503 1050,1506 1104,1509 1158,1511 1212,1512 1267,1514 1321,1515 1375,1517 1429,1517 1483,1518 1538,1519 1592,1520 1646,1521 1700,1522 1754,1523 1809,1524 1863,1525 1917,1527 1971,1529 2025,1531 2080,1533"/>
                <TextEquiv>
                    <Unicode>halten will: daß sich die Theure um Heinrich's willen</Unicode>
                </TextEquiv>
            </TextLine>
            <TextLine id="r1l5" custom="readingOrder {index:4;}">
                <Coords points="995,1557 2084,1590 2085,1531 996,1510"/>
                <Baseline points="1006,1545 1059,1548 1112,1551 1166,1553 1219,1555 1273,1557 1326,1559 1379,1560 1433,1562 1486,1563 1540,1565 1593,1566 1646,1567 1700,1569 1753,1569 1807,1570 1860,1571 1913,1573 1967,1574 2020,1575 2074,1577"/>
                <TextEquiv>
                    <Unicode>das Leben genommen; daß sie gestorben ist, um dem</Unicode>
                </TextEquiv>
            </TextLine>
            <TextLine id="r1l6" custom="readingOrder {index:5;}">
                <Coords points="999,1593 1283,1632 2086,1628 2062,1584 1000,1556"/>
                <Baseline points="1009,1590 1062,1593 1115,1596 1168,1597 1222,1600 1275,1601 1328,1603 1382,1604 1435,1605 1488,1606 1542,1608 1595,1608 1648,1609 1701,1610 1755,1611 1808,1612 1861,1613 1915,1614 1968,1615 2021,1616 2075,1617"/>
                <TextEquiv>
                    <Unicode>Sohne die Ruhe für sein künstlerisches Schaffen wieder¬</Unicode>
                </TextEquiv>
            </TextLine>
            <TextLine id="r1l7" custom="readingOrder {index:6;}">
                <Coords points="169,1652 311,1629 556,1668 624,1648 658,1666 748,1655 750,1590 694,1555 637,1565 534,1531 460,1557 267,1523 174,1528"/>
                <Baseline points="180,1623 207,1625 235,1627 263,1628 291,1630 319,1631 347,1633 374,1634 402,1636 430,1636 458,1638 486,1639 514,1639 542,1640 569,1641 597,1641 625,1642 653,1642 681,1643 709,1643 737,1643"/>
                <TextEquiv>
                    <Unicode>sches Schanspielhaus.</Unicode>
                </TextEquiv>
            </TextLine>
            <TextLine id="r1l8" custom="readingOrder {index:7;}">
                <Coords points="984,1652 1004,1649 1012,1658 1019,1654 1035,1662 1049,1653 1074,1659 1098,1645 1145,1657 1159,1647 1173,1653 1200,1649 1200,1608 1155,1612 1134,1600 1110,1600 1061,1611 1045,1600 1035,1607 1020,1594 984,1597"/>
                <Baseline points="995,1642 1022,1640 1050,1639 1078,1639 1105,1639 1133,1639 1161,1640 1189,1640"/>
                <TextEquiv>
                    <Unicode>zugeben:</Unicode>
                </TextEquiv>
            </TextLine>
            <TextLine id="r1l9" custom="readingOrder {index:8;}">
                <Coords points="1082,1688 2067,1726 2089,1665 1472,1658 1267,1617 1083,1649"/>
                <Baseline points="1092,1678 1141,1680 1190,1681 1239,1683 1289,1684 1338,1685 1387,1687 1436,1688 1486,1689 1535,1690 1584,1691 1633,1692 1683,1693 1732,1694 1781,1695 1830,1696 1880,1697 1929,1699 1978,1700 2027,1702 2077,1704"/>
                <TextEquiv>
                    <Unicode>Hausdorser: Du wirst Dich nicht lang als Schuldiger</Unicode>
                </TextEquiv>
            </TextLine>
            <TextLine id="r1l10" custom="readingOrder {index:9;}">
                <Coords points="178,1712 239,1695 359,1713 431,1690 487,1716 510,1700 587,1709 588,1661 517,1663 432,1643 324,1658 285,1641 236,1652 210,1633 179,1645"/>
                <Baseline points="188,1684 214,1687 240,1689 266,1691 292,1692 318,1693 344,1694 370,1694 396,1694 422,1694 448,1694 474,1694 500,1694 526,1694 552,1694 578,1695"/>
                <TextEquiv>
                    <Unicode>Montag, 10. März:</Unicode>
                </TextEquiv>
            </TextLine>
            <TextLine id="r1l11" custom="readingOrder {index:10;}">
                <Coords points="992,1724 2078,1773 2080,1708 993,1673"/>
                <Baseline points="1003,1716 1056,1718 1109,1720 1162,1722 1216,1724 1269,1725 1322,1726 1376,1727 1429,1728 1482,1729 1536,1730 1589,1731 1642,1732 1695,1732 1749,1733 1802,1735 1855,1736 1909,1737 1962,1738 2015,1741 2069,1742"/>
                <TextEquiv>
                    <Unicode>fühlen — nm! Du wirn Dich aufraffen! leben! ge¬</Unicode>
                </TextEquiv>
            </TextLine>
            <TextLine id="r1l12" custom="readingOrder {index:11;}">
                <Coords points="158,1753 249,1749 330,1769 404,1754 671,1756 671,1733 611,1712 480,1717 395,1699 332,1714 271,1698 193,1713 159,1700"/>
                <Baseline points="168,1740 193,1742 219,1744 245,1745 271,1746 297,1747 323,1747 349,1748 375,1749 401,1749 426,1749 452,1750 478,1750 504,1750 530,1751 556,1751 582,1751 608,1752 634,1753 660,1754"/>
                <TextEquiv>
                    <Unicode>ebendige Stunden.</Unicode>
                </TextEquiv>
            </TextLine>
            <TextLine id="r1l13" custom="readingOrder {index:12;}">
                <Coords points="995,1770 1011,1766 1030,1774 1036,1768 1046,1776 1052,1770 1077,1774 1107,1762 1113,1768 1164,1762 1164,1730 1144,1732 1134,1722 1121,1734 1095,1734 1083,1726 1064,1728 1052,1719 1036,1727 995,1721"/>
                <Baseline points="1005,1756 1034,1755 1064,1756 1093,1757 1123,1756 1153,1755"/>
                <TextEquiv>
                    <Unicode>stalten!</Unicode>
                </TextEquiv>
            </TextLine>
            <TextLine id="r1l14" custom="readingOrder {index:13;}">
                <Coords points="206,1807 261,1802 301,1814 332,1803 364,1820 426,1806 440,1817 511,1809 533,1825 556,1819 558,1756 499,1766 454,1758 429,1776 383,1756 328,1768 208,1744"/>
                <Baseline points="216,1793 241,1794 266,1795 292,1797 317,1799 342,1800 368,1802 393,1802 419,1803 444,1804 469,1804 495,1804 520,1804 546,1803"/>
                <TextEquiv>
                    <Unicode>Vier Einakter.</Unicode>
                </TextEquiv>
            </TextLine>
            <TextLine id="r1l15" custom="readingOrder {index:14;}">
                <Coords points="1075,1809 2013,1831 2076,1828 2077,1794 1871,1748 1727,1779 1457,1744 1076,1765"/>
                <Baseline points="1085,1794 1134,1796 1183,1798 1232,1800 1281,1802 1330,1804 1379,1805 1428,1807 1477,1808 1526,1809 1576,1810 1625,1811 1674,1812 1723,1813 1772,1814 1821,1815 1870,1815 1919,1817 1968,1818 2017,1820 2067,1821"/>
                <TextEquiv>
                    <Unicode>Heinrich: Das ist mein Recht, vielleicht sogar meine</Unicode>
                </TextEquiv>
            </TextLine>
            <TextLine id="r1l16" custom="readingOrder {index:15;}">
                <Coords points="989,1849 2033,1873 2087,1822 990,1803"/>
                <Baseline points="1000,1834 1053,1835 1107,1837 1161,1838 1215,1840 1269,1841 1322,1842 1376,1844 1430,1845 1484,1846 1538,1847 1591,1848 1645,1850 1699,1851 1753,1852 1807,1853 1860,1854 1914,1855 1968,1856 2022,1858 2076,1859"/>
                <TextEquiv>
                    <Unicode>Pflicht. Denn mir gleibt nicht Auderes übrig, als mich selbst</Unicode>
                </TextEquiv>
            </TextLine>
            <TextLine id="r1l17" custom="readingOrder {index:16;}">
                <Coords points="158,1859 563,1859 606,1872 635,1859 636,1816 556,1824 416,1805 363,1820 239,1802 200,1816 159,1802"/>
                <Baseline points="168,1842 193,1844 218,1847 244,1848 269,1849 294,1851 320,1852 345,1853 370,1854 396,1855 421,1855 446,1855 472,1855 497,1855 522,1855 548,1855 573,1855 598,1855 624,1855"/>
                <TextEquiv>
                    <Unicode>Von Arthur Schnitzler.</Unicode>
                </TextEquiv>
            </TextLine>
            <TextLine id="r1l18" custom="readingOrder {index:17;}">
                <Coords points="992,1891 1906,1921 2071,1907 2072,1860 993,1861"/>
                <Baseline points="1002,1875 1055,1875 1108,1876 1161,1877 1214,1878 1267,1879 1320,1880 1373,1882 1426,1883 1479,1885 1532,1887 1585,1888 1638,1890 1691,1891 1744,1892 1797,1893 1850,1894 1903,1895 1956,1896 2009,1896 2062,1896"/>
                <TextEquiv>
                    <Unicode>zu öten - oder den Beweis zu versuchen, daß meine Mutter</Unicode>
                </TextEquiv>
            </TextLine>
            <TextLine id="r1l19" custom="readingOrder {index:18;}">
                <Coords points="163,1901 923,1917 924,1852 894,1847 791,1872 164,1858"/>
                <Baseline points="174,1895 210,1897 247,1899 284,1900 321,1901 358,1903 395,1903 432,1904 469,1905 506,1906 543,1906 579,1906 616,1907 653,1907 690,1907 727,1908 764,1908 801,1909 838,1910 875,1910 912,1911"/>
                <TextEquiv>
                    <Unicode>der Kunst ist heiliger Gottesdienst.</Unicode>
                </TextEquiv>
            </TextLine>
            <TextLine id="r1l20" custom="readingOrder {index:19;}">
                <Coords points="1050,1915 1141,1940 1170,1925 1228,1945 1280,1930 1363,1945 1420,1928 1534,1946 1579,1935 1580,1904 1517,1886 1336,1899 1312,1880 1268,1893 1098,1882 1050,1899"/>
                <Baseline points="1060,1913 1085,1913 1110,1913 1136,1913 1161,1914 1187,1914 1212,1915 1237,1916 1263,1917 1288,1918 1314,1918 1339,1920 1364,1920 1390,1922 1415,1922 1441,1923 1466,1924 1491,1924 1517,1925 1542,1925 1568,1925"/>
                <TextEquiv>
                    <Unicode>nicht vergehlich gestorben ist.</Unicode>
                </TextEquiv>
            </TextLine>
            <TextLine id="r1l21" custom="readingOrder {index:20;}">
                <Coords points="160,1948 704,1966 822,1956 823,1920 509,1919 473,1894 430,1915 161,1902"/>
                <Baseline points="171,1940 203,1941 235,1942 267,1942 299,1943 331,1944 363,1945 395,1946 427,1946 459,1947 491,1948 523,1949 555,1949 587,1950 619,1951 651,1951 683,1952 715,1952 747,1952 779,1953 812,1953"/>
                <TextEquiv>
                    <Unicode>sam, er fordert furchtbare Opfer.</Unicode>
                </TextEquiv>
            </TextLine>
            <TextLine id="r1l22" custom="readingOrder {index:21;}">
                <Coords points="818,1973 828,1972 832,1976 847,1978 867,1965 879,1969 891,1960 919,1960 918,1917 902,1917 888,1924 882,1918 874,1920 851,1915 839,1921 817,1924"/>
                <Baseline points="828,1954 855,1951 882,1950 910,1952"/>
                <TextEquiv>
                    <Unicode>Er</Unicode>
                </TextEquiv>
            </TextLine>
            <TextLine id="r1l23" custom="readingOrder {index:22;}">
                <Coords points="1059,1961 2085,1986 2085,1953 2001,1916 1650,1952 1059,1930"/>
                <Baseline points="1068,1961 1118,1962 1168,1963 1218,1964 1269,1965 1319,1966 1369,1967 1420,1969 1470,1971 1520,1972 1571,1974 1621,1976 1671,1977 1721,1978 1772,1980 1822,1981 1872,1982 1923,1983 1973,1984 2023,1984 2074,1984"/>
                <TextEquiv>
                    <Unicode>Hausdotter: Heinrich! Vor einem Monat hat Deine</Unicode>
                </TextEquiv>
            </TextLine>
            <TextLine id="r1l24" custom="readingOrder {index:23;}">
                <Coords points="151,1983 929,2022 930,1961 908,1958 836,1977 816,1956 152,1952"/>
                <Baseline points="162,1983 199,1984 237,1985 275,1985 313,1986 351,1987 388,1988 426,1989 464,1990 502,1991 540,1992 577,1993 615,1994 653,1995 691,1996 729,1996 766,1997 804,1997 842,1997 880,1997 918,1997"/>
                <TextEquiv>
                    <Unicode>liester und Priesterinnen in Fesseln, er</Unicode>
                </TextEquiv>
            </TextLine>
            <TextLine id="r1l25" custom="readingOrder {index:24;}">
                <Coords points="985,2005 1851,2009 1996,2048 2076,2027 2077,1989 986,1967"/>
                <Baseline points="995,1998 1048,2000 1102,2002 1155,2003 1209,2005 1263,2006 1316,2008 1370,2009 1423,2010 1477,2011 1531,2012 1584,2014 1638,2015 1691,2016 1745,2017 1799,2019 1852,2021 1906,2022 1959,2024 2013,2026 2067,2028"/>
                <TextEquiv>
                    <Unicode>Mutter no geleitt und Du kannn so reden? Für Dich</Unicode>
                </TextEquiv>
            </TextLine>
            <TextLine id="r1l26" custom="readingOrder {index:25;}">
                <Coords points="153,2038 382,2031 566,2058 722,2037 831,2062 913,2043 914,2009 851,1999 696,2018 647,1996 155,1985"/>
                <Baseline points="164,2027 202,2027 241,2028 280,2029 319,2029 358,2031 397,2032 436,2033 475,2034 514,2035 552,2037 591,2038 630,2040 669,2040 708,2041 747,2041 786,2041 825,2041 864,2040 903,2039"/>
                <TextEquiv>
                    <Unicode>isten ihrer Göttin egoistisch, rücksichts¬</Unicode>
                </TextEquiv>
            </TextLine>
            <TextLine id="r1l27" custom="readingOrder {index:26;}">
                <Coords points="991,2048 2059,2083 2083,2033 992,2007"/>
                <Baseline points="1001,2038 1054,2039 1108,2039 1161,2041 1215,2042 1268,2043 1322,2045 1375,2046 1429,2048 1482,2050 1536,2051 1590,2053 1643,2054 1697,2056 1750,2058 1804,2059 1857,2060 1911,2061 1964,2061 2018,2061 2072,2061"/>
                <TextEquiv>
                    <Unicode>hat sie si# mgebracht und Iu gehst hin und schüttelst es</Unicode>
                </TextEquiv>
            </TextLine>
            <TextLine id="r1l28" custom="readingOrder {index:27;}">
                <Coords points="154,2078 895,2094 890,2047 833,2063 516,2033 155,2037"/>
                <Baseline points="164,2069 200,2071 236,2073 272,2075 308,2076 344,2077 380,2078 416,2079 452,2080 488,2080 524,2081 560,2081 596,2081 632,2082 668,2082 704,2082 740,2082 776,2083 812,2083 848,2083 885,2084"/>
                <TextEquiv>
                    <Unicode>lten fanatisch. Er nimmt ihnen die</Unicode>
                </TextEquiv>
            </TextLine>
            <TextLine id="r1l29" custom="readingOrder {index:28;}">
                <Coords points="996,2079 2073,2098 2027,2065 996,2050"/>
                <Baseline points="1005,2077 1057,2077 1110,2078 1163,2079 1216,2080 1269,2082 1322,2083 1374,2085 1427,2087 1480,2089 1533,2090 1586,2092 1639,2094 1692,2095 1744,2096 1797,2098 1850,2099 1903,2099 1956,2099 2009,2099 2062,2099"/>
                <TextEquiv>
                    <Unicode>von Der ab? Und in ein paar Tugen nimmst Du's viel¬</Unicode>
                </TextEquiv>
            </TextLine>
            <TextLine id="r1l30" custom="readingOrder {index:29;}">
                <Coords points="166,2120 828,2143 869,2135 870,2093 167,2078"/>
                <Baseline points="177,2113 211,2114 245,2115 279,2115 313,2116 347,2118 381,2119 415,2119 449,2120 483,2122 518,2123 552,2123 586,2124 620,2125 654,2126 688,2127 722,2127 756,2127 790,2128 824,2128 859,2128"/>
                <TextEquiv>
                    <Unicode>t der Seele und heißt sie, die zarteste</Unicode>
                </TextEquiv>
            </TextLine>
            <TextLine id="r1l31" custom="readingOrder {index:30;}">
                <Coords points="989,2122 2065,2155 2067,2102 990,2078"/>
                <Baseline points="999,2118 1051,2118 1104,2118 1157,2119 1210,2120 1263,2121 1316,2122 1368,2123 1421,2124 1474,2126 1527,2127 1580,2129 1633,2130 1686,2132 1738,2134 1791,2135 1844,2136 1897,2138 1950,2139 2003,2140 2056,2141"/>
                <TextEquiv>
                    <Unicode>leicht hin, als wär es ihre Schuldigkeit gewesen —.. Hoch¬</Unicode>
                </TextEquiv>
            </TextLine>
            <TextLine id="r1l32" custom="readingOrder {index:31;}">
                <Coords points="171,2166 392,2188 429,2168 504,2182 604,2166 651,2188 678,2172 791,2190 793,2133 620,2130 584,2152 536,2126 172,2121"/>
                <Baseline points="182,2155 212,2157 242,2159 272,2160 302,2161 332,2162 362,2163 392,2164 422,2164 452,2165 482,2166 512,2166 542,2167 572,2167 602,2168 632,2169 662,2169 692,2170 722,2171 752,2172 782,2174"/>
                <TextEquiv>
                    <Unicode>die verschwiegensten Erlehnisse</Unicode>
                </TextEquiv>
            </TextLine>
            <TextLine id="r1l33" custom="readingOrder {index:32;}">
                <Coords points="983,2155 2055,2197 2070,2158 983,2127"/>
                <Baseline points="993,2156 1046,2157 1099,2158 1153,2159 1206,2160 1259,2161 1313,2162 1366,2163 1419,2164 1473,2165 1526,2166 1579,2167 1633,2169 1686,2170 1739,2171 1793,2173 1846,2174 1899,2176 1953,2178 2006,2180 2060,2182"/>
                <TextEquiv>
                    <Unicode>müthig seid Ihr!... Was ist denn Deine ganze Schreiberei,</Unicode>
                </TextEquiv>
            </TextLine>
            <TextLine id="r1l34" custom="readingOrder {index:33;}">
                <Coords points="989,2192 2043,2234 2071,2196 990,2157"/>
                <Baseline points="999,2194 1052,2195 1105,2196 1158,2197 1211,2198 1264,2199 1317,2200 1370,2201 1423,2202 1476,2204 1529,2205 1582,2206 1635,2208 1688,2209 1741,2210 1794,2211 1847,2213 1900,2214 1953,2215 2006,2216 2060,2217"/>
                <TextEquiv>
                    <Unicode>und wenn Du das grögte Genie bist, was ist sie denn gegen</Unicode>
                </TextEquiv>
            </TextLine>
            <TextLine id="r1l35" custom="readingOrder {index:34;}">
                <Coords points="190,2219 457,2212 568,2235 652,2218 756,2234 819,2217 820,2191 696,2172 651,2188 582,2170 191,2175"/>
                <Baseline points="200,2204 230,2205 260,2205 291,2205 321,2206 352,2206 382,2207 412,2207 443,2207 473,2208 504,2209 534,2209 564,2210 595,2210 625,2211 656,2212 686,2213 716,2214 747,2214 777,2215 808,2216"/>
                <TextEquiv>
                    <Unicode>geliebten Herzens dem Papier,</Unicode>
                </TextEquiv>
            </TextLine>
            <TextLine id="r1l36" custom="readingOrder {index:35;}">
                <Coords points="995,2240 2027,2267 2069,2229 996,2199"/>
                <Baseline points="1006,2234 1058,2234 1111,2235 1163,2235 1216,2236 1269,2237 1321,2238 1374,2239 1426,2241 1479,2242 1532,2243 1584,2245 1637,2246 1689,2247 1742,2249 1795,2250 1847,2251 1900,2252 1952,2253 2005,2254 2058,2255"/>
                <TextEquiv>
                    <Unicode>so eine Stunde, so eine lebendige Stunde, in der Deine</Unicode>
                </TextEquiv>
            </TextLine>
            <TextLine id="r1l37" custom="readingOrder {index:36;}">
                <Coords points="153,2256 298,2247 413,2272 579,2251 920,2280 917,2224 569,2235 154,2207"/>
                <Baseline points="164,2245 201,2246 238,2248 276,2249 313,2250 350,2252 388,2252 425,2254 462,2254 500,2255 537,2256 574,2256 612,2257 649,2258 686,2259 724,2259 761,2260 798,2261 836,2261 873,2262 911,2263"/>
                <TextEquiv>
                    <Unicode>önen anzuvertrauen und sie auf den</Unicode>
                </TextEquiv>
            </TextLine>
            <TextLine id="r1l38" custom="readingOrder {index:37;}">
                <Coords points="983,2280 2070,2314 2071,2255 984,2241"/>
                <Baseline points="993,2273 1046,2273 1099,2273 1152,2274 1206,2274 1259,2276 1312,2277 1366,2278 1419,2279 1472,2281 1526,2282 1579,2284 1632,2286 1685,2287 1739,2289 1792,2290 1845,2291 1899,2292 1952,2293 2005,2294 2059,2294"/>
                <TextEquiv>
                    <Unicode>Mutter hier auf dem Lehnstuhl gesessen ist und zu uns ge¬</Unicode>
                </TextEquiv>
            </TextLine>
            <TextLine id="r1l39" custom="readingOrder {index:38;}">
                <Coords points="174,2303 322,2327 516,2331 559,2303 615,2333 722,2312 754,2336 917,2325 918,2276 879,2267 175,2254"/>
                <Baseline points="185,2288 221,2289 257,2291 293,2292 329,2294 365,2295 401,2296 437,2296 473,2297 509,2298 546,2298 582,2298 618,2299 654,2300 690,2300 726,2301 762,2301 798,2302 834,2303 870,2305 907,2306"/>
                <TextEquiv>
                    <Unicode>vor aller, auch des Pöbels profane</Unicode>
                </TextEquiv>
            </TextLine>
            <TextLine id="r1l40" custom="readingOrder {index:39;}">
                <Coords points="976,2319 1373,2336 1626,2321 1626,2292 1270,2297 1211,2281 1168,2298 1126,2277 977,2276"/>
                <Baseline points="987,2306 1018,2308 1049,2309 1081,2311 1112,2312 1144,2313 1175,2314 1206,2315 1238,2316 1269,2316 1301,2317 1332,2318 1363,2318 1395,2319 1426,2319 1458,2319 1489,2320 1520,2320 1552,2320 1583,2321 1615,2321"/>
                <TextEquiv>
                    <Unicode>redet hat, oder auch geschwiegen —</Unicode>
                </TextEquiv>
            </TextLine>
            <TextLine id="r1l41" custom="readingOrder {index:40;}">
                <Coords points="1623,2347 1698,2349 1733,2332 1765,2353 1830,2359 1875,2342 1936,2352 1983,2339 2009,2360 2049,2335 2067,2344 2068,2311 1911,2302 1887,2285 1848,2303 1822,2288 1771,2302 1744,2291 1624,2298"/>
                <Baseline points="1634,2322 1660,2323 1687,2324 1713,2324 1740,2326 1766,2327 1793,2328 1819,2330 1846,2331 1872,2332 1899,2333 1925,2333 1952,2334 1978,2334 2005,2333 2031,2332 2058,2331"/>
                <TextEquiv>
                    <Unicode>aber da ist sie gewesen</Unicode>
                </TextEquiv>
            </TextLine>
            <TextLine id="r1l42" custom="readingOrder {index:41;}">
                <Coords points="1037,2374 1207,2354 1278,2370 1459,2359 1506,2379 1589,2367 1610,2357 1611,2330 1039,2319"/>
                <Baseline points="1048,2350 1075,2350 1103,2351 1130,2351 1158,2352 1186,2352 1213,2353 1241,2354 1268,2354 1296,2355 1324,2356 1351,2357 1379,2357 1406,2358 1434,2359 1462,2359 1489,2360 1517,2360 1544,2361 1572,2361 1600,2361"/>
                <TextEquiv>
                    <Unicode>da! und sie hat gelebt gelebt!</Unicode>
                </TextEquiv>
            </TextLine>
            <TextLine id="r1l43" custom="readingOrder {index:42;}">
                <Coords points="163,2391 511,2384 667,2407 749,2389 773,2412 891,2410 916,2401 917,2337 655,2324 516,2347 453,2319 408,2339 164,2321"/>
                <Baseline points="174,2377 210,2378 247,2379 283,2380 320,2381 356,2382 393,2382 429,2383 466,2384 502,2384 539,2385 576,2386 612,2386 649,2387 685,2388 722,2389 758,2390 795,2391 831,2391 868,2393 905,2394"/>
                <TextEquiv>
                    <Unicode>jungen Dichter! Ihm ist die Mutter</Unicode>
                </TextEquiv>
            </TextLine>
            <TextLine id="r1l44" custom="readingOrder {index:43;}">
                <Coords points="1068,2401 1773,2395 2059,2430 2060,2381 1981,2363 1069,2360"/>
                <Baseline points="1078,2390 1126,2391 1175,2391 1223,2392 1272,2393 1321,2394 1369,2395 1418,2396 1466,2397 1515,2399 1564,2400 1612,2401 1661,2402 1709,2403 1758,2405 1807,2406 1855,2407 1904,2408 1952,2409 2001,2409 2050,2410"/>
                <TextEquiv>
                    <Unicode>Heinrich: Lebendige Stunden? Sie leben doch</Unicode>
                </TextEquiv>
            </TextLine>
            <TextLine id="r1l45" custom="readingOrder {index:44;}">
                <Coords points="149,2429 395,2449 548,2430 590,2455 664,2433 911,2440 911,2418 857,2396 779,2413 618,2387 520,2409 486,2386 150,2382"/>
                <Baseline points="160,2420 197,2422 234,2423 271,2424 308,2425 345,2426 382,2427 419,2428 456,2429 493,2430 530,2431 567,2432 604,2433 641,2433 678,2434 715,2435 752,2435 789,2436 826,2436 863,2436 901,2437"/>
                <TextEquiv>
                    <Unicode>r für ihn gelebt. Ihn wirft keine</Unicode>
                </TextEquiv>
            </TextLine>
            <TextLine id="r1l46" custom="readingOrder {index:45;}">
                <Coords points="976,2447 2062,2453 2051,2414 978,2384"/>
                <Baseline points="986,2429 1039,2429 1092,2429 1145,2430 1199,2430 1252,2431 1305,2432 1358,2433 1412,2435 1465,2436 1518,2438 1571,2439 1625,2441 1678,2443 1731,2444 1784,2446 1838,2447 1891,2448 1944,2449 1997,2450 2051,2450"/>
                <TextEquiv>
                    <Unicode>nicht länger als der Letzte, der sich ihrer erinnert. Es ist</Unicode>
                </TextEquiv>
            </TextLine>
            <TextLine id="r1l47" custom="readingOrder {index:46;}">
                <Coords points="153,2484 913,2486 914,2456 867,2443 590,2455 519,2431 155,2427"/>
                <Baseline points="164,2467 202,2466 241,2466 280,2466 319,2467 358,2467 397,2468 436,2470 475,2471 514,2472 552,2473 591,2474 630,2475 669,2476 708,2477 747,2478 786,2478 825,2479 864,2479 903,2478"/>
                <TextEquiv>
                    <Unicode>zwingende Traurigkeit darnieder, wie</Unicode>
                </TextEquiv>
            </TextLine>
            <TextLine id="r1l48" custom="readingOrder {index:47;}">
                <Coords points="978,2487 2063,2502 2052,2453 979,2447"/>
                <Baseline points="989,2468 1042,2468 1095,2468 1148,2469 1202,2470 1255,2471 1308,2472 1361,2474 1415,2475 1468,2476 1521,2478 1574,2480 1628,2481 1681,2482 1734,2484 1787,2485 1841,2485 1894,2486 1947,2486 2000,2486 2054,2485"/>
                <TextEquiv>
                    <Unicode>nicht der schlechteste Beruf, solchen Stunden Dauer</Unicode>
                </TextEquiv>
            </TextLine>
            <TextLine id="r1l49" custom="readingOrder {index:48;}">
                <Coords points="161,2512 191,2531 603,2517 798,2541 912,2523 913,2490 161,2477"/>
                <Baseline points="170,2509 206,2510 243,2511 279,2512 316,2513 352,2514 389,2515 425,2516 462,2516 498,2517 535,2517 572,2518 608,2518 645,2519 681,2519 718,2520 754,2520 791,2521 827,2521 864,2522 901,2522"/>
                <TextEquiv>
                    <Unicode>Freund, den treuen Kameraden der</Unicode>
                </TextEquiv>
            </TextLine>
            <TextLine id="r1l50" custom="readingOrder {index:49;}">
                <Coords points="984,2519 2057,2545 2058,2494 985,2486"/>
                <Baseline points="994,2508 1046,2508 1099,2508 1151,2508 1204,2509 1257,2509 1309,2510 1362,2512 1415,2513 1467,2515 1520,2516 1573,2517 1625,2519 1678,2521 1731,2522 1783,2524 1836,2525 1889,2527 1941,2528 1994,2529 2047,2530"/>
                <TextEquiv>
                    <Unicode>zu verleihen, über ihre Zeit hinaus. — Leben Sie wohl,</Unicode>
                </TextEquiv>
            </TextLine>
            <TextLine id="r1l51" custom="readingOrder {index:50;}">
                <Coords points="986,2550 2065,2569 2041,2538 1675,2514 1562,2539 987,2518"/>
                <Baseline points="996,2546 1048,2546 1101,2546 1154,2547 1207,2548 1260,2549 1313,2550 1366,2552 1419,2553 1472,2554 1525,2556 1577,2557 1630,2559 1683,2560 1736,2561 1789,2563 1842,2564 1895,2565 1948,2566 2001,2566 2054,2567"/>
                <TextEquiv>
                    <Unicode>Herr Hausdorfer. Der Schmerz giebt Ihnen heute noch das</Unicode>
                </TextEquiv>
            </TextLine>
            <TextLine id="r1l52" custom="readingOrder {index:51;}">
                <Coords points="163,2566 733,2566 763,2589 865,2589 915,2557 887,2530 164,2511"/>
                <Baseline points="174,2550 210,2552 247,2553 283,2554 320,2556 356,2556 393,2557 429,2558 466,2559 502,2560 539,2561 576,2561 612,2562 649,2562 685,2563 722,2564 758,2564 795,2565 831,2566 868,2566 905,2567"/>
                <TextEquiv>
                    <Unicode>h denkt nur daran, wie er die schmerz¬</Unicode>
                </TextEquiv>
            </TextLine>
            <TextLine id="r1l53" custom="readingOrder {index:52;}">
                <Coords points="981,2597 2046,2626 2070,2568 982,2549"/>
                <Baseline points="992,2585 1045,2584 1098,2585 1151,2585 1205,2586 1258,2587 1311,2588 1365,2589 1418,2592 1471,2593 1525,2595 1578,2596 1631,2598 1684,2600 1738,2602 1791,2603 1844,2604 1898,2605 1951,2606 2004,2606 2058,2606"/>
                <TextEquiv>
                    <Unicode>Recht, mich mißzuverstehen. Im Frühjahr, wenn Ihr Garten</Unicode>
                </TextEquiv>
            </TextLine>
            <TextLine id="r1l54" custom="readingOrder {index:53;}">
                <Coords points="147,2593 908,2621 891,2572 750,2587 148,2560"/>
                <Baseline points="158,2594 196,2596 235,2597 274,2598 313,2599 352,2601 391,2602 430,2604 469,2605 508,2605 546,2607 585,2608 624,2609 663,2610 702,2611 741,2611 780,2612 819,2612 858,2613 897,2613"/>
                <TextEquiv>
                    <Unicode>von seiner Seele waschen kann. Hät</Unicode>
                </TextEquiv>
            </TextLine>
            <TextLine id="r1l55" custom="readingOrder {index:54;}">
                <Coords points="984,2636 2058,2675 2059,2626 1999,2610 985,2595"/>
                <Baseline points="994,2622 1046,2623 1099,2623 1152,2624 1204,2625 1257,2626 1310,2628 1362,2629 1415,2631 1468,2632 1521,2633 1573,2635 1626,2636 1679,2638 1731,2639 1784,2641 1837,2642 1889,2643 1942,2644 1995,2645 2048,2645"/>
                <TextEquiv>
                    <Unicode>auf's Neue blüht, sprechen wir uns wieder. Denn auch Sie</Unicode>
                </TextEquiv>
            </TextLine>
            <TextLine id="r1l56" custom="readingOrder {index:55;}">
                <Coords points="163,2646 861,2675 916,2664 917,2641 802,2608 164,2603"/>
                <Baseline points="174,2635 210,2637 247,2640 283,2641 320,2643 357,2644 393,2645 430,2646 466,2647 503,2648 540,2648 576,2649 613,2650 649,2650 686,2651 723,2652 759,2653 796,2654 832,2655 869,2656 906,2658"/>
                <TextEquiv>
                    <Unicode>der Mutter Lebzeiten über ihren Tod,</Unicode>
                </TextEquiv>
            </TextLine>
            <TextLine id="r1l57" custom="readingOrder {index:56;}">
                <Coords points="1246,2670 1258,2669 1266,2675 1271,2677 1277,2676 1281,2680 1285,2677 1287,2679 1297,2679 1294,2640 1288,2640 1282,2643 1276,2641 1274,2644 1260,2641 1243,2642"/>
                <Baseline points="1256,2661 1286,2659"/>
                <TextEquiv>
                    <Unicode>*</Unicode>
                </TextEquiv>
            </TextLine>
            <TextLine id="r1l58" custom="readingOrder {index:57;}">
                <Coords points="988,2691 999,2691 1023,2667 1058,2681 1093,2663 1202,2681 1227,2667 1251,2667 1252,2635 1148,2629 1091,2645 1083,2637 1050,2639 1036,2628 989,2630"/>
                <Baseline points="999,2662 1025,2662 1052,2662 1079,2662 1106,2662 1133,2662 1160,2662 1187,2663 1214,2664 1241,2666"/>
                <TextEquiv>
                    <Unicode>leben weiter.“</Unicode>
                </TextEquiv>
            </TextLine>
            <TextLine id="r1l59" custom="readingOrder {index:58;}">
                <Coords points="149,2689 859,2720 904,2705 905,2678 547,2652 471,2671 403,2646 150,2656"/>
                <Baseline points="159,2684 195,2684 232,2685 269,2686 306,2687 343,2688 379,2689 416,2690 453,2691 490,2692 527,2693 563,2694 600,2695 637,2696 674,2697 711,2698 747,2699 784,2700 821,2701 858,2701 895,2702"/>
                <TextEquiv>
                    <Unicode>ung von ihren und seinen Qualen</Unicode>
                </TextEquiv>
            </TextLine>
            <TextLine id="r1l60" custom="readingOrder {index:59;}">
                <Coords points="1065,2705 2059,2725 2060,2680 1956,2665 1611,2693 1520,2662 1066,2676"/>
                <Baseline points="1076,2703 1124,2703 1173,2704 1221,2705 1270,2707 1319,2708 1367,2709 1416,2711 1464,2713 1513,2714 1562,2716 1610,2717 1659,2719 1707,2721 1756,2722 1805,2723 1853,2724 1902,2724 1950,2724 1999,2724 2048,2724"/>
                <TextEquiv>
                    <Unicode>Ein anderes Beispiel! Der Dramatiker dort! Er</Unicode>
                </TextEquiv>
            </TextLine>
            <TextLine id="r1l61" custom="readingOrder {index:60;}">
                <Coords points="167,2734 796,2743 863,2763 910,2748 911,2711 168,2691"/>
                <Baseline points="178,2723 214,2725 250,2727 286,2728 322,2730 358,2732 394,2732 430,2733 466,2734 502,2735 538,2736 574,2736 610,2737 646,2738 682,2738 718,2739 754,2740 790,2740 826,2741 862,2742 899,2744"/>
                <TextEquiv>
                    <Unicode>flieht er zu dem Rococogarten von</Unicode>
                </TextEquiv>
            </TextLine>
            <TextLine id="r1l62" custom="readingOrder {index:61;}">
                <Coords points="975,2753 2039,2783 2055,2726 976,2708"/>
                <Baseline points="985,2748 1040,2748 1096,2748 1152,2749 1207,2750 1263,2751 1319,2752 1375,2753 1430,2755 1486,2756 1542,2758 1598,2760 1653,2762 1709,2763 1765,2765 1821,2766 1876,2767 1932,2768 1988,2769 2044,2770"/>
                <TextEquiv>
                    <Unicode>hat sein Weib, das ihn vergöttert, mit einer anderen</Unicode>
                </TextEquiv>
            </TextLine>
            <TextLine id="r1l63" custom="readingOrder {index:62;}">
                <Coords points="156,2771 333,2787 386,2769 514,2807 549,2779 887,2796 908,2766 804,2743 157,2736"/>
                <Baseline points="166,2768 202,2770 239,2772 275,2774 312,2775 349,2777 385,2778 422,2779 458,2780 495,2781 532,2781 568,2782 605,2782 641,2782 678,2783 715,2783 751,2784 788,2784 824,2784 861,2784 898,2785"/>
                <TextEquiv>
                    <Unicode>den alten Bildern der Münchener</Unicode>
                </TextEquiv>
            </TextLine>
            <TextLine id="r1l64" custom="readingOrder {index:63;}">
                <Coords points="975,2796 2066,2823 2020,2775 976,2757"/>
                <Baseline points="984,2788 1037,2790 1091,2792 1144,2794 1198,2796 1252,2797 1305,2799 1359,2800 1412,2802 1466,2803 1520,2804 1573,2805 1627,2807 1680,2808 1734,2809 1788,2810 1841,2811 1895,2812 1948,2813 2002,2814 2056,2815"/>
                <TextEquiv>
                    <Unicode>verrathen, hat sie in Verzweiflung gestürzt und hat</Unicode>
                </TextEquiv>
            </TextLine>
            <TextLine id="r1l65" custom="readingOrder {index:64;}">
                <Coords points="131,2814 184,2828 207,2814 235,2832 333,2816 538,2844 675,2832 676,2789 656,2786 544,2781 511,2806 483,2787 133,2771"/>
                <Baseline points="142,2812 168,2813 194,2814 220,2815 246,2816 272,2818 298,2819 324,2821 350,2822 376,2824 403,2825 429,2826 455,2827 481,2828 507,2829 533,2829 559,2829 585,2828 611,2827 637,2826 664,2824"/>
                <TextEquiv>
                    <Unicode>bei ihnen Trost zu finden.</Unicode>
                </TextEquiv>
            </TextLine>
            <TextLine id="r1l66" custom="readingOrder {index:65;}">
                <Coords points="668,2814 699,2815 719,2832 753,2839 769,2831 793,2850 814,2834 849,2837 859,2846 867,2838 910,2841 911,2792 669,2792"/>
                <Baseline points="677,2829 704,2826 732,2826 760,2826 788,2827 815,2828 843,2830 871,2831 899,2832"/>
                <TextEquiv>
                    <Unicode>Er flieht</Unicode>
                </TextEquiv>
            </TextLine>
            <TextLine id="r1l67" custom="readingOrder {index:66;}">
                <Coords points="967,2831 2062,2874 2063,2823 1864,2808 968,2800"/>
                <Baseline points="977,2833 1030,2834 1084,2835 1138,2836 1192,2837 1245,2839 1299,2840 1353,2842 1407,2844 1460,2845 1514,2847 1568,2849 1622,2850 1675,2851 1729,2853 1783,2854 1837,2855 1890,2855 1944,2856 1998,2856 2052,2855"/>
                <TextEquiv>
                    <Unicode>dann aus dem Allen ein Stück geschaffen und auf die</Unicode>
                </TextEquiv>
            </TextLine>
            <TextLine id="r1l68" custom="readingOrder {index:67;}">
                <Coords points="148,2862 763,2892 792,2871 899,2887 900,2858 715,2828 149,2824"/>
                <Baseline points="158,2857 194,2860 231,2861 267,2863 304,2864 340,2865 377,2866 413,2867 450,2867 486,2868 523,2868 560,2868 596,2869 633,2869 669,2870 706,2870 742,2871 779,2872 815,2873 852,2874 889,2876"/>
                <TextEquiv>
                    <Unicode>Kunst. Bei ihr wird er sich bald</Unicode>
                </TextEquiv>
            </TextLine>
            <TextLine id="r1l69" custom="readingOrder {index:68;}">
                <Coords points="971,2877 2051,2921 2053,2862 972,2834"/>
                <Baseline points="981,2875 1034,2877 1087,2879 1140,2880 1193,2881 1246,2883 1299,2884 1352,2885 1405,2886 1458,2888 1511,2889 1564,2890 1617,2891 1670,2892 1723,2893 1776,2894 1829,2895 1882,2896 1935,2897 1988,2899 2041,2900"/>
                <TextEquiv>
                    <Unicode>Bühne gebracht. Die Gattin aber, Pauline, saß in der</Unicode>
                </TextEquiv>
            </TextLine>
            <TextLine id="r1l70" custom="readingOrder {index:69;}">
                <Coords points="148,2906 245,2929 329,2907 885,2935 907,2928 908,2885 532,2865 348,2885 149,2862"/>
                <Baseline points="158,2900 196,2903 235,2905 274,2906 313,2908 352,2909 391,2910 430,2910 469,2911 508,2912 546,2913 585,2913 624,2914 663,2915 702,2916 741,2917 780,2918 819,2920 858,2921 897,2924"/>
                <TextEquiv>
                    <Unicode>kämpfen. Bei ihr wird er auch die</Unicode>
                </TextEquiv>
            </TextLine>
            <TextLine id="r1l71" custom="readingOrder {index:70;}">
                <Coords points="966,2932 2023,2955 2055,2911 967,2885"/>
                <Baseline points="977,2922 1030,2923 1083,2924 1137,2926 1190,2927 1243,2928 1297,2930 1350,2931 1403,2932 1457,2933 1510,2934 1563,2935 1617,2937 1670,2938 1723,2939 1777,2940 1830,2941 1883,2942 1937,2943 1990,2944 2044,2945"/>
                <TextEquiv>
                    <Unicode>Loge und sah der Komödie zu. Und die Leute in der</Unicode>
                </TextEquiv>
            </TextLine>
            <TextLine id="r1l72" custom="readingOrder {index:71;}">
                <Coords points="142,2967 252,2957 335,2990 443,2970 520,2994 569,2969 738,2983 798,2962 864,2986 920,2969 921,2934 143,2908"/>
                <Baseline points="152,2949 189,2951 227,2954 265,2957 303,2959 341,2960 379,2962 417,2963 455,2964 493,2964 531,2965 568,2965 606,2966 644,2966 682,2967 720,2967 758,2968 796,2968 834,2969 872,2970 910,2971"/>
                <TextEquiv>
                    <Unicode>ßheit ertragen lernen, die ihm der</Unicode>
                </TextEquiv>
            </TextLine>
            <TextLine id="r1l73" custom="readingOrder {index:72;}">
                <Coords points="980,2992 1555,2982 1599,3014 1806,2988 1949,3022 2070,3001 2071,2973 1906,2942 982,2931"/>
                <Baseline points="991,2964 1044,2968 1097,2971 1151,2972 1204,2975 1258,2977 1311,2978 1365,2980 1418,2981 1472,2982 1525,2984 1578,2984 1632,2985 1685,2986 1739,2987 1792,2988 1846,2989 1899,2991 1953,2992 2006,2994 2060,2995"/>
                <TextEquiv>
                    <Unicode>Stadt wußten, daß sie die Prinzessin Maria war, von</Unicode>
                </TextEquiv>
            </TextLine>
            <TextEquiv>
                <Unicode>16.1. Lebendige Stunden—zyklus
Mutter Freund, erfüllt von Bitterkeit, nicht vorent¬
Feuilleion.
halten will: daß sich die Theure um Heinrich's willen
das Leben genommen; daß sie gestorben ist, um dem
Sohne die Ruhe für sein künstlerisches Schaffen wieder¬
sches Schanspielhaus.
zugeben:
Hausdorser: Du wirst Dich nicht lang als Schuldiger
Montag, 10. März:
fühlen — nm! Du wirn Dich aufraffen! leben! ge¬
ebendige Stunden.
stalten!
Vier Einakter.
Heinrich: Das ist mein Recht, vielleicht sogar meine
Pflicht. Denn mir gleibt nicht Auderes übrig, als mich selbst
Von Arthur Schnitzler.
zu öten - oder den Beweis zu versuchen, daß meine Mutter
der Kunst ist heiliger Gottesdienst.
nicht vergehlich gestorben ist.
sam, er fordert furchtbare Opfer.
Er
Hausdotter: Heinrich! Vor einem Monat hat Deine
liester und Priesterinnen in Fesseln, er
Mutter no geleitt und Du kannn so reden? Für Dich
isten ihrer Göttin egoistisch, rücksichts¬
hat sie si# mgebracht und Iu gehst hin und schüttelst es
lten fanatisch. Er nimmt ihnen die
von Der ab? Und in ein paar Tugen nimmst Du's viel¬
t der Seele und heißt sie, die zarteste
leicht hin, als wär es ihre Schuldigkeit gewesen —.. Hoch¬
die verschwiegensten Erlehnisse
müthig seid Ihr!... Was ist denn Deine ganze Schreiberei,
und wenn Du das grögte Genie bist, was ist sie denn gegen
geliebten Herzens dem Papier,
so eine Stunde, so eine lebendige Stunde, in der Deine
önen anzuvertrauen und sie auf den
Mutter hier auf dem Lehnstuhl gesessen ist und zu uns ge¬
vor aller, auch des Pöbels profane
redet hat, oder auch geschwiegen —
aber da ist sie gewesen
da! und sie hat gelebt gelebt!
jungen Dichter! Ihm ist die Mutter
Heinrich: Lebendige Stunden? Sie leben doch
r für ihn gelebt. Ihn wirft keine
nicht länger als der Letzte, der sich ihrer erinnert. Es ist
zwingende Traurigkeit darnieder, wie
nicht der schlechteste Beruf, solchen Stunden Dauer
Freund, den treuen Kameraden der
zu verleihen, über ihre Zeit hinaus. — Leben Sie wohl,
Herr Hausdorfer. Der Schmerz giebt Ihnen heute noch das
h denkt nur daran, wie er die schmerz¬
Recht, mich mißzuverstehen. Im Frühjahr, wenn Ihr Garten
von seiner Seele waschen kann. Hät
auf's Neue blüht, sprechen wir uns wieder. Denn auch Sie
der Mutter Lebzeiten über ihren Tod,
*
leben weiter.“
ung von ihren und seinen Qualen
Ein anderes Beispiel! Der Dramatiker dort! Er
flieht er zu dem Rococogarten von
hat sein Weib, das ihn vergöttert, mit einer anderen
den alten Bildern der Münchener
verrathen, hat sie in Verzweiflung gestürzt und hat
bei ihnen Trost zu finden.
Er flieht
dann aus dem Allen ein Stück geschaffen und auf die
Kunst. Bei ihr wird er sich bald
Bühne gebracht. Die Gattin aber, Pauline, saß in der
kämpfen. Bei ihr wird er auch die
Loge und sah der Komödie zu. Und die Leute in der
ßheit ertragen lernen, die ihm der
Stadt wußten, daß sie die Prinzessin Maria war, von</Unicode>
            </TextEquiv>
        </TextRegion>
        <TextRegion orientation="0.0" id="r2" custom="readingOrder {index:1;}">
            <Coords points="2078,208 2078,3025 3259,3025 3259,208"/>
            <TextLine id="r2l1" custom="readingOrder {index:0;}">
                <Coords points="2068,232 2149,260 2351,236 2377,259 2444,266 2514,230 2542,233 2543,172 2178,185 2069,161"/>
                <Baseline points="2078,228 2103,228 2128,229 2153,230 2178,231 2204,231 2229,232 2254,233 2279,233 2305,234 2330,234 2355,235 2380,235 2405,235 2431,235 2456,235 2481,234 2506,234 2532,232"/>
                <TextEquiv>
                    <Unicode>box 21/3</Unicode>
                </TextEquiv>
            </TextLine>
            <TextLine id="r2l2" custom="readingOrder {index:1;}">
                <Coords points="2989,1474 3011,1480 3035,1478 3041,1483 3050,1477 3057,1482 3066,1476 3078,1477 3090,1485 3096,1481 3118,1487 3124,1418 3098,1410 3085,1419 3081,1414 3071,1418 3055,1412 3034,1419 3013,1405 2994,1405"/>
                <Baseline points="3000,1457 3027,1455 3055,1456 3082,1460 3110,1465"/>
                <TextEquiv>
                    <Unicode>S</Unicode>
                </TextEquiv>
            </TextLine>
            <TextLine id="r2l3" custom="readingOrder {index:2;}">
                <Coords points="2146,1492 2902,1527 2960,1498 3118,1534 3243,1521 3244,1485 2147,1447"/>
                <Baseline points="2156,1489 2209,1491 2263,1492 2317,1494 2371,1495 2425,1497 2478,1499 2532,1501 2586,1502 2640,1504 2694,1506 2747,1508 2801,1509 2855,1511 2909,1513 2963,1515 3016,1517 3070,1518 3124,1520 3178,1522 3232,1524"/>
                <TextEquiv>
                    <Unicode>der das Schauspiel erzählte. Und sie richteten ihre</Unicode>
                </TextEquiv>
            </TextLine>
            <TextLine id="r2l4" custom="readingOrder {index:3;}">
                <Coords points="2150,1533 3204,1582 3245,1567 3247,1520 3026,1533 2960,1497 2889,1537 2151,1493"/>
                <Baseline points="2160,1533 2213,1534 2267,1536 2321,1539 2374,1540 2428,1542 2482,1544 2535,1545 2589,1547 2643,1549 2697,1551 2750,1552 2804,1553 2858,1555 2911,1557 2965,1559 3019,1560 3072,1563 3126,1565 3180,1567 3234,1569"/>
                <TextEquiv>
                    <Unicode>Operngucker auf sie und flüsterten. Das war der</Unicode>
                </TextEquiv>
            </TextLine>
            <TextLine id="r2l5" custom="readingOrder {index:4;}">
                <Coords points="2158,1580 3238,1625 3240,1577 2159,1539"/>
                <Baseline points="2168,1575 2221,1578 2274,1580 2327,1582 2380,1584 2433,1586 2486,1587 2539,1588 2592,1590 2645,1591 2698,1593 2751,1594 2804,1596 2857,1597 2910,1599 2963,1601 3016,1603 3069,1604 3122,1606 3175,1608 3228,1611"/>
                <TextEquiv>
                    <Unicode>Augenblick, wo sie den Großen, den Heißgeliebten haßte.</Unicode>
                </TextEquiv>
            </TextLine>
            <TextLine id="r2l6" custom="readingOrder {index:5;}">
                <Coords points="2145,1632 3207,1671 3250,1664 3251,1617 2146,1577"/>
                <Baseline points="2156,1622 2210,1623 2264,1625 2318,1626 2372,1627 2427,1629 2481,1630 2535,1632 2589,1634 2643,1635 2698,1637 2752,1639 2806,1640 2860,1642 2914,1644 2969,1645 3023,1646 3077,1647 3131,1648 3185,1649 3240,1650"/>
                <TextEquiv>
                    <Unicode>In dem Moment hätte sie sich in wilder Leidenschaft</Unicode>
                </TextEquiv>
            </TextLine>
            <TextLine id="r2l7" custom="readingOrder {index:6;}">
                <Coords points="2146,1678 3202,1711 3240,1666 2147,1636"/>
                <Baseline points="2156,1666 2209,1667 2263,1668 2317,1669 2370,1670 2424,1672 2478,1673 2531,1674 2585,1676 2639,1677 2693,1679 2746,1680 2800,1681 2854,1683 2907,1685 2961,1688 3015,1690 3068,1692 3122,1695 3176,1698 3230,1701"/>
                <TextEquiv>
                    <Unicode>dem begehrten, aber ungeliebten Manne hingeben können,</Unicode>
                </TextEquiv>
            </TextLine>
            <TextLine id="r2l8" custom="readingOrder {index:7;}">
                <Coords points="2143,1709 3268,1762 3269,1721 3073,1692 2144,1685"/>
                <Baseline points="2154,1709 2209,1710 2264,1710 2319,1711 2375,1712 2430,1714 2485,1715 2540,1716 2596,1718 2651,1720 2706,1722 2761,1724 2817,1726 2872,1728 2927,1731 2982,1732 3038,1734 3093,1737 3148,1738 3203,1741 3259,1742"/>
                <TextEquiv>
                    <Unicode>der doch den Vorzug hatte, mehr als ein Modell in ihr zu</Unicode>
                </TextEquiv>
            </TextLine>
            <TextLine id="r2l9" custom="readingOrder {index:8;}">
                <Coords points="2143,1764 2952,1774 3244,1814 3246,1757 3161,1744 2145,1711"/>
                <Baseline points="2154,1757 2208,1756 2262,1756 2316,1756 2370,1757 2424,1757 2478,1758 2532,1760 2586,1761 2640,1763 2694,1765 2748,1767 2802,1769 2856,1772 2910,1774 2964,1776 3018,1778 3072,1780 3126,1783 3180,1784 3234,1786"/>
                <TextEquiv>
                    <Unicode>sehen, der bereit war, die lebendigen Stunden an ihrer Seite,</Unicode>
                </TextEquiv>
            </TextLine>
            <TextLine id="r2l10" custom="readingOrder {index:9;}">
                <Coords points="2144,1797 3183,1843 3230,1840 3231,1807 2144,1764"/>
                <Baseline points="2154,1798 2207,1799 2260,1799 2314,1800 2367,1800 2420,1801 2474,1802 2527,1803 2580,1805 2634,1806 2687,1808 2740,1809 2794,1811 2847,1813 2900,1815 2954,1818 3007,1820 3060,1822 3114,1825 3167,1828 3221,1830"/>
                <TextEquiv>
                    <Unicode>ohne Angst vor den furchtbarsten Folgen, mit voller, rest¬</Unicode>
                </TextEquiv>
            </TextLine>
            <TextLine id="r2l11" custom="readingOrder {index:10;}">
                <Coords points="2166,1849 3198,1884 3238,1856 3005,1820 2168,1802"/>
                <Baseline points="2176,1844 2228,1844 2281,1844 2333,1844 2386,1845 2439,1845 2491,1846 2544,1848 2596,1850 2649,1851 2702,1853 2754,1855 2807,1858 2859,1859 2912,1862 2965,1864 3017,1866 3070,1868 3122,1870 3175,1872 3228,1873"/>
                <TextEquiv>
                    <Unicode>loser Hingebung der Seele auszukosten. Damals war</Unicode>
                </TextEquiv>
            </TextLine>
            <TextLine id="r2l12" custom="readingOrder {index:11;}">
                <Coords points="2142,1900 3003,1910 3104,1943 3241,1915 3243,1868 2298,1862 2144,1832"/>
                <Baseline points="2152,1887 2208,1886 2265,1886 2322,1887 2379,1888 2435,1889 2492,1891 2549,1892 2606,1895 2663,1897 2719,1900 2776,1902 2833,1904 2890,1906 2947,1908 3003,1910 3060,1911 3117,1912 3174,1913 3231,1913"/>
                <TextEquiv>
                    <Unicode>der Augenblick verpaßt. Heute kommt sie zur Gemälde¬</Unicode>
                </TextEquiv>
            </TextLine>
            <TextLine id="r2l13" custom="readingOrder {index:12;}">
                <Coords points="2137,1936 3233,1963 3234,1916 3099,1941 2798,1902 2138,1904"/>
                <Baseline points="2148,1935 2201,1934 2255,1933 2309,1932 2363,1932 2416,1933 2470,1934 2524,1935 2578,1937 2631,1938 2685,1940 2739,1942 2793,1944 2846,1947 2900,1949 2954,1951 3008,1953 3061,1955 3115,1956 3169,1958 3223,1959"/>
                <TextEquiv>
                    <Unicode>galerie, um Abschied von Leonhard zu nehmen. Sie</Unicode>
                </TextEquiv>
            </TextLine>
            <TextLine id="r2l14" custom="readingOrder {index:13;}">
                <Coords points="2141,1971 3236,2013 3237,1972 3124,1957 2142,1934"/>
                <Baseline points="2152,1972 2205,1973 2259,1974 2312,1975 2366,1976 2420,1977 2473,1978 2527,1980 2581,1981 2634,1983 2688,1984 2742,1986 2795,1988 2849,1990 2903,1992 2956,1994 3010,1996 3064,1998 3117,2000 3171,2003 3225,2005"/>
                <TextEquiv>
                    <Unicode>will abreisen, um sich vor einer neuen Versuchung zu</Unicode>
                </TextEquiv>
            </TextLine>
            <TextLine id="r2l15" custom="readingOrder {index:14;}">
                <Coords points="2137,2021 3235,2065 3237,2012 2138,1987"/>
                <Baseline points="2147,2020 2200,2018 2254,2017 2308,2017 2362,2017 2416,2018 2470,2019 2524,2021 2578,2023 2632,2025 2686,2027 2739,2030 2793,2033 2847,2035 2901,2038 2955,2040 3009,2042 3063,2043 3117,2044 3171,2045 3225,2046"/>
                <TextEquiv>
                    <Unicode>retten. Da beschwört er sie, am Abend zu ihr zu</Unicode>
                </TextEquiv>
            </TextLine>
            <TextLine id="r2l16" custom="readingOrder {index:15;}">
                <Coords points="2141,2070 3185,2105 3228,2100 3230,2050 2142,2027"/>
                <Baseline points="2151,2060 2204,2060 2257,2061 2311,2061 2364,2062 2417,2063 2471,2064 2524,2066 2577,2067 2631,2069 2684,2071 2737,2073 2791,2075 2844,2077 2897,2079 2951,2081 3004,2084 3057,2085 3111,2087 3164,2089 3218,2091"/>
                <TextEquiv>
                    <Unicode>kommen und sagt ihr alles über ihre Ehe, was sie sich</Unicode>
                </TextEquiv>
            </TextLine>
            <TextLine id="r2l17" custom="readingOrder {index:16;}">
                <Coords points="2140,2108 3227,2150 3228,2101 3065,2084 2141,2070"/>
                <Baseline points="2151,2103 2204,2104 2257,2105 2310,2106 2364,2107 2417,2108 2470,2110 2524,2111 2577,2112 2630,2114 2684,2115 2737,2117 2790,2119 2843,2120 2897,2122 2950,2124 3003,2126 3057,2127 3110,2129 3163,2131 3217,2133"/>
                <TextEquiv>
                    <Unicode>seiht schen gesagt. Aber sie kann innerlich nicht los von</Unicode>
                </TextEquiv>
            </TextLine>
            <TextLine id="r2l18" custom="readingOrder {index:17;}">
                <Coords points="2143,2155 3232,2187 3233,2149 3059,2127 2979,2153 2145,2111"/>
                <Baseline points="2153,2147 2206,2147 2259,2148 2313,2148 2366,2149 2420,2150 2473,2152 2527,2153 2580,2155 2634,2157 2687,2159 2740,2161 2794,2163 2847,2165 2901,2168 2954,2170 3008,2172 3061,2173 3115,2176 3168,2177 3222,2179"/>
                <TextEquiv>
                    <Unicode>dem Gatten, dessen-Genie sie gefangen hält. „Vielleicht</Unicode>
                </TextEquiv>
            </TextLine>
            <TextLine id="r2l19" custom="readingOrder {index:18;}">
                <Coords points="2136,2197 3104,2240 3222,2235 3224,2193 2137,2161"/>
                <Baseline points="2146,2192 2199,2192 2252,2193 2305,2193 2359,2194 2412,2195 2465,2196 2519,2197 2572,2199 2625,2200 2679,2201 2732,2203 2785,2204 2838,2207 2892,2209 2945,2210 2998,2213 3052,2215 3105,2218 3158,2220 3212,2223"/>
                <TextEquiv>
                    <Unicode>hat mein ganzes Leben gar keinen anderen Sinn gehabt,</Unicode>
                </TextEquiv>
            </TextLine>
            <TextLine id="r2l20" custom="readingOrder {index:19;}">
                <Coords points="2135,2239 3225,2261 3148,2222 2136,2201"/>
                <Baseline points="2145,2236 2198,2235 2251,2235 2305,2235 2358,2236 2412,2237 2465,2238 2519,2240 2572,2242 2626,2244 2679,2247 2732,2249 2786,2250 2839,2253 2893,2255 2946,2257 3000,2258 3053,2260 3107,2261 3160,2261 3214,2261"/>
                <TextEquiv>
                    <Unicode>als für ihn eine Gelegenheit zu sein, seinen Witz oder</Unicode>
                </TextEquiv>
            </TextLine>
            <TextLine id="r2l21" custom="readingOrder {index:20;}">
                <Coords points="2131,2291 2840,2290 3217,2329 3219,2260 2132,2244"/>
                <Baseline points="2142,2275 2195,2277 2248,2278 2301,2279 2355,2281 2408,2282 2461,2283 2514,2284 2568,2286 2621,2287 2674,2289 2727,2290 2781,2292 2834,2294 2887,2295 2940,2297 2994,2299 3047,2301 3100,2303 3153,2305 3207,2308"/>
                <TextEquiv>
                    <Unicode>meinethalben sein Genie zu zeigen.“ — Leonhard führt</Unicode>
                </TextEquiv>
            </TextLine>
            <TextLine id="r2l22" custom="readingOrder {index:21;}">
                <Coords points="2139,2333 3224,2359 3190,2313 2845,2291 2140,2293"/>
                <Baseline points="2150,2322 2203,2323 2256,2323 2309,2324 2362,2326 2415,2327 2468,2328 2522,2329 2575,2331 2628,2332 2681,2334 2734,2335 2787,2337 2840,2338 2894,2340 2947,2341 3000,2343 3053,2345 3106,2347 3159,2348 3213,2350"/>
                <TextEquiv>
                    <Unicode>Pauline zum Divan. Das Bild eines italienischen</Unicode>
                </TextEquiv>
            </TextLine>
            <TextLine id="r2l23" custom="readingOrder {index:22;}">
                <Coords points="2129,2372 3212,2406 3211,2351 2130,2329"/>
                <Baseline points="2140,2365 2193,2365 2246,2365 2299,2365 2352,2366 2405,2367 2458,2369 2511,2370 2564,2372 2617,2374 2671,2377 2724,2379 2777,2382 2830,2383 2883,2385 2936,2387 2989,2389 3042,2390 3095,2391 3148,2392 3202,2393"/>
                <TextEquiv>
                    <Unicode>Meisters der Renaissance ist ihnen gegenüber: Eine</Unicode>
                </TextEquiv>
            </TextLine>
            <TextLine id="r2l24" custom="readingOrder {index:23;}">
                <Coords points="2137,2428 3212,2446 3213,2407 3075,2385 2139,2371"/>
                <Baseline points="2147,2410 2199,2410 2252,2410 2305,2410 2358,2411 2410,2412 2463,2413 2516,2415 2569,2416 2621,2418 2674,2420 2727,2422 2780,2424 2832,2427 2885,2428 2938,2430 2991,2432 3043,2434 3096,2435 3149,2436 3202,2437"/>
                <TextEquiv>
                    <Unicode>Frau, die in hoch erhobener Hand einen Dolch hält.</Unicode>
                </TextEquiv>
            </TextLine>
            <TextLine id="r2l25" custom="readingOrder {index:24;}">
                <Coords points="2145,2468 3014,2494 3210,2483 3211,2444 2285,2413 2146,2436"/>
                <Baseline points="2154,2459 2206,2458 2258,2456 2310,2456 2363,2456 2415,2456 2467,2457 2520,2459 2572,2460 2624,2462 2677,2464 2729,2466 2781,2469 2833,2471 2886,2473 2938,2475 2990,2477 3043,2479 3095,2480 3147,2481 3200,2482"/>
                <TextEquiv>
                    <Unicode>„Ich bin es selbst. Erkennen Sie mich nicht? Und</Unicode>
                </TextEquiv>
            </TextLine>
            <TextLine id="r2l26" custom="readingOrder {index:25;}">
                <Coords points="2143,2498 3158,2534 3190,2488 2143,2470"/>
                <Baseline points="2153,2501 2204,2499 2255,2498 2306,2498 2358,2498 2409,2499 2460,2499 2511,2501 2563,2502 2614,2505 2665,2507 2716,2509 2768,2511 2819,2514 2870,2515 2921,2517 2973,2518 3024,2519 3075,2520 3126,2519 3178,2519"/>
                <TextEquiv>
                    <Unicode>hier im Schatten — der d#ie Jüngling — Sie —.“</Unicode>
                </TextEquiv>
            </TextLine>
            <TextLine id="r2l27" custom="readingOrder {index:26;}">
                <Coords points="2136,2547 2972,2561 3059,2590 3206,2577 3208,2520 2137,2501"/>
                <Baseline points="2146,2541 2198,2541 2251,2542 2303,2542 2356,2543 2408,2544 2461,2545 2513,2546 2566,2548 2618,2549 2671,2551 2723,2552 2776,2555 2828,2557 2881,2559 2933,2561 2986,2563 3038,2565 3091,2567 3143,2570 3196,2572"/>
                <TextEquiv>
                    <Unicode>Da trägt ein Ahnen, eine Art metempsychische Erinnerung</Unicode>
                </TextEquiv>
            </TextLine>
            <TextLine id="r2l28" custom="readingOrder {index:27;}">
                <Coords points="2141,2594 3214,2614 3207,2575 2143,2550"/>
                <Baseline points="2152,2585 2204,2586 2257,2587 2309,2588 2362,2589 2415,2590 2467,2592 2520,2593 2573,2595 2625,2596 2678,2598 2731,2599 2783,2601 2836,2603 2889,2604 2941,2605 2994,2608 3047,2609 3099,2610 3152,2612 3205,2614"/>
                <TextEquiv>
                    <Unicode>sie in die Zeit zurück, da dies Bild entstand. Der</Unicode>
                </TextEquiv>
            </TextLine>
            <TextLine id="r2l29" custom="readingOrder {index:28;}">
                <Coords points="2134,2631 3163,2672 3206,2661 3208,2612 2135,2592"/>
                <Baseline points="2143,2628 2195,2628 2248,2629 2300,2630 2353,2631 2406,2632 2458,2633 2511,2635 2564,2636 2616,2638 2669,2639 2722,2641 2774,2643 2827,2645 2880,2647 2932,2649 2985,2650 3038,2652 3090,2654 3143,2656 3196,2657"/>
                <TextEquiv>
                    <Unicode>Künstler Remigio, der es schuf, ist ihr Gatte. Sie selbst</Unicode>
                </TextEquiv>
            </TextLine>
            <TextLine id="r2l30" custom="readingOrder {index:29;}">
                <Coords points="2126,2689 3214,2710 3199,2656 2128,2628"/>
                <Baseline points="2137,2672 2190,2672 2243,2672 2296,2673 2350,2674 2403,2675 2456,2676 2510,2678 2563,2680 2616,2682 2670,2684 2723,2686 2776,2689 2829,2691 2883,2693 2936,2695 2989,2697 3043,2699 3096,2700 3149,2702 3203,2703"/>
                <TextEquiv>
                    <Unicode>ist Paola und Freund Leonhard: Lionardo, des Meisters</Unicode>
                </TextEquiv>
            </TextLine>
            <TextLine id="r2l31" custom="readingOrder {index:30;}">
                <Coords points="2129,2721 3206,2757 3191,2700 2131,2680"/>
                <Baseline points="2140,2714 2192,2716 2245,2717 2298,2719 2351,2720 2403,2721 2456,2723 2509,2724 2562,2726 2614,2727 2667,2728 2720,2730 2773,2731 2825,2733 2878,2735 2931,2737 2984,2739 3036,2742 3089,2744 3142,2748 3195,2751"/>
                <TextEquiv>
                    <Unicode>Schüler. Und das Schicksal der drei rollt sich deutlich</Unicode>
                </TextEquiv>
            </TextLine>
            <TextLine id="r2l32" custom="readingOrder {index:31;}">
                <Coords points="2127,2762 2200,2774 2222,2761 2277,2789 2340,2762 2401,2790 2467,2769 2489,2784 2581,2770 2581,2743 2552,2753 2519,2723 2482,2737 2433,2717 2416,2733 2128,2722"/>
                <Baseline points="2137,2756 2162,2757 2187,2758 2213,2758 2238,2759 2264,2759 2289,2760 2315,2761 2340,2761 2366,2762 2391,2762 2417,2763 2442,2763 2468,2764 2493,2765 2519,2766 2544,2767 2570,2768"/>
                <TextEquiv>
                    <Unicode>vor ihren Augen ab:</Unicode>
                </TextEquiv>
            </TextLine>
            <TextLine id="r2l33" custom="readingOrder {index:32;}">
                <Coords points="2199,2809 3205,2853 3206,2802 3040,2779 2402,2791 2201,2758"/>
                <Baseline points="2210,2813 2259,2815 2308,2816 2357,2818 2407,2819 2456,2821 2505,2822 2554,2824 2604,2826 2653,2827 2702,2828 2751,2830 2801,2832 2850,2833 2899,2835 2948,2836 2998,2838 3047,2839 3096,2841 3145,2843 3195,2844"/>
                <TextEquiv>
                    <Unicode>Remigio hatte die Gattin und das halbfertige Bild</Unicode>
                </TextEquiv>
            </TextLine>
            <TextLine id="r2l34" custom="readingOrder {index:33;}">
                <Coords points="2116,2865 3197,2901 3198,2850 3093,2838 2231,2826 2119,2786"/>
                <Baseline points="2126,2857 2179,2857 2232,2858 2285,2859 2338,2859 2391,2861 2444,2862 2497,2864 2550,2865 2603,2868 2657,2870 2710,2872 2763,2874 2816,2876 2869,2878 2922,2880 2975,2882 3028,2884 3081,2885 3134,2887 3188,2888"/>
                <TextEquiv>
                    <Unicode>verlassen und weilte seit einem Monat fern von ihr in</Unicode>
                </TextEquiv>
            </TextLine>
            <TextLine id="r2l35" custom="readingOrder {index:34;}">
                <Coords points="2122,2905 3211,2931 3212,2896 3125,2881 2124,2860"/>
                <Baseline points="2133,2902 2186,2902 2239,2902 2293,2903 2346,2904 2399,2905 2453,2907 2506,2909 2559,2911 2613,2913 2666,2915 2719,2917 2773,2919 2826,2922 2879,2924 2933,2926 2986,2928 3039,2929 3093,2930 3146,2931 3200,2931"/>
                <TextEquiv>
                    <Unicode>Florenz. Da führte ein Sturm der Leidenschaft sie in</Unicode>
                </TextEquiv>
            </TextLine>
            <TextLine id="r2l36" custom="readingOrder {index:35;}">
                <Coords points="2112,2956 3176,2997 3203,2934 2114,2901"/>
                <Baseline points="2122,2944 2175,2944 2228,2945 2282,2946 2335,2947 2389,2949 2442,2950 2496,2952 2549,2954 2603,2956 2656,2958 2709,2960 2763,2962 2816,2964 2870,2966 2923,2968 2977,2970 3030,2971 3084,2972 3137,2974 3191,2975"/>
                <TextEquiv>
                    <Unicode>die Arme des hübschen Lionardo. Aber sie fühlt für</Unicode>
                </TextEquiv>
            </TextLine>
            <TextLine id="r2l37" custom="readingOrder {index:36;}">
                <Coords points="2114,2991 2586,3036 3193,3037 3194,2990 3133,2976 2116,2951"/>
                <Baseline points="2124,2989 2179,2990 2235,2991 2291,2992 2346,2994 2402,2995 2458,2998 2514,2999 2569,3001 2625,3004 2681,3006 2737,3008 2792,3009 2848,3011 2904,3013 2960,3014 3015,3015 3071,3015 3127,3015 3183,3015"/>
                <TextEquiv>
                    <Unicode>den heimlich Umfangenen keine Liebe, nein, eher Ab¬</Unicode>
                </TextEquiv>
            </TextLine>
            <TextEquiv>
                <Unicode>box 21/3
S
der das Schauspiel erzählte. Und sie richteten ihre
Operngucker auf sie und flüsterten. Das war der
Augenblick, wo sie den Großen, den Heißgeliebten haßte.
In dem Moment hätte sie sich in wilder Leidenschaft
dem begehrten, aber ungeliebten Manne hingeben können,
der doch den Vorzug hatte, mehr als ein Modell in ihr zu
sehen, der bereit war, die lebendigen Stunden an ihrer Seite,
ohne Angst vor den furchtbarsten Folgen, mit voller, rest¬
loser Hingebung der Seele auszukosten. Damals war
der Augenblick verpaßt. Heute kommt sie zur Gemälde¬
galerie, um Abschied von Leonhard zu nehmen. Sie
will abreisen, um sich vor einer neuen Versuchung zu
retten. Da beschwört er sie, am Abend zu ihr zu
kommen und sagt ihr alles über ihre Ehe, was sie sich
seiht schen gesagt. Aber sie kann innerlich nicht los von
dem Gatten, dessen-Genie sie gefangen hält. „Vielleicht
hat mein ganzes Leben gar keinen anderen Sinn gehabt,
als für ihn eine Gelegenheit zu sein, seinen Witz oder
meinethalben sein Genie zu zeigen.“ — Leonhard führt
Pauline zum Divan. Das Bild eines italienischen
Meisters der Renaissance ist ihnen gegenüber: Eine
Frau, die in hoch erhobener Hand einen Dolch hält.
„Ich bin es selbst. Erkennen Sie mich nicht? Und
hier im Schatten — der d#ie Jüngling — Sie —.“
Da trägt ein Ahnen, eine Art metempsychische Erinnerung
sie in die Zeit zurück, da dies Bild entstand. Der
Künstler Remigio, der es schuf, ist ihr Gatte. Sie selbst
ist Paola und Freund Leonhard: Lionardo, des Meisters
Schüler. Und das Schicksal der drei rollt sich deutlich
vor ihren Augen ab:
Remigio hatte die Gattin und das halbfertige Bild
verlassen und weilte seit einem Monat fern von ihr in
Florenz. Da führte ein Sturm der Leidenschaft sie in
die Arme des hübschen Lionardo. Aber sie fühlt für
den heimlich Umfangenen keine Liebe, nein, eher Ab¬</Unicode>
            </TextEquiv>
        </TextRegion>
    </Page>
</PcGts>
