3392 4224
1918 213 2406 322 box 21/5
227 219 1944 323 16.1. Lebendige Stunden zyklus
2443 1047 3306 1137 Armicher, Salzburg, ferner die H
2336 1108 3321 1186 Rechtsanwalt Dr. Ocol, Salzburg, Land
1137 1117 2264 1220 „ 50.. Arde Wor ich gar nicht.
3201 1167 3325 1243 Bü
1427 1179 3221 1255 Aus dem unseligen Fall mit dem Pfarrer Abgeordneter Dr. Stölzel; Salzburg.
312 1273 3318 1332 stimmen. Venedig zeigt sich ihm vom Stand= Ocäsek ergeben sich nebenbei auch Folgerungen für schaft und Arbeiterschaft, Beamte aller Kateg
2384 1261 3314 1332 und Lehrer hatten sich zahlreich eingefunden,
1350 1282 2395 1365 die internen Rechtsverhältnisse in der katholischen
318 1301 1362 1373 punkte eines Mitgliedes der internationalen Gesell¬
2382 1314 3319 1385 in wohltuender Eintracht an dem Gründungs
313 1331 2394 1436 schaft, die sich in der Halle des Palastes Dandolo, Kirche. Nirgends, auf keinem Gebiete des öffent¬
324 1431 3323 1469 „den seit Jahren schon die Betriebsamkeit gescheiter lichen Lebens ist ein derartiger Eigenwille möglich sich zu beteiligen. Nach warmer Begrüßung
321 1409 3320 1514 Leute in ein vornehmes Hotel gewandelt hat“ zu= wie hier gegen den Klerus. Das kanonische Gesetz= Erschienenen durch den Einberufer und Leite
313 1504 3323 1570 sammenfindet, Berlin wird ihm durch ein Aben= buch enthält doch Vorschriften für den kanonischen Versammlung, Herrn Obmann des Zweigle
2391 1504 3301 1589 vereines Hallein, Oberlehrer Schwaiger,
319 1529 2397 1622 teuer unglücklicher Liebe zu einer hämischen, uner= Prozeß — warum hält man sie nicht? Moderne
2383 1560 3301 1639 sodann Herr Lehrer Gebhart über den
1351 1593 2404 1661 Verhältnisse zeigen, daß in dem kirchlichen Gerichts¬
325 1597 1366 1660 freulichen Stadt, auch Wien bringt ihm eine
1357 1603 3320 1704 und Strafverfahren überhaupt große Lücken sich der Volksbildungsvereine. In knapper Kürze
328 1649 1372 1727 kleine Enttäuschung, läßt ihn nicht das erhoffte
2384 1657 3317 1738 der Vortragende die mangelhafte Bildung der bi
332 1682 2393 1763 ruhige Glück finden. Welche Stadt kann da trösten, finden, so daß Kompletierungen und Vervesserungen
333 1754 3290 1815 wenn nicht Paris, wo ihm ein einfaches kleines nötig erscheinen und eine vollständige Kodifizierung Massen des Volkes, die traurigen Folgen
329 1758 3316 1863 Mädel viel Freude und Liebe schenkt, sein heim= des kanonischen Rechtes sehr wünschenswert ist. .. Erscheinung, die enorme Bedeutung erwei
1451 1810 3313 1901 Aus diesen Vorkommnissen muß man auch Bildung in wirtschaftlicher und ethischer Hi
327 1844 1372 1929 lichstes Sehnen aber doch nicht stillen kann. Be¬
2386 1842 3330 1919 für den Einzelnen sowohl, als auch für die
342 1872 2405 1964 friedigung durch die Arbeit sucht unser Welten= Folgerungen für das praktische Leben, besonders
324 1899 3329 2023 wanderer vergebens in London, bis ihm endlich für die Tätigkeit des Klerus ableiten. Was kann samtheit, endlich die Pflicht des Staates, für
1369 1946 3327 2047 Gutes im öffentlichen Leben der Klerus leisten, der dungsangelegenheiten zu sorgen, zu begründen
334 1995 1371 2065 ein kurzer Aufenthalt in Salzburg das Glück
2396 2002 3322 2078 darzulegen. Nach einer gelungenen Charakterist
1367 2020 2407 2100 entweder zur Speichelleckerei oder zum Trotz gegen
335 2042 1386 2116 „einer jungen Ehe, eines Hauses auf dem Lande,
328 2101 3323 2160 blühende Felder, sprießender Blumen, spielender die Autorität angeleitet, geradezu systematisch er= „wayren Bildung“ sprach Redner sodann übe
1344 2101 3321 2196 zogen wird? Was wird der Klerus vermögen, der außerordentlich segensreiche Wirken der Vo#
329 2139 738 2227 Kinder“ verheißt.
426 2151 3318 2240 Daß Fred seinen Globetrotter die Erfüllung keinen freien Willen haben, nicht denken, nicht dungsvereine, die erheblichen Mittel, welch
338 2202 3310 2316 seines Sehnens gerade in Salzburg finden läßt, ist handeln darf, mögen seine Intensionen noch so rein anderen Orten hiefür aufgewendet werden,
341 2290 3295 2360 ein echt österreschischer Zug. Auch Schnitzler er= und sein Streben noch so uneigennutzig sein? Der schloß mit einem warmen von Begeisterung
343 2338 3327 2405 wähnt ja in seinen „Lebendigen Stunden“ dieser Klerus, dem man einen Verein zum Schutze seiner genen Appel an die Versammlung, dem Verei
339 2345 3325 2450 Stadt als einer Zuflucht für Trost= und Schön= und der Kirche Interessen zu gründen verbietet? Unterstützung nicht zu versagen. Anhaltender
331 2391 3319 2513 heitsbedürftige. Und man möchte fast sagen, daß Der Klerus, der nicht zu einem Tag zusammen= und zahlreiche Beglückwünschungen belohnten
341 2442 3306 2569 alle Reisen der Oesterreicher über Salzburg führen. kommen darf, um da über seine Bedürfnisse und Redner und zeigten, daß er es verstanden
444 2541 3301 2600 So ist viel Stimmung, schöne, warme Stim= die der Religion zu verhandeln? Das greift schon, den Kern des Themas wirkungsvoll zur G
343 2569 3320 2651 mung in dem Buche bis zum harmonischen Aus wie ersichtlich, über die Grenzen der Olmützer zu bringen. Nicht weniger erweckten die gle
346 2640 3330 2691 klang. Ich glaube dacum, daß es meine schöne Diözese hinaus. Jedem fällt natürlich ein: Wie ist diegenen Ausführungen des zweiten Redners
343 2647 3308 2732 Freundin mit warmer Freude lesen wird. Viel= ein solcher Klerus imstande, das Volk zu führen, Herrn Fachlehrers Baumgartner, n
349 2736 3325 2806 leicht wird sie sich gseich mir mit einer gewissen die verschiedenen Richtungen zu beherrichen, ein über Volksbibliotheken referierte, stürmischen
351 2754 3308 2844 etwas absichtlichen Nonchalance des Stiles befreun= guter Hirte zu sein, wenn man ihm a priori nicht Er sprach über die Nützlichkeit des Lesens,
346 2781 3318 2895 den, die ebenfalls eine österreichische, spezifisch wie= traut, ob er ein gutes Schäfchen ist? Die religiösen und schlechten Lesestoff. Bedeutung einer Bib
1365 2832 3327 2955 Zustände unserer Zeit erheischen einen gebildeten, für eine aufblühende Stadt und für den Fr
352 2881 1137 2974 nerische Eigenart, fast Unart darstellt.
964 2878 3320 3004 Felix Fischer. und zugleich selbstbewußten, charakterfesten Klerus, verkehr, über die Einrichtung und Gebahru
