3392 4224
265 129 1964 253 16.1. Lebendige Stunden zuklus
2101 122 2548 240 box 21/3
883 547 1366 663 Telephon 12801.
497 654 1747 747 Alex. Weigl’s Unternehmen für Zeitungs-Ausschnitte
1510 729 1751 807 Ausschnitt
728 739 1464 876 „OBSERYER“
1563 785 1799 879 Nr. 6
384 863 1845 948 I. österr. behördl. conc. Bureau für Zeitungsberichte u. Personalnachrichten
616 922 1636 1012 Wien, IX/1.ünkenstrasse 12.
789 993 1455 1072 — Filiale in Budapest: „Figyelö“ —
394 1039 1855 1130 Vertretungen in Berlin, Chicago, Genf, London, Newyork, Paris, Rom, Stockholm.
383 1150 1636 1278 Ausschnitt austnshe-Anze-
934 1248 1437 1405 Tebacken
373 1317 608 1424 vom:
615 1361 979 1498 9/6 440 1
1231 1754 1943 1851 ue
1087 1843 1523 1917 (Nachdruck verboten.)
1513 1822 3349 1908 Tkeit, dem Enthusiasmus die Thüren weit aufgemacht der Autor sich durch ein scharfes Feuill
1505 1875 3352 1953 hätte, damit der Künstler, der fünfzig Jahre am Burg=gemacht hatte; der kluge Dr. Brahm ##
638 1883 1403 1987 ::: Wiener Theaterbrief.
1510 1937 3353 2007 #theater glänzend gewirkt, doch auch bei seiner „in= Einakter den Wienern als gepfefferte #
555 1964 3339 2064 Der wunderschöne Monat Mai, der Wonnemonat, timen“ Feier die Intimität mit seinen vielen Ver¬macht damit gute Geschäfte. Dennoch
479 2012 3341 2099 hat diesmal gestreick.. Aus hätten wir schon übergenug sehrern und Freunden sichtbar genossen hätte. Aberbendigen Stunden“ nur teilweise einen
486 2066 1554 2126 Poesie und soltet uns tim Alten genügen lossen be¬
1534 2095 3349 2164 „wem Gott ein Amt giebt, dem giebt er auch den druck gemacht. Von jeher interessierte
373 2088 497 2174 Für
493 2120 1536 2177 kamen alle Poet#####d Frühlingssänger Serien.
1528 2133 3350 2200 Verstand dazu“ und mit diesem altaristokratischen jungen Dichter die geheimnisvolle Linis
492 2171 1550 2231 Warme Mäntek, Gamaschen, namentlich Regenschirme
1528 2171 3343 2264 Grundsa#schloß man die misera plebs von der In=ben und Tod. Mit einer Art von philo
491 2221 3357 2313 traten an die Stelle von Lenzlüften, Blumendüften ktimität aus. Aber just Baumeister gegenüber wirktl nießen behandelt er das Thema von „S
402 2232 512 2332 2 1
485 2263 1539 2328 und schwellenden Terzinen. Heinrich Heine selbst,
1525 2265 2572 2345 ksolch Unnatur doppelt befremdend. Wenn es je einen
2562 2295 3351 2354 sein“ und er weiß aus dem blühenden
488 2324 2583 2404 wenn er noch lebte, hätte für Winterstrümpfe und ge=fnaiven Schauspieler gab, so ist es Baumeister, ein
371 2323 538 2407 Abonth
2563 2335 3352 2414 eine Art von Todesgenuß zu deduziere
371 2380 1545 2454 Abom bratene Kastanien eher geschwärmt als für „mond¬
1525 2376 2576 2447 Mensch und Künstler, dessen Wesen und Kunst ohne
2563 2389 3346 2452 derer Stelle den kalten Tod energisch zu
481 2427 2576 2500 scheintrunkene Lindenblüten“ oder „schluchzende Bül=Ueberlegung und abgrundtiefes Studium lediglich
2578 2440 3343 2505 sich nur dem prangenden Leben durstig
495 2462 2576 2546 büls“ wenn er diesen kalten, nassen, griesgrämigen seinem wunderbaren Instinkte entspringt. Vielleicht
2564 2492 3346 2549 Arzt und Dichter — Schnitzler ist bek
373 2473 1534 2575 Inhal Mai hätte besingen sollen. Aber die Bauernregel sagt:
1528 2523 2568 2597 ist seine ganze Kunst nichts anderes als die Ausgestal¬
372 2544 511 2601 blä
2568 2527 3340 2606 ziner — setzen wechselsweise die Virtuo
499 2567 2561 2642 „Ist der Mai kühl und naß, füllt er Keller und Faß!“stung seiner Natur. Er weist weder Schule noch Tra¬
370 2582 502 2636 wodu
2566 2589 3348 2648 bensanschauung ein, beide mit starker
371 2618 513 2674 Lebei
497 2614 3342 2660 Die Theaterdirektoren fanden, daß die Bauernpoesie dition auf, die Rollen, die er spielt, spielt er mit sei=erste Stück „Lebendige Stunden“, das
370 2657 505 2728 theil
491 2661 2579 2743 die schönste Poesie sei, und jauchzend tranponierten sienem ureigensten Wesen, seine Liebe, sein Haß, sein!
2557 2685 3335 2743 den Namen giebt, ist quasi ein lever d
494 2711 2574 2769 „Keller und Faß“ in Parquet, Logen und Gallerien,4 Zern, seine Gutmütigkeit spricht aus den verschiedenen
2563 2729 3348 2804 Prolog zu den folgenden Gaben und ma
485 2754 3337 2825 die der kalte; nasse Mai in der That kräftig füllte. Das [Gestalten, er empfindet und handelt, wieelden Iskizzenhaften Eindruck. Das zweite „I
476 2814 3341 2894 einzige Theater, das nicht gefüllt erschien, war das kempfinden und handeln müssen. Sein Talent suchtl dem Dolche“ ist ein Stück lebendig ge#
483 2850 2578 2939 Burgtheater an dem Vormittag, als Baumeister's lund findet das Innerste, Tiefste der Charaktere und er
2560 2881 3342 2941 mantik, das durch breitere und tiefer
485 2910 3340 2970 Jubiläum „imim“, gefeiert wurde. Warum Dr. shat das Größte, Erhabenste, Schwerste in der Kunst wohl auch mehr Bedeutung hätte gew
484 2970 3339 2995 Schlenther bloß das Parquet öffnete und nur nominell gefunden — die Einfachheit. Hätte Schlenther ein! „Die letzten Masken“, das dritte Stück,
477 2998 3339 3085 vorher angemeldeten Besuchern den Eintritt dorthin bischen über Baumeister nachgedacht, hätte er seine mistische Zurückschauen eines Sterbend
478 3058 1533 3125 gewährte, ist unbegreiflich. Wäre es nicht der Feier
1521 3072 3336 3140 Bedeutung und sein Verhältnis zum Publikum richtig aufregenden Leben, dem der nahe Tod I
478 3110 3340 3171 würdiger gewesen, wenn das Burgtheater weit auf sertannt, so wäre auch ihm das Beste, Einfachstel versöhnenden Schlußaccord verleiht. An
482 3157 2570 3237 gemacht worden wäre, um alle Freunde, alle Verehrer eingefallen, er hätte den Beamten des k. k. Hofburg¬
2552 3168 3327 3242 ist der letzte Einakter „Litteratur“ in
484 3207 2564 3279 herzlich zu begrüßen, welche den alten Baumeister zu sthaters für den Vormittag spazieren geschickt und ein¬
2557 3199 3314 3284 dernen Dichterinnen in keineswegs si
486 3247 1536 3307 feiern gedachten? Wie bei einer Nihilistenversamm¬
1525 3262 2561 3318 fach gesagt: „Kinder, da ist der alte Baumeister, den
2563 3269 3332 3341 Weise die Wahrheit gesagt wird, ohne
484 3304 2572 3375 lung wurde jedem ängstlich der Name abgefragt, dann jwollen wir heute intim feiern, kommt herein, er wird
2551 3324 3302 3380 geistvoller Grazie aufgegeben würde.
484 3347 1545 3405 in einer langen, langweiligen Liste erst nachgesehen, ob
1527 3360 2560 3425 sich furchtbar freuen, wenn er die vielen Intimen
2556 3362 3317 3432 die Stücke, war auch die Darstellung.
478 3385 1539 3461 der Mann oder die Frau, die nicht Neugierde, sondern
1523 3405 2553 3474 sehen wird, die ihn ehren und grüßen wollen!“ Aber
2552 3401 3334 3489 Bassermann der einzige, der bedingung
488 3446 1528 3500 warme Verehrung und Teilnahme leitete— ordnungs¬
1528 3447 2561 3522 wie gesagt, das Einfachste ist immer das Schwerste und
2558 3462 3333 3532 ist, die übrigen konnten in den rasch
484 3498 1539 3561 gemäß und orthgraphisch angemeldet und vorgemerkt
1529 3507 2131 3571 daher nicht jedermanns Sache.
2560 3510 3325 3579 schwirrenden Szenen sichtlich nicht recht
488 3543 1535 3620 sei, und wenn das nicht der Fall war, so mußten sie
1583 3536 2559 3607 Dr. Brahm vom deutschen Theater in Berlin hat
2551 3564 3337 3638 aber wo die einzelnen etwas hinter der
487 3592 1531 3659 ohne weiteres „raus!“ „Wir brauchen keine Freunde,
1516 3587 2556 3665 für das Einfache viel mehr Sinn. Er bringt uns als
2558 3607 3329 3672 rückblieben, entschädigte, wie immer
482 3621 1537 3712 keine Verehrer; für die offiziellen Persönlichkeiten ist
1518 3659 2555 3726 Novitäten, was in Berlin schon abgespielt und abge¬
2555 3659 3327 3742 und feste Band des Ensembles und der
488 3696 2548 3768 das Parquet da, das ist bereits voll und — damit haspelt ist. Es ist so furchtbar einfach, das Wiener
2551 3704 2714 3774 Regie.
480 3742 2557 3819 basta!“ So sehen wir Freunde und Gönner, Künstler Element richtig zu erkennen und zu benutzen. Schnitz¬
2605 3728 3334 3822 Eine merkwürdige Wirkung machte
481 3778 3329 3884 von der Thüre weisen, statt daß man der Dankbar=lers „Lebendige Stunden“ waren für Wien tot, weil vität, die uns das deutsche Theater brac
