3392 4224
2017 259 2522 368 box 21/3
237 271 1911 390 16.1. Lebendige Stunden zvkius
339 1240 3312 1347 ihre zweckvolle Grausamkeit opfert wie immer in solchen großen, gewaltigen, herrlichen Sünde. Nur einen Augen= Einheit. In den Versen des
339 1307 3323 1386 Kämpfen den Einzelnen. Es gibt manche, in denen ist das blick, in dem sie fern ist von allen selbstsüchtigen Hinterlisten mentare Wucht und Leidenschaft
324 1358 3323 1431 Bewußtsein ihrer „Sendung“ groß und mächtig. Die opfern des Künstlers, von seinen beobachtenden Augen und abmessen= berauschendem Vollmenschentum.
331 1400 2693 1476 klaglos ihre lebendigen Stunden und verlangen das gleiche den Händen. Und diesem Verhängnis vermag sie nicht zu ent¬
2673 1426 3329 1499 mit einem sprühenden Feuer vor
332 1455 2683 1536 von allen anderen. Das sind die Menschen von der Art des rinnen. Der Mann, von dem sie ihre lebendige Stunde em¬
2681 1471 3329 1546 Maske, auf der schwanken Gr
320 1501 1531 1572 Heinrich und des Meisters Remigio. Andere aber haben den
1509 1521 2686 1584 pfängt, ist ihr gleichgültig. Es wer Lionardo. Es ist Leon¬
2677 1526 3315 1593 Weibchen hin und her pendelnd,
340 1563 1528 1630 Instinkt des Einzelnen in sich. Die wollen sich ihr Leben nicht
1518 1567 2692 1634 hard. Es könnte aber eben so gut auch ein anderer gewesen
2677 1548 3332 1641 tänig, großartig, sich und ihre
339 1603 1531 1671 schmälern lassen und hassen den Künstler ... Hausdorfer
1518 1620 2700 1687 sein oder sein. Darum ist er ihr nichts mehr, nachdem sie ihr
2686 1606 3330 1688 sierend, buntschillernd wie eine ##
329 1648 1522 1710 und Leonhard. Andere werden haltlos von beiden Kräften
1517 1670 2687 1747 Begehren gesättigt hat. Sie vermag ihn in Ekel und Ent¬
2677 1661 3340 1735 Wort, ein Weib von Schnitzle##
341 1698 1511 1757 hin= und hergeschleudert. Bald wollen sie leben, bald wollen
1515 1706 1915 1786 rüftung zu töten.
2682 1711 3330 1781 Rundung der Rolle mag ihr an
340 1732 1529 1811 sie schaffen. Das sind die komischen Menschen der „Literatur“
2680 1758 3325 1828 Journalist Rademacher zur Sei
1593 1744 2689 1818 Hier hat Schnitzler eine psychologische Feinarbeit von
332 1797 1524 1871 (Margarete). Bis endlich der Tod sie erkennen läßt, wie nich¬
1525 1802 2695 1868 seltener Art geliefert. Es liegt eine Inkongruenz darin, daß
2685 1808 3322 1869 die Figur dieses Sterbenden zu
340 1839 1518 1912 tig der ganze Streit ist. (Rademacher.) Schnitzler hat uns
2687 1865 3324 1933 Es war ein erschütterndes Verze
1514 1857 2699 1938 das nach den natürlichen Gesetzen nur einen Augenblick
331 1886 1519 1949 durch das zweite Stück: „Die Frau mit dem Dolche“ einschär¬
1515 1911 2685 1967 dauernde visionäre Erlebnis zu einer breiten Szene wird.
2680 1911 3328 1980 aus Ekel, ein Verzicht auf die
340 1938 1517 2006 fen wollen: Dieser Kampf ist ein entscheidendes Merkmal aller
1513 1957 2698 2037 Aber das wird fast nicht empfunden, so meisterhaft ist ihre
2681 1960 3318 2024 sondern aus Verachtung. Nur
339 1985 1524 2059 starken Zeiten. Damit hat er die Idee von der „Wiederkehr
1520 2004 2180 2069 Vorbereitung und ihr Ausklang.
2688 2000 3325 2070 und Erleben vermag ein solche
333 2023 1532 2109 des Gleichen“ verknüpft. In Pauline ruht von den Eindrücken
1595 2041 2688 2119 Die Sprache dieser Einakter ist die lebhafte, leichte und
2684 2055 3317 2122 In dem Einakter „Die letzten
332 2079 1525 2152 der Gegenwart verdeckt, unter der Schwelle des Bewußtseins
1512 2074 2683 2164 natürliche des früheren Schnitzler. Doch spricht eine Vertie¬
2688 2079 3329 2160 glücklichen Vollendung geführt.
333 2120 1529 2210 die Erinnerung an ein früheres Leben. Es war die Zeit, da
2693 2140 3330 2210 Schauspieler Jackweith die ergr##
1524 2149 2694 2219 fung und Ernsthaftigkeit in der Erfassung der Probleme aus
347 2183 1521 2247 man sich schöner trug als heute, eine Zeit, in der sie Paola
1518 2203 2688 2259 ihnen, die weit über ihre Vorgänger — ein Witzbold hat ein¬
2694 2183 3316 2252 lächelnden Totentanzes, die Di
342 2234 1527 2298 hieß und der Schüler ihres Gatten, Lionardo. Diese innerste
1529 2249 2688 2308 mal etwas von „anatolischen Bahnen“ gesprochen — hin¬
2680 2249 3332 2316 schlusses. Als Wärterin Paschl
337 2280 1530 2348 Verwandtschaft mit der italienischen Renaissance deutet sich
2690 2277 3335 2367 ner, als Dr. Halmschläger Her
1522 2289 2696 2353 ausreicht und hinaufreicht. Wir teilen Schnitzlers Anf.
338 2319 1534 2398 an ihrer Abneigung vor den Deutschen und Niederländern
1526 2336 2696 2400 nicht, denn wir glauben an die Einheit von Kunst und
2682 2331 3327 2403 sehr braven Remigio in der „Fl
342 2376 1531 2443 und ihrem Heimatsgefühl bei den Italienern. Rein äußerlich
2741 2391 3327 2454 , als Dr. Tann, Herr Rech
1523 2393 2704 2459 Leben und wir wissen um sie. Aber diese traurige und
343 2416 1528 2498 ist die Verbindung durch die Bemerkung hergestellt, daß ihre
1526 2441 2689 2503 ernste Verneinung ist uns ein Kennzeichen ehrlicher Künstler¬
2694 2435 3328 2507 „Lebendigen Stunden“ durch ver
342 2471 1531 2546 Mutter aus Florenz stammt. Sie ist eine jener seltenen Per¬
2696 2490 3322 2559 vorragend — und Herr Ott als
1525 2485 2702 2545 arbeit. Als fast einwandfrei sei die Aufführung des dritten
346 2523 1527 2582 sönlichkeiten, in denen ein rückschauendes zweites Gesicht wie
1522 2537 2700 2597 und vierten Einakters hervorgehoben. „Die Frau mit dem
2684 2534 3325 2599 erwähnt zu werden. Als Weih
339 2564 1531 2635 eine latente Kraft verborgen ist, die nur eines kleinen An¬
1516 2583 2701 2653 Dolche“ litt ein wenig unter den ungeheueren szenischen
2690 2579 3320 2641 bin durch feinste Durchführung
351 2617 1529 2690 stoßes zur Außerung bedarf Der Anstoß ist das Bild jener
1516 2622 2701 2698 Schwierigkeiten. Die Leistungen des Herrn Haller als
2685 2628 3326 2688 cierung seiner schwierigen Rolls
354 2669 2698 2748 Paola, die sie selbst in der Vergangenheit war. In einer blitz= Regisseur waren außerordentlich brav. Aber diese Verwand¬
2693 2667 3304 2746 Effekte äußerst angenehm aus.
348 2704 1533 2776 schnellen Vision zieht die entscheidende Szene jenes früheren
2685 2722 3322 2796 bert in der vorzüglichen Mas
1521 2729 2695 2800 lung wird mit der erforderten Schnelligkeit nur auf einer
345 2757 1523 2833 Lebens vor ihrem Bewußtsein vorüber. Das Weib des
2686 2771 3323 2832 köstlichen Blasiertheit und der
1533 2773 2699 2829 Drehbühne vor sich gehen können. Auch Herr Direktor Lech¬
338 2809 1526 2868 Künstlers Remigio liebt, bewundert und vergöttert ihren Gat¬
1528 2824 2694 2885 ner hat für den ersten und den vierten Einakter eine prächtige
2690 2825 3323 2883 Künstlers. Herr Werner=E
337 2857 1544 2924 ten. Aber in all diesen Entzückungen ist eine leise Bitterkeit,
1520 2868 2691 2940 Stimmung geschaffen. In dieser letzten Erstaufführung der
2685 2876 3322 2931 frostigen Anfang in der „Frau#
339 2893 1528 2978 ein grausam=süßes Mißtrauen daß sie ihm vielleicht nichts
1530 2921 2692 2986 heurigen Spielzeit haben wir fast durchwegs vollwertige Lei¬
2694 2925 3335 2996 auszugehen und gegen Ende der
347 2959 1543 3029 ist, als Gelegenheit und Modell zu seinem Schaffen. Und als
1530 2966 2697 3033 stungen zu verzeichnen. Im Vordergrunde des Interesses stand
2701 2952 3335 3037 werden vermocht. In „Literat#
354 3003 1529 3077 ihr Leonhard das so brutal ins Gesicht sagt, da entgegnet sie
2686 3009 3324 3072 lich den Ton des Aristokratenm
1523 3007 2697 3065 die Frau mit dem Dolche und die Margarethe der Frau För¬
354 3054 2691 3126 mit schmerzlich=stolzer Resignation: „Vielleicht hat mein gan=ster. Es gelang ihr, die seltsamen und unerhörten Vorgänge
2690 3068 3320 3132 den und dem ungepflegten Geh
345 3097 3314 3166 zes Leben gar keinen anderen Sinn gehabt.“ Aber es ist ein in der Seele der Paola — nennen wir sie so, weil sie ihre knöpfte Natur fand er in sich
350 3149 3331 3227 unterirdisches Sehnen nach einer „lebendigen Stunde“ in Pauline mit richtiger Erfassung aus ihrem Vorleben herausführung fand eine Aateilnahme
355 3201 3321 3292 ihr. Nach einem Mann, der sie mit wilder Kraft umarmi, darstellte — widerzuspiegeln. Ihr Gegenwartsleben und die steigerte und in dem stürmisch
348 3238 3277 3354 weil sie ein schönes Weib, nichts als Weib ist. Nach einer visionäre Hellsichtigkeit ihrer Pfyche verschmolzen zu einer den Höhepunkt erreicht##
