<?xml version="1.0" encoding="UTF-8" standalone="yes"?>
<PcGts xmlns="http://schema.primaresearch.org/PAGE/gts/pagecontent/2013-07-15" xmlns:xsi="http://www.w3.org/2001/XMLSchema-instance" xsi:schemaLocation="http://schema.primaresearch.org/PAGE/gts/pagecontent/2013-07-15 http://schema.primaresearch.org/PAGE/gts/pagecontent/2013-07-15/pagecontent.xsd">
    <Metadata>
        <Creator>prov=University of Rostock/Institute of Mathematics/CITlab/Gundram Leifert/gundram.leifert@uni-rostock.de:name=ONB_Newseye_GT_M1+(htr_id=10810)::::v=2.4.2
prov=University of Rostock/Institute of Mathematics/CITlab/Tobias Gruening/tobias.gruening@uni-rostock.de:name=de.uros.citlab.module.baseline2polygon.B2PSeamMultiOriented:v=2.4.2
prov=University of Rostock/Institute of Mathematics/CITlab/Tobias Gruening/tobias.gruening@uni-rostock.de:name=/mnt/transkribus/LA/DEA/URO/LA_news_onb_att.pb:de.uros.citlab.segmentation.CITlab_LA_ML:v=2.4.2
Transkribus</Creator>
        <Created>2019-10-07T11:35:55.965+02:00</Created>
        <LastChange>2019-10-08T18:50:47.405+02:00</LastChange>
        <TranskribusMetadata docId="223975" pageId="9502220" pageNr="501" tsid="16606794" status="IN_PROGRESS" userId="40391" imgUrl="https://files.transkribus.eu/Get?id=IEWSLKPFTJPZGUARXZZTHYTF&amp;fileType=view" xmlUrl="https://files.transkribus.eu/Get?id=JCNSIVAETBNYVYVBLCNNUCXQ" imageId="6192438"/>
    </Metadata>
    <Page imageFilename="223975_0501.jpeg" imageWidth="3392" imageHeight="4224">
        <ReadingOrder>
            <OrderedGroup id="ro_1711449938300" caption="Regions reading order">
                <RegionRefIndexed index="0" regionRef="r1"/>
                <RegionRefIndexed index="1" regionRef="r2"/>
            </OrderedGroup>
        </ReadingOrder>
        <TextRegion orientation="0.0" id="r1" custom="readingOrder {index:0;}">
            <Coords points="1231,167 1231,4173 2690,4173 2690,167"/>
            <TextLine id="r1l1" custom="readingOrder {index:0;}">
                <Coords points="1223,239 1937,197 1934,141 1855,154 1804,127 1760,153 1671,151 1629,184 1221,190"/>
                <Baseline points="1231,224 1265,221 1300,218 1335,215 1370,213 1405,210 1439,209 1474,207 1509,206 1544,204 1579,203 1613,202 1648,201 1683,200 1718,198 1753,197 1787,196 1822,194 1857,192 1892,190 1927,187"/>
                <TextEquiv>
                    <Unicode>die enseren und Aenench</Unicode>
                </TextEquiv>
            </TextLine>
            <TextLine id="r1l2" custom="readingOrder {index:1;}">
                <Coords points="1235,280 2373,222 2413,178 1234,246"/>
                <Baseline points="1243,262 1301,259 1359,256 1417,254 1475,251 1533,249 1591,247 1649,245 1707,243 1765,241 1824,239 1882,236 1940,234 1998,231 2056,229 2114,226 2172,223 2230,219 2288,215 2346,211 2405,207"/>
                <TextEquiv>
                    <Unicode>A aber er liebt die auf der Spitze siebenden Stoffe und di</Unicode>
                </TextEquiv>
            </TextLine>
            <TextLine id="r1l3" custom="readingOrder {index:2;}">
                <Coords points="1283,307 2425,250 2423,216 2338,211 1282,268"/>
                <Baseline points="1293,299 1349,297 1405,295 1461,293 1517,291 1573,289 1629,287 1685,285 1741,283 1797,281 1854,279 1910,277 1966,274 2022,272 2078,269 2134,266 2190,263 2246,260 2302,256 2358,251 2415,247"/>
                <TextEquiv>
                    <Unicode>wohlfeile Modernität der Ebebruchsdramatik. Dergleichen</Unicode>
                </TextEquiv>
            </TextLine>
            <TextLine id="r1l4" custom="readingOrder {index:3;}">
                <Coords points="1288,361 2663,281 2680,204 2331,271 1285,307"/>
                <Baseline points="1296,342 1364,338 1433,335 1502,332 1571,329 1640,327 1709,324 1777,322 1846,320 1915,317 1984,313 2053,310 2122,306 2191,302 2259,297 2328,292 2397,286 2466,279 2535,272 2604,264 2673,254"/>
                <TextEquiv>
                    <Unicode>muß, wenn es auch nicht das Haupttbema bildet doch immer#nth#ltend de</Unicode>
                </TextEquiv>
            </TextLine>
            <TextLine id="r1l5" custom="readingOrder {index:4;}">
                <Coords points="2392,366 2680,347 2678,313 2653,303 2567,323 2545,312 2390,330"/>
                <Baseline points="2401,357 2428,356 2455,355 2482,353 2509,351 2536,349 2563,347 2590,346 2617,344 2644,344 2672,342"/>
                <TextEquiv>
                    <Unicode>„mer Zeitung“)</Unicode>
                </TextEquiv>
            </TextLine>
            <TextLine id="r1l6" custom="readingOrder {index:5;}">
                <Coords points="1246,391 2334,353 2686,273 1243,344"/>
                <Baseline points="1254,386 1325,382 1396,378 1467,375 1538,373 1609,370 1680,367 1752,365 1823,363 1894,360 1965,357 2036,354 2107,350 2178,346 2250,341 2321,335 2392,329 2463,322 2534,313 2605,304 2677,293"/>
                <TextEquiv>
                    <Unicode>li mit in seine Einakter hineinspielen; nur der letzte ist frei —! Morgen¬</Unicode>
                </TextEquiv>
            </TextLine>
            <TextLine id="r1l7" custom="readingOrder {index:6;}">
                <Coords points="1238,441 2700,397 2658,348 2356,342 1236,390"/>
                <Baseline points="1247,425 1319,423 1391,422 1463,419 1535,416 1607,414 1679,411 1752,408 1824,405 1896,402 1968,399 2040,396 2112,393 2184,390 2257,388 2329,386 2401,384 2473,383 2545,381 2617,381 2690,381"/>
                <TextEquiv>
                    <Unicode>b der bewegt sich aber dafür in demimonderischen Kreisen der irthschaltliche</Unicode>
                </TextEquiv>
            </TextLine>
            <TextLine id="r1l8" custom="readingOrder {index:7;}">
                <Coords points="2405,440 2435,449 2443,441 2460,452 2486,433 2502,433 2594,447 2631,429 2685,429 2682,393 2653,386 2643,394 2606,383 2531,401 2496,392 2452,410 2439,398 2403,406"/>
                <Baseline points="2414,430 2440,429 2466,429 2492,427 2518,425 2544,423 2570,421 2596,419 2622,418 2648,416 2675,415"/>
                <TextEquiv>
                    <Unicode>d. Diese Mit¬</Unicode>
                </TextEquiv>
            </TextLine>
            <TextLine id="r1l9" custom="readingOrder {index:8;}">
                <Coords points="1252,457 1343,485 1404,466 1460,483 1528,452 1550,471 1707,457 1718,420 1690,436 1606,409 1585,426 1519,414 1489,433 1458,421 1251,432"/>
                <Baseline points="1260,464 1285,464 1310,464 1335,463 1360,463 1385,462 1410,461 1435,460 1460,460 1485,459 1510,458 1535,456 1560,456 1585,454 1610,454 1635,453 1660,453 1685,452 1711,452"/>
                <TextEquiv>
                    <Unicode>Wliterarischen Bobôme.</Unicode>
                </TextEquiv>
            </TextLine>
            <TextLine id="r1l10" custom="readingOrder {index:9;}">
                <Coords points="1353,501 1547,518 2431,457 2397,420 2234,409 2089,448 2034,418 1731,468 1352,472"/>
                <Baseline points="1361,503 1414,502 1467,501 1520,499 1573,497 1626,495 1679,494 1732,492 1785,489 1838,488 1892,485 1945,483 1998,480 2051,478 2104,475 2157,473 2210,470 2263,468 2316,464 2369,462 2423,458"/>
                <TextEquiv>
                    <Unicode>Der erste Einakter „Lebendige Stunden“ hat zum</Unicode>
                </TextEquiv>
            </TextLine>
            <TextLine id="r1l11" custom="readingOrder {index:10;}">
                <Coords points="1257,545 2417,520 2436,447 2185,489 1255,515"/>
                <Baseline points="1266,543 1324,544 1382,544 1440,543 1498,542 1557,541 1615,539 1673,537 1731,534 1789,531 1848,528 1906,525 1964,522 2022,519 2080,516 2139,513 2197,510 2255,508 2313,505 2371,504 2430,502"/>
                <TextEquiv>
                    <Unicode>U Inhalt eine sehr befremdliche Mutterliebe. Die kranke</Unicode>
                </TextEquiv>
            </TextLine>
            <TextLine id="r1l12" custom="readingOrder {index:11;}">
                <Coords points="1286,598 2446,551 2444,511 2395,504 1284,551"/>
                <Baseline points="1295,590 1352,589 1409,588 1466,586 1523,585 1580,582 1637,581 1694,578 1751,576 1808,573 1866,570 1923,567 1980,565 2037,561 2094,559 2151,555 2208,552 2265,550 2322,547 2379,544 2437,541"/>
                <TextEquiv>
                    <Unicode>Mutter, obschon durch einen treuen Hausfreund getröstet,</Unicode>
                </TextEquiv>
            </TextLine>
            <TextLine id="r1l13" custom="readingOrder {index:12;}">
                <Coords points="1296,631 2440,579 2288,548 1295,599"/>
                <Baseline points="1306,635 1362,632 1418,629 1474,627 1530,624 1587,621 1643,619 1699,616 1755,614 1811,611 1868,609 1924,607 1980,604 2036,601 2092,598 2149,596 2205,593 2261,590 2317,586 2373,584 2430,580"/>
                <TextEquiv>
                    <Unicode>nimmt sich das Leben, weil ihr Sohn durch die fortwäbrende</Unicode>
                </TextEquiv>
            </TextLine>
            <TextLine id="r1l14" custom="readingOrder {index:13;}">
                <Coords points="1288,678 2462,645 2459,574 1287,654"/>
                <Baseline points="1296,669 1353,667 1411,666 1469,664 1527,662 1585,660 1643,658 1700,655 1758,653 1816,651 1874,648 1932,645 1990,643 2048,640 2105,638 2163,635 2221,632 2279,629 2337,627 2395,625 2453,622"/>
                <TextEquiv>
                    <Unicode>Sorge um sie in seinem: künstlerischen Schaffen gehemmt “</Unicode>
                </TextEquiv>
            </TextLine>
            <TextLine id="r1l15" custom="readingOrder {index:14;}">
                <Coords points="1283,730 2446,664 2444,628 2368,629 1281,685"/>
                <Baseline points="1292,711 1349,709 1406,706 1463,704 1521,702 1578,700 1635,697 1692,695 1750,693 1807,691 1864,689 1921,687 1979,685 2036,682 2093,680 2150,678 2208,675 2265,672 2322,669 2379,666 2437,663"/>
                <TextEquiv>
                    <Unicode>wird. Ob in dieser Darstellung Lebenswahrheil liegt, ob der</Unicode>
                </TextEquiv>
            </TextLine>
            <TextLine id="r1l16" custom="readingOrder {index:15;}">
                <Coords points="1298,753 2321,729 2452,709 2451,673 1297,721"/>
                <Baseline points="1307,756 1363,752 1420,749 1477,745 1534,743 1591,740 1647,737 1704,735 1761,733 1818,731 1875,729 1931,727 1988,725 2045,723 2102,720 2159,718 2215,716 2272,713 2329,711 2386,707 2443,704"/>
                <TextEquiv>
                    <Unicode>vielgerühmte Wirklichkeitssinn der Modernen sie eingegeben,</Unicode>
                </TextEquiv>
            </TextLine>
            <TextLine id="r1l17" custom="readingOrder {index:16;}">
                <Coords points="1312,798 2400,762 2450,752 2449,713 1311,764"/>
                <Baseline points="1322,796 1378,793 1434,790 1490,786 1546,784 1602,782 1658,779 1714,777 1770,774 1826,772 1882,770 1938,768 1994,766 2050,764 2106,761 2162,759 2218,757 2274,755 2330,752 2386,750 2442,746"/>
                <TextEquiv>
                    <Unicode>das lassen wir dahingestellt; wir meinen, daß eine solche</Unicode>
                </TextEquiv>
            </TextLine>
            <TextLine id="r1l18" custom="readingOrder {index:17;}">
                <Coords points="1318,837 2350,810 2457,786 2456,751 1316,797"/>
                <Baseline points="1326,836 1382,833 1438,831 1494,829 1550,827 1606,824 1662,822 1719,819 1775,817 1831,815 1887,813 1943,810 1999,808 2055,805 2112,803 2168,801 2224,798 2280,796 2336,793 2392,791 2449,789"/>
                <TextEquiv>
                    <Unicode>Mama sich glücklicherweise schwerlich wo anders als auf der</Unicode>
                </TextEquiv>
            </TextLine>
            <TextLine id="r1l19" custom="readingOrder {index:18;}">
                <Coords points="1316,884 1701,878 1765,843 1814,870 2455,845 2440,788 1315,846"/>
                <Baseline points="1326,878 1384,876 1443,874 1502,871 1561,869 1620,866 1679,864 1738,862 1797,859 1856,857 1914,854 1973,852 2032,849 2091,847 2150,844 2209,841 2268,839 2327,836 2386,834 2445,831"/>
                <TextEquiv>
                    <Unicode>Bühne finden dürfte. Herr Max Brückner spielte den</Unicode>
                </TextEquiv>
            </TextLine>
            <TextLine id="r1l20" custom="readingOrder {index:19;}">
                <Coords points="1323,926 2465,871 2463,838 2338,834 1321,879"/>
                <Baseline points="1332,922 1388,919 1444,916 1500,913 1556,910 1613,908 1669,906 1725,903 1781,901 1837,899 1894,897 1950,895 2006,893 2062,890 2118,888 2175,886 2231,883 2287,881 2343,878 2399,875 2456,872"/>
                <TextEquiv>
                    <Unicode>Heinrich mit warmem Ton, Herr Bornstedt den Haus¬</Unicode>
                </TextEquiv>
            </TextLine>
            <TextLine id="r1l21" custom="readingOrder {index:20;}">
                <Coords points="1314,958 2467,924 2465,886 2416,876 2037,915 1312,913"/>
                <Baseline points="1323,963 1379,961 1436,959 1493,956 1550,955 1606,952 1663,950 1720,947 1777,944 1833,942 1890,939 1947,937 2004,934 2060,932 2117,929 2174,927 2231,925 2287,923 2344,921 2401,919 2458,918"/>
                <TextEquiv>
                    <Unicode>dorser mit wehmütiger Resignation. Dieser Einakter ist</Unicode>
                </TextEquiv>
            </TextLine>
            <TextLine id="r1l22" custom="readingOrder {index:21;}">
                <Coords points="1320,1016 1376,1025 1426,999 1511,1009 1579,995 1599,1007 1629,989 1657,1003 1744,996 1792,983 1791,965 1709,948 1641,962 1552,953 1520,969 1361,964 1318,982"/>
                <Baseline points="1328,1003 1353,1001 1378,1001 1403,999 1428,998 1454,997 1479,996 1504,995 1529,994 1555,993 1580,992 1605,991 1630,990 1655,989 1681,989 1706,987 1731,986 1756,985 1782,984"/>
                <TextEquiv>
                    <Unicode>eine dramatische Pleite.</Unicode>
                </TextEquiv>
            </TextLine>
            <TextLine id="r1l23" custom="readingOrder {index:22;}">
                <Coords points="1371,1045 2357,1017 2464,1005 2462,943 1370,1021"/>
                <Baseline points="1381,1041 1434,1040 1488,1038 1542,1037 1595,1035 1649,1034 1703,1032 1756,1030 1810,1028 1864,1026 1918,1024 1971,1022 2025,1019 2079,1017 2132,1014 2186,1012 2240,1009 2293,1006 2347,1002 2401,999 2455,996"/>
                <TextEquiv>
                    <Unicode>Dafür erheben wir uns im zweiten Stück. „Die Frau</Unicode>
                </TextEquiv>
            </TextLine>
            <TextLine id="r1l24" custom="readingOrder {index:23;}">
                <Coords points="1324,1094 2457,1042 2428,1003 1323,1060"/>
                <Baseline points="1333,1088 1388,1085 1444,1083 1500,1081 1555,1079 1611,1077 1667,1075 1722,1073 1778,1071 1834,1069 1890,1067 1945,1064 2001,1062 2057,1060 2112,1057 2168,1055 2224,1053 2279,1050 2335,1048 2391,1045 2447,1042"/>
                <TextEquiv>
                    <Unicode>mit dem Dolche“, auf den Kothurn, immer auch nur auf</Unicode>
                </TextEquiv>
            </TextLine>
            <TextLine id="r1l25" custom="readingOrder {index:24;}">
                <Coords points="1333,1135 2273,1109 2425,1094 2471,1037 1332,1106"/>
                <Baseline points="1342,1129 1398,1127 1454,1125 1510,1124 1566,1122 1622,1120 1678,1118 1734,1117 1790,1114 1846,1112 1902,1110 1958,1108 2014,1105 2070,1102 2126,1100 2182,1097 2238,1095 2294,1091 2350,1088 2406,1085 2463,1082"/>
                <TextEquiv>
                    <Unicode>einen phankasmagorischen. Ein junger Liebhaber muß von</Unicode>
                </TextEquiv>
            </TextLine>
            <TextLine id="r1l26" custom="readingOrder {index:25;}">
                <Coords points="1333,1179 2460,1131 2458,1090 2391,1087 1331,1134"/>
                <Baseline points="1341,1171 1396,1168 1452,1166 1507,1164 1563,1162 1618,1161 1674,1160 1729,1158 1785,1156 1840,1155 1896,1153 1951,1151 2007,1149 2062,1147 2118,1144 2173,1142 2229,1138 2284,1135 2340,1131 2395,1126 2451,1121"/>
                <TextEquiv>
                    <Unicode>seiner Geliebten, natürlich einer verheirateten Frau, Abschied</Unicode>
                </TextEquiv>
            </TextLine>
            <TextLine id="r1l27" custom="readingOrder {index:26;}">
                <Coords points="1333,1224 1866,1226 1986,1190 2473,1173 2433,1128 1332,1180"/>
                <Baseline points="1342,1213 1398,1212 1454,1211 1510,1210 1566,1208 1622,1206 1678,1204 1734,1202 1790,1199 1846,1196 1903,1193 1959,1191 2015,1188 2071,1185 2127,1183 2183,1180 2239,1177 2295,1175 2351,1173 2407,1171 2464,1170"/>
                <TextEquiv>
                    <Unicode>nehmen, da sie am nächsten Tage abreist; er bittet sie, ihm</Unicode>
                </TextEquiv>
            </TextLine>
            <TextLine id="r1l28" custom="readingOrder {index:27;}">
                <Coords points="1318,1287 2431,1273 2454,1205 2390,1234 2037,1206 1317,1242"/>
                <Baseline points="1326,1274 1384,1275 1443,1275 1502,1276 1561,1276 1620,1277 1679,1277 1738,1277 1797,1277 1856,1276 1914,1276 1973,1275 2032,1275 2091,1274 2150,1273 2209,1271 2268,1271 2327,1269 2386,1268 2445,1266"/>
                <TextEquiv>
                    <Unicode>die letzte Nacht zu schenken. Die Unchrredung findet in einer</Unicode>
                </TextEquiv>
            </TextLine>
            <TextLine id="r1l29" custom="readingOrder {index:28;}">
                <Coords points="1318,1327 2375,1325 2453,1278 1317,1287"/>
                <Baseline points="1326,1318 1381,1318 1437,1318 1493,1318 1549,1318 1605,1318 1661,1318 1716,1318 1772,1318 1828,1318 1884,1318 1940,1318 1996,1317 2052,1317 2107,1317 2163,1316 2219,1315 2275,1314 2331,1313 2387,1312 2443,1310"/>
                <TextEquiv>
                    <Unicode>Gemäldegalerie statt — da ist die „Frau mit dem Dolche“</Unicode>
                </TextEquiv>
            </TextLine>
            <TextLine id="r1l30" custom="readingOrder {index:29;}">
                <Coords points="1321,1374 2460,1363 2460,1305 1321,1327"/>
                <Baseline points="1330,1361 1386,1360 1442,1360 1498,1359 1554,1359 1610,1359 1666,1359 1722,1359 1778,1359 1834,1359 1890,1359 1946,1359 2002,1359 2058,1359 2114,1359 2170,1359 2226,1358 2282,1357 2338,1356 2394,1355 2450,1353"/>
                <TextEquiv>
                    <Unicode>das Hauptbild, welches der ungetreuen Gattin äbnlich sieht.</Unicode>
                </TextEquiv>
            </TextLine>
            <TextLine id="r1l31" custom="readingOrder {index:30;}">
                <Coords points="1314,1403 2457,1399 2456,1361 2382,1354 1314,1380"/>
                <Baseline points="1323,1403 1379,1403 1435,1402 1491,1402 1548,1402 1604,1402 1660,1402 1716,1402 1773,1402 1829,1402 1885,1402 1941,1402 1998,1401 2054,1401 2110,1401 2166,1400 2223,1399 2279,1399 2335,1398 2391,1396 2448,1395"/>
                <TextEquiv>
                    <Unicode>Plötzlich verdunkelt sich die Bühne; es handelt sich um eine</Unicode>
                </TextEquiv>
            </TextLine>
            <TextLine id="r1l32" custom="readingOrder {index:31;}">
                <Coords points="1323,1445 2277,1460 2458,1417 1322,1407"/>
                <Baseline points="1332,1446 1387,1445 1443,1445 1499,1444 1555,1444 1611,1444 1666,1443 1722,1443 1778,1443 1834,1443 1890,1443 1945,1442 2001,1442 2057,1442 2113,1442 2169,1441 2224,1441 2280,1440 2336,1440 2392,1438 2448,1437"/>
                <TextEquiv>
                    <Unicode>Vision; die Geschichte des Bildes, wir möchten sagen, die</Unicode>
                </TextEquiv>
            </TextLine>
            <TextLine id="r1l33" custom="readingOrder {index:32;}">
                <Coords points="1325,1495 2455,1474 2365,1436 2280,1462 1325,1445"/>
                <Baseline points="1334,1488 1389,1488 1445,1487 1500,1487 1556,1487 1612,1486 1667,1486 1723,1486 1778,1486 1834,1485 1890,1485 1945,1485 2001,1485 2056,1484 2112,1484 2168,1483 2223,1483 2279,1482 2334,1482 2390,1481 2446,1480"/>
                <TextEquiv>
                    <Unicode>Ballade, die der Maler auf die Leinwand gezaußert, gewinnt</Unicode>
                </TextEquiv>
            </TextLine>
            <TextLine id="r1l34" custom="readingOrder {index:33;}">
                <Coords points="1322,1523 2268,1536 2423,1529 2457,1487 1322,1492"/>
                <Baseline points="1331,1530 1386,1530 1442,1529 1498,1529 1554,1529 1610,1529 1666,1529 1722,1528 1778,1528 1834,1528 1890,1527 1945,1527 2001,1527 2057,1526 2113,1526 2169,1525 2225,1524 2281,1523 2337,1523 2393,1522 2449,1521"/>
                <TextEquiv>
                    <Unicode>dramakische Gestalt. Der Ebegatte überrascht das rendez-vons</Unicode>
                </TextEquiv>
            </TextLine>
            <TextLine id="r1l35" custom="readingOrder {index:34;}">
                <Coords points="1329,1570 2419,1576 2464,1558 2464,1514 1328,1525"/>
                <Baseline points="1337,1572 1392,1572 1448,1571 1504,1571 1560,1571 1616,1570 1672,1570 1728,1570 1784,1570 1840,1569 1896,1569 1951,1568 2007,1568 2063,1567 2119,1567 2175,1566 2231,1566 2287,1565 2343,1564 2399,1563 2455,1562"/>
                <TextEquiv>
                    <Unicode>seiner Frau mit dem Liebhaber; er jagt ihn einfach fort und</Unicode>
                </TextEquiv>
            </TextLine>
            <TextLine id="r1l36" custom="readingOrder {index:35;}">
                <Coords points="1327,1624 2457,1611 2445,1566 1326,1568"/>
                <Baseline points="1335,1619 1390,1617 1446,1615 1501,1614 1557,1613 1613,1612 1668,1611 1724,1611 1779,1610 1835,1610 1891,1610 1946,1609 2002,1609 2057,1609 2113,1609 2169,1608 2224,1608 2280,1607 2335,1606 2391,1605 2447,1603"/>
                <TextEquiv>
                    <Unicode>werweigert ihm Genugtuung; da drobt dieser, der</Unicode>
                </TextEquiv>
            </TextLine>
            <TextLine id="r1l37" custom="readingOrder {index:36;}">
                <Coords points="1323,1671 2440,1668 2459,1612 1322,1625"/>
                <Baseline points="1331,1662 1387,1659 1443,1657 1499,1655 1555,1653 1611,1653 1667,1651 1723,1651 1779,1650 1835,1650 1891,1650 1947,1650 2003,1649 2059,1649 2115,1649 2171,1648 2227,1648 2283,1647 2339,1646 2395,1645 2451,1643"/>
                <TextEquiv>
                    <Unicode>ganzen Welt seinen geheimen Liebeshandel mit der Frau</Unicode>
                </TextEquiv>
            </TextLine>
            <TextLine id="r1l38" custom="readingOrder {index:37;}">
                <Coords points="1333,1713 2461,1704 2461,1666 1332,1666"/>
                <Baseline points="1341,1700 1396,1699 1452,1699 1507,1698 1563,1697 1618,1697 1674,1696 1729,1696 1785,1696 1840,1695 1896,1695 1951,1695 2007,1694 2062,1694 2118,1693 2173,1692 2229,1691 2284,1690 2340,1688 2395,1687 2451,1685"/>
                <TextEquiv>
                    <Unicode>zu verkünden, und jetzt greift sie zum Dolch und tötet</Unicode>
                </TextEquiv>
            </TextLine>
            <TextLine id="r1l39" custom="readingOrder {index:38;}">
                <Coords points="1330,1737 2460,1731 2459,1701 2344,1687 1330,1713"/>
                <Baseline points="1338,1740 1393,1740 1449,1739 1504,1739 1560,1739 1616,1739 1671,1739 1727,1738 1782,1738 1838,1738 1894,1737 1949,1737 2005,1736 2060,1736 2116,1735 2172,1734 2227,1734 2283,1733 2338,1732 2394,1732 2450,1731"/>
                <TextEquiv>
                    <Unicode>ibn. Das alles spielt im Kostüm und in Versen. Als Frau</Unicode>
                </TextEquiv>
            </TextLine>
            <TextLine id="r1l40" custom="readingOrder {index:39;}">
                <Coords points="1336,1784 2463,1767 2249,1729 1336,1742"/>
                <Baseline points="1346,1784 1401,1783 1456,1783 1512,1782 1567,1782 1623,1781 1678,1781 1733,1780 1789,1780 1844,1779 1900,1779 1955,1778 2010,1778 2066,1777 2121,1776 2177,1776 2232,1775 2287,1774 2343,1773 2398,1773 2454,1772"/>
                <TextEquiv>
                    <Unicode>Pauline aus ihrer Vision erwacht und wir uns wieder unter</Unicode>
                </TextEquiv>
            </TextLine>
            <TextLine id="r1l41" custom="readingOrder {index:40;}">
                <Coords points="1329,1830 2461,1814 2449,1770 1329,1792"/>
                <Baseline points="1338,1824 1393,1825 1449,1825 1505,1825 1560,1825 1616,1824 1672,1824 1727,1823 1783,1822 1839,1820 1895,1820 1950,1818 2006,1817 2062,1816 2117,1815 2173,1814 2229,1813 2284,1813 2340,1813 2396,1813 2452,1814"/>
                <TextEquiv>
                    <Unicode>den Menschen des neunzebnten Jahrhunderts befinden, erteilt</Unicode>
                </TextEquiv>
            </TextLine>
            <TextLine id="r1l42" custom="readingOrder {index:41;}">
                <Coords points="1336,1872 2454,1857 2453,1814 1336,1827"/>
                <Baseline points="1346,1869 1400,1868 1455,1867 1510,1866 1565,1865 1620,1864 1675,1864 1730,1863 1785,1863 1840,1862 1895,1861 1949,1861 2004,1860 2059,1860 2114,1859 2169,1858 2224,1858 2279,1857 2334,1856 2389,1856 2444,1855"/>
                <TextEquiv>
                    <Unicode>sie dem Geliebten die gewünschte Zusage. Wie das mit ihrer</Unicode>
                </TextEquiv>
            </TextLine>
            <TextLine id="r1l43" custom="readingOrder {index:42;}">
                <Coords points="1335,1918 2308,1915 2436,1905 2461,1859 1334,1871"/>
                <Baseline points="1344,1910 1399,1909 1454,1909 1510,1908 1565,1908 1621,1907 1676,1907 1731,1907 1787,1906 1842,1906 1898,1906 1953,1905 2008,1905 2064,1904 2119,1903 2175,1902 2230,1901 2285,1900 2341,1898 2396,1896 2452,1894"/>
                <TextEquiv>
                    <Unicode>Vision zusammenhängt, ist nicht sogleich klar, das erfordert</Unicode>
                </TextEquiv>
            </TextLine>
            <TextLine id="r1l44" custom="readingOrder {index:43;}">
                <Coords points="1327,1946 2457,1938 2415,1898 1326,1917"/>
                <Baseline points="1336,1954 1391,1952 1447,1951 1502,1950 1558,1949 1614,1948 1669,1948 1725,1947 1780,1947 1836,1946 1892,1946 1947,1946 2003,1945 2058,1945 2114,1945 2170,1944 2225,1944 2281,1943 2336,1943 2392,1942 2448,1940"/>
                <TextEquiv>
                    <Unicode>einen gewissen psychologischen Tiessinn, den das große Publi¬</Unicode>
                </TextEquiv>
            </TextLine>
            <TextLine id="r1l45" custom="readingOrder {index:44;}">
                <Coords points="1326,1996 2462,1990 2443,1936 1326,1955"/>
                <Baseline points="1335,1993 1390,1993 1446,1993 1502,1993 1558,1992 1614,1992 1670,1991 1725,1991 1781,1990 1837,1989 1893,1989 1949,1988 2005,1987 2061,1987 2116,1986 2172,1986 2228,1985 2284,1985 2340,1984 2396,1984 2452,1984"/>
                <TextEquiv>
                    <Unicode>kum nicht immer zur Hand hat. In der Tat ist es kommen¬</Unicode>
                </TextEquiv>
            </TextLine>
            <TextLine id="r1l46" custom="readingOrder {index:45;}">
                <Coords points="1332,2042 2459,2027 2458,1992 2372,1988 1332,1995"/>
                <Baseline points="1341,2033 1396,2034 1451,2034 1507,2034 1562,2034 1618,2033 1673,2033 1728,2032 1784,2032 1839,2031 1895,2030 1950,2029 2005,2028 2061,2028 2116,2027 2172,2027 2227,2027 2282,2026 2338,2026 2393,2027 2449,2027"/>
                <TextEquiv>
                    <Unicode>tarbedürftig. Elisabeth Anders spielte die Päuline,</Unicode>
                </TextEquiv>
            </TextLine>
            <TextLine id="r1l47" custom="readingOrder {index:46;}">
                <Coords points="1333,2079 2362,2091 2478,2071 2479,2025 1333,2041"/>
                <Baseline points="1342,2074 1398,2073 1454,2073 1511,2072 1567,2072 1624,2072 1680,2072 1736,2072 1793,2072 1849,2072 1906,2072 1962,2072 2018,2072 2075,2071 2131,2071 2188,2070 2244,2070 2300,2068 2357,2067 2413,2066 2470,2064"/>
                <TextEquiv>
                    <Unicode>besonders in der skizzierten Verstragödie, mit Leidenschaftlich=</Unicode>
                </TextEquiv>
            </TextLine>
            <TextLine id="r1l48" custom="readingOrder {index:47;}">
                <Coords points="1327,2119 2459,2107 2428,2070 1327,2072"/>
                <Baseline points="1336,2120 1391,2119 1447,2118 1503,2118 1558,2117 1614,2116 1670,2116 1725,2115 1781,2114 1837,2113 1893,2113 1948,2112 2004,2111 2060,2110 2115,2110 2171,2109 2227,2109 2282,2108 2338,2108 2394,2107 2450,2107"/>
                <TextEquiv>
                    <Unicode>keit. Auch der Leonhard des Herrn Brückner war ein</Unicode>
                </TextEquiv>
            </TextLine>
            <TextLine id="r1l49" custom="readingOrder {index:48;}">
                <Coords points="1326,2166 2424,2164 2465,2155 2465,2110 1326,2119"/>
                <Baseline points="1335,2161 1391,2161 1447,2160 1503,2160 1559,2160 1615,2159 1671,2158 1727,2158 1783,2157 1839,2157 1895,2156 1951,2155 2007,2154 2063,2154 2119,2153 2175,2153 2231,2152 2287,2152 2343,2152 2399,2152 2456,2152"/>
                <TextEquiv>
                    <Unicode>feuriger Liebhaber, der Remigio des Herrn Hofmann fest</Unicode>
                </TextEquiv>
            </TextLine>
            <TextLine id="r1l50" custom="readingOrder {index:49;}">
                <Coords points="1333,2206 2362,2222 2466,2188 2466,2154 1333,2168"/>
                <Baseline points="1341,2200 1396,2201 1452,2201 1508,2201 1564,2201 1620,2201 1676,2201 1731,2200 1787,2200 1843,2199 1899,2199 1955,2198 2011,2197 2067,2197 2122,2196 2178,2195 2234,2194 2290,2193 2346,2193 2402,2192 2458,2192"/>
                <TextEquiv>
                    <Unicode>und energisch. Die Pinakothek der Südvorstadt konnte natür¬</Unicode>
                </TextEquiv>
            </TextLine>
            <TextLine id="r1l51" custom="readingOrder {index:50;}">
                <Coords points="1326,2239 2251,2251 2359,2239 2359,2200 1326,2212"/>
                <Baseline points="1336,2242 1386,2243 1437,2243 1488,2243 1538,2243 1589,2243 1640,2242 1690,2242 1741,2242 1792,2241 1843,2241 1893,2240 1944,2239 1995,2239 2045,2238 2096,2237 2147,2237 2197,2236 2248,2236 2299,2236 2350,2236"/>
                <TextEquiv>
                    <Unicode>lich keine künstlerischen Meisterwerke zur Schau stellen.</Unicode>
                </TextEquiv>
            </TextLine>
            <TextLine id="r1l52" custom="readingOrder {index:51;}">
                <Coords points="1388,2281 2368,2297 2460,2277 2460,2212 2356,2252 1388,2249"/>
                <Baseline points="1398,2281 1450,2282 1503,2283 1556,2283 1608,2284 1661,2284 1714,2284 1766,2284 1819,2283 1872,2283 1925,2282 1977,2282 2030,2282 2083,2281 2135,2280 2188,2280 2241,2279 2293,2279 2346,2278 2399,2278 2452,2278"/>
                <TextEquiv>
                    <Unicode>Lazarettluft weht uns aus dem dritten Cinakter entgegen;</Unicode>
                </TextEquiv>
            </TextLine>
            <TextLine id="r1l53" custom="readingOrder {index:52;}">
                <Coords points="1320,2335 2456,2314 2455,2278 1320,2304"/>
                <Baseline points="1329,2326 1384,2326 1440,2327 1496,2328 1552,2328 1608,2328 1664,2328 1720,2327 1776,2327 1832,2326 1888,2326 1943,2325 1999,2324 2055,2324 2111,2323 2167,2322 2223,2322 2279,2321 2335,2321 2391,2321 2447,2320"/>
                <TextEquiv>
                    <Unicode>zwei Arzte und zwei Patienten und eine Wärterin stehen in</Unicode>
                </TextEquiv>
            </TextLine>
            <TextLine id="r1l54" custom="readingOrder {index:53;}">
                <Coords points="1327,2369 2450,2382 2450,2329 2399,2322 1327,2338"/>
                <Baseline points="1336,2370 1391,2370 1446,2369 1501,2369 1557,2368 1612,2368 1667,2368 1722,2367 1778,2367 1833,2367 1888,2366 1943,2366 1999,2366 2054,2366 2109,2365 2164,2365 2220,2364 2275,2364 2330,2364 2385,2363 2441,2362"/>
                <TextEquiv>
                    <Unicode>den „Letzten Masken“ auf dem Zettel. Wieder ein</Unicode>
                </TextEquiv>
            </TextLine>
            <TextLine id="r1l55" custom="readingOrder {index:54;}">
                <Coords points="1335,2414 2456,2427 2455,2387 2383,2362 1334,2372"/>
                <Baseline points="1344,2410 1399,2410 1454,2410 1509,2410 1564,2410 1619,2410 1674,2409 1730,2409 1785,2409 1840,2409 1895,2408 1950,2408 2005,2407 2060,2407 2116,2406 2171,2406 2226,2405 2281,2404 2336,2403 2391,2402 2447,2401"/>
                <TextEquiv>
                    <Unicode>kurioser Stoff; das Milieu ist trist, die Beleuchtung eine</Unicode>
                </TextEquiv>
            </TextLine>
            <TextLine id="r1l56" custom="readingOrder {index:55;}">
                <Coords points="1336,2457 2238,2468 2460,2460 2460,2426 1335,2414"/>
                <Baseline points="1344,2452 1399,2453 1454,2454 1510,2455 1565,2455 1621,2455 1676,2455 1731,2454 1787,2453 1842,2453 1898,2452 1953,2451 2008,2450 2064,2449 2119,2448 2175,2447 2230,2447 2285,2446 2341,2445 2396,2445 2452,2445"/>
                <TextEquiv>
                    <Unicode>ironische. Ein heruntergekommener Journalist haßt einen</Unicode>
                </TextEquiv>
            </TextLine>
            <TextLine id="r1l57" custom="readingOrder {index:56;}">
                <Coords points="1334,2517 2455,2508 2467,2463 1333,2455"/>
                <Baseline points="1343,2497 1398,2497 1454,2496 1510,2496 1565,2496 1621,2496 1677,2495 1732,2495 1788,2494 1844,2494 1900,2493 1955,2493 2011,2492 2067,2491 2122,2490 2178,2490 2234,2489 2289,2488 2345,2487 2401,2486 2457,2485"/>
                <TextEquiv>
                    <Unicode>Jugendfreund, der in derselben Laufbahn zu Glanz und Ehrens</Unicode>
                </TextEquiv>
            </TextLine>
            <TextLine id="r1l58" custom="readingOrder {index:57;}">
                <Coords points="1331,2557 2458,2547 2457,2502 2376,2490 1331,2508"/>
                <Baseline points="1341,2541 1396,2541 1451,2540 1507,2540 1562,2539 1618,2538 1673,2538 1728,2537 1784,2536 1839,2536 1895,2535 1950,2535 2005,2534 2061,2534 2116,2534 2172,2533 2227,2533 2282,2533 2338,2532 2393,2532 2449,2532"/>
                <TextEquiv>
                    <Unicode>gekommen ist; er will ihn vor seinem Ende noch einmal sprechen,</Unicode>
                </TextEquiv>
            </TextLine>
            <TextLine id="r1l59" custom="readingOrder {index:58;}">
                <Coords points="1329,2583 2261,2589 2439,2580 2457,2547 1329,2558"/>
                <Baseline points="1339,2583 1394,2582 1449,2581 1505,2581 1560,2580 1616,2580 1671,2579 1727,2579 1782,2578 1838,2578 1893,2577 1948,2577 2004,2576 2059,2576 2115,2575 2170,2575 2226,2574 2281,2574 2337,2573 2392,2572 2448,2572"/>
                <TextEquiv>
                    <Unicode>um ihm seine ganze Verachtung ins Gesicht zu werfen. Ein an¬</Unicode>
                </TextEquiv>
            </TextLine>
            <TextLine id="r1l60" custom="readingOrder {index:59;}">
                <Coords points="1332,2626 2456,2629 2456,2573 1331,2587"/>
                <Baseline points="1340,2622 1395,2622 1450,2622 1506,2622 1561,2622 1616,2622 1672,2622 1727,2622 1782,2621 1838,2621 1893,2620 1948,2620 2004,2619 2059,2619 2114,2618 2170,2617 2225,2616 2280,2615 2336,2614 2391,2612 2447,2611"/>
                <TextEquiv>
                    <Unicode>derer Patient, ein Schauspieler, der auch auf dem letzten</Unicode>
                </TextEquiv>
            </TextLine>
            <TextLine id="r1l61" custom="readingOrder {index:60;}">
                <Coords points="1339,2666 2467,2662 2466,2629 2396,2615 1338,2625"/>
                <Baseline points="1348,2665 1403,2665 1459,2664 1514,2664 1570,2664 1625,2663 1681,2663 1736,2663 1792,2663 1847,2662 1903,2662 1958,2661 2014,2661 2069,2660 2125,2660 2180,2659 2236,2658 2291,2657 2347,2656 2402,2655 2458,2654"/>
                <TextEquiv>
                    <Unicode>Loche pfeift, aber das Schauspielern nicht lassen kann, will</Unicode>
                </TextEquiv>
            </TextLine>
            <TextLine id="r1l62" custom="readingOrder {index:61;}">
                <Coords points="1330,2709 2450,2711 2450,2664 1329,2680"/>
                <Baseline points="1339,2706 1394,2706 1449,2706 1504,2706 1559,2706 1614,2706 1669,2705 1724,2705 1779,2704 1834,2703 1890,2703 1945,2702 2000,2701 2055,2700 2110,2700 2165,2699 2220,2698 2275,2698 2330,2698 2385,2698 2441,2698"/>
                <TextEquiv>
                    <Unicode>noch eine Komödie aufführen; er will den glücklichen Streber</Unicode>
                </TextEquiv>
            </TextLine>
            <TextLine id="r1l63" custom="readingOrder {index:62;}">
                <Coords points="1329,2753 2443,2755 2413,2700 1328,2708"/>
                <Baseline points="1337,2751 1391,2750 1446,2749 1501,2749 1556,2748 1611,2748 1665,2747 1720,2747 1775,2747 1830,2746 1885,2746 1939,2746 1994,2745 2049,2745 2104,2744 2159,2744 2213,2743 2268,2742 2323,2741 2378,2740 2433,2738"/>
                <TextEquiv>
                    <Unicode>spielen und der unglückliche Journalist soll ihm die Straf¬</Unicode>
                </TextEquiv>
            </TextLine>
            <TextLine id="r1l64" custom="readingOrder {index:63;}">
                <Coords points="1330,2800 2306,2802 2445,2758 1329,2754"/>
                <Baseline points="1339,2789 1393,2789 1448,2789 1503,2789 1558,2789 1613,2789 1668,2789 1722,2788 1777,2788 1832,2787 1887,2787 1942,2786 1997,2786 2052,2785 2106,2785 2161,2784 2216,2784 2271,2784 2326,2783 2381,2783 2436,2783"/>
                <TextEquiv>
                    <Unicode>predigt halten, die er jenem zugedacht hat — also geschieh¬</Unicode>
                </TextEquiv>
            </TextLine>
            <TextLine id="r1l65" custom="readingOrder {index:64;}">
                <Coords points="1328,2843 2449,2822 2448,2775 1328,2807"/>
                <Baseline points="1337,2829 1392,2829 1447,2830 1502,2830 1557,2831 1612,2831 1667,2831 1723,2831 1778,2831 1833,2831 1888,2831 1943,2831 1998,2831 2053,2830 2109,2829 2164,2829 2219,2828 2274,2826 2329,2825 2384,2823 2440,2821"/>
                <TextEquiv>
                    <Unicode>es; der Kranke erschöpft sich in einer Pbilippika, die er mi</Unicode>
                </TextEquiv>
            </TextLine>
            <TextLine id="r1l66" custom="readingOrder {index:65;}">
                <Coords points="1328,2883 2436,2879 2457,2819 1327,2849"/>
                <Baseline points="1337,2870 1392,2871 1448,2872 1503,2872 1559,2872 1614,2873 1670,2873 1725,2873 1781,2873 1836,2872 1892,2872 1948,2872 2003,2871 2059,2870 2114,2869 2170,2868 2225,2868 2281,2867 2336,2866 2392,2865 2448,2864"/>
                <TextEquiv>
                    <Unicode>oft verlöschenden Stimm= und Atemmitteln ausführt. Uni</Unicode>
                </TextEquiv>
            </TextLine>
            <TextLine id="r1l67" custom="readingOrder {index:66;}">
                <Coords points="1330,2919 2416,2923 2454,2873 1329,2890"/>
                <Baseline points="1338,2916 1393,2915 1448,2915 1504,2914 1559,2914 1615,2913 1670,2913 1725,2912 1781,2911 1836,2911 1892,2910 1947,2910 2002,2910 2058,2909 2113,2909 2169,2908 2224,2908 2279,2908 2335,2908 2390,2908 2446,2908"/>
                <TextEquiv>
                    <Unicode>als nun der verhaßte Jugendfreund erscheint und sich in</Unicode>
                </TextEquiv>
            </TextLine>
            <TextLine id="r1l68" custom="readingOrder {index:67;}">
                <Coords points="1328,2966 2418,2965 2454,2913 1327,2921"/>
                <Baseline points="1337,2960 1392,2958 1447,2957 1503,2956 1558,2956 1614,2955 1669,2955 1724,2954 1780,2954 1835,2954 1891,2954 1946,2953 2001,2953 2057,2953 2112,2953 2168,2952 2223,2952 2278,2951 2334,2950 2389,2949 2445,2948"/>
                <TextEquiv>
                    <Unicode>ganzen vernünftig ausspricht und sein eignes Schicksal be¬</Unicode>
                </TextEquiv>
            </TextLine>
            <TextLine id="r1l69" custom="readingOrder {index:68;}">
                <Coords points="2203,2987 2245,3005 2290,2988 2369,3005 2391,2994 2431,3011 2458,3002 2458,2955 2391,2962 2375,2947 2355,2961 2332,2957 2298,2966 2245,2953 2204,2954"/>
                <Baseline points="2213,2990 2239,2990 2265,2990 2291,2991 2317,2991 2344,2991 2370,2992 2396,2992 2422,2992 2449,2992"/>
                <TextEquiv>
                    <Unicode>da versag</Unicode>
                </TextEquiv>
            </TextLine>
            <TextLine id="r1l70" custom="readingOrder {index:69;}">
                <Coords points="1331,3000 2055,2989 2093,3008 2130,2964 2076,2942 2047,2966 1330,2966"/>
                <Baseline points="1339,2998 1378,2999 1417,2999 1456,2999 1495,2999 1534,2999 1573,2998 1613,2997 1652,2997 1691,2996 1730,2995 1769,2994 1808,2993 1847,2992 1887,2991 1926,2991 1965,2990 2004,2990 2043,2990 2082,2990 2122,2991"/>
                <TextEquiv>
                    <Unicode>klagt, das nur anscheinend glänzend ist</Unicode>
                </TextEquiv>
            </TextLine>
            <TextLine id="r1l71" custom="readingOrder {index:70;}">
                <Coords points="1331,3044 2459,3042 2459,3002 2389,2993 1331,2999"/>
                <Baseline points="1340,3038 1395,3038 1451,3038 1506,3038 1562,3037 1617,3037 1673,3036 1728,3036 1784,3035 1839,3035 1895,3034 1950,3034 2006,3033 2061,3033 2117,3033 2172,3033 2228,3033 2283,3033 2339,3034 2394,3034 2450,3035"/>
                <TextEquiv>
                    <Unicode>dem Kranken die Sprache und bald darauf stirbt er</Unicode>
                </TextEquiv>
            </TextLine>
            <TextLine id="r1l72" custom="readingOrder {index:71;}">
                <Coords points="1330,3085 2453,3081 2453,3047 2386,3033 1330,3044"/>
                <Baseline points="1340,3081 1395,3080 1450,3079 1505,3078 1561,3078 1616,3077 1671,3077 1726,3077 1782,3077 1837,3077 1892,3077 1947,3077 2003,3077 2058,3077 2113,3077 2168,3077 2224,3077 2279,3076 2334,3075 2389,3075 2445,3074"/>
                <TextEquiv>
                    <Unicode>Ist das lebenswahr? Werden zwei Todkranke ein</Unicode>
                </TextEquiv>
            </TextLine>
            <TextLine id="r1l73" custom="readingOrder {index:72;}">
                <Coords points="2192,3111 2235,3130 2246,3123 2293,3132 2340,3109 2403,3131 2472,3136 2472,3092 2456,3094 2440,3077 2407,3086 2368,3075 2339,3086 2287,3076 2258,3087 2241,3076 2193,3079"/>
                <Baseline points="2201,3116 2227,3118 2253,3118 2279,3118 2305,3118 2332,3117 2358,3116 2384,3117 2410,3117 2436,3120 2463,3124"/>
                <TextEquiv>
                    <Unicode>Noch dazu</Unicode>
                </TextEquiv>
            </TextLine>
            <TextLine id="r1l74" custom="readingOrder {index:73;}">
                <Coords points="1327,3130 2132,3130 2157,3128 2157,3083 1327,3092"/>
                <Baseline points="1336,3122 1376,3122 1417,3121 1457,3121 1498,3121 1539,3121 1579,3121 1620,3121 1660,3120 1701,3120 1742,3120 1782,3120 1823,3120 1863,3120 1904,3120 1945,3119 1985,3119 2026,3119 2066,3118 2107,3117 2148,3116"/>
                <TextEquiv>
                    <Unicode>solche überflüssige Komödie aufführen?</Unicode>
                </TextEquiv>
            </TextLine>
            <TextLine id="r1l75" custom="readingOrder {index:74;}">
                <Coords points="1332,3167 2397,3172 2463,3132 1332,3134"/>
                <Baseline points="1341,3163 1396,3163 1452,3163 1508,3163 1563,3163 1619,3163 1675,3163 1730,3162 1786,3162 1842,3161 1898,3161 1953,3160 2009,3160 2065,3160 2120,3159 2176,3159 2232,3159 2287,3159 2343,3159 2399,3159 2455,3159"/>
                <TextEquiv>
                    <Unicode>erfahren wir, daß der Unglückliche lange Zei</Unicode>
                </TextEquiv>
            </TextLine>
            <TextLine id="r1l76" custom="readingOrder {index:75;}">
                <Coords points="1324,3211 2342,3214 2465,3174 1324,3180"/>
                <Baseline points="1333,3209 1389,3207 1445,3206 1501,3205 1557,3203 1613,3203 1669,3202 1725,3201 1781,3201 1837,3201 1894,3201 1950,3201 2006,3201 2062,3201 2118,3201 2174,3201 2230,3201 2286,3202 2342,3202 2398,3202 2455,3202"/>
                <TextEquiv>
                    <Unicode>mit der Frau des Glücklichen ein Verhältnis gehabt; das</Unicode>
                </TextEquiv>
            </TextLine>
            <TextLine id="r1l77" custom="readingOrder {index:76;}">
                <Coords points="1326,3254 2465,3239 2412,3202 1326,3220"/>
                <Baseline points="1334,3249 1390,3249 1446,3249 1502,3249 1558,3249 1614,3248 1670,3248 1726,3247 1782,3247 1838,3246 1895,3246 1951,3245 2007,3245 2063,3244 2119,3244 2175,3244 2231,3243 2287,3243 2343,3243 2399,3243 2456,3243"/>
                <TextEquiv>
                    <Unicode>raubt ihm die letzten Sympathien, und man begreift um so</Unicode>
                </TextEquiv>
            </TextLine>
            <TextLine id="r1l78" custom="readingOrder {index:77;}">
                <Coords points="1333,3292 2467,3283 2466,3237 1333,3256"/>
                <Baseline points="1342,3292 1397,3291 1453,3291 1509,3290 1565,3290 1620,3289 1676,3289 1732,3289 1788,3289 1843,3289 1899,3289 1955,3289 2011,3289 2066,3288 2122,3288 2178,3287 2234,3286 2289,3285 2345,3284 2401,3283 2457,3281"/>
                <TextEquiv>
                    <Unicode>weniger seinen Haß — dazu hätte ja eher der Andere ein</Unicode>
                </TextEquiv>
            </TextLine>
            <TextLine id="r1l79" custom="readingOrder {index:78;}">
                <Coords points="1330,3336 2458,3314 2430,3278 1329,3299"/>
                <Baseline points="1338,3332 1393,3333 1449,3333 1504,3333 1560,3333 1615,3333 1671,3332 1726,3332 1782,3332 1837,3331 1893,3330 1949,3329 2004,3329 2060,3328 2115,3328 2171,3327 2226,3326 2282,3326 2337,3325 2393,3325 2449,3324"/>
                <TextEquiv>
                    <Unicode>Recht. Den Rademacher spielte Herr Bornstedt — es war</Unicode>
                </TextEquiv>
            </TextLine>
            <TextLine id="r1l80" custom="readingOrder {index:79;}">
                <Coords points="1334,3374 2419,3380 2462,3343 1334,3349"/>
                <Baseline points="1343,3375 1398,3374 1454,3374 1509,3374 1565,3373 1620,3373 1676,3373 1731,3373 1787,3373 1842,3373 1898,3373 1954,3373 2009,3373 2065,3373 2120,3372 2176,3371 2231,3370 2287,3369 2342,3368 2398,3366 2454,3364"/>
                <TextEquiv>
                    <Unicode>eine tüchtige pathologische Leistung —, den erfolgreichen Weih¬</Unicode>
                </TextEquiv>
            </TextLine>
            <TextLine id="r1l81" custom="readingOrder {index:80;}">
                <Coords points="1328,3426 2467,3401 2452,3367 1328,3370"/>
                <Baseline points="1337,3417 1393,3416 1449,3415 1505,3415 1561,3414 1617,3414 1673,3414 1729,3414 1785,3414 1841,3414 1897,3414 1953,3414 2009,3414 2065,3414 2121,3414 2177,3414 2233,3413 2289,3412 2345,3411 2401,3410 2457,3409"/>
                <TextEquiv>
                    <Unicode>gast Herr Mehnert mit guter Haltung, den Jackwerth Herr</Unicode>
                </TextEquiv>
            </TextLine>
            <TextLine id="r1l82" custom="readingOrder {index:81;}">
                <Coords points="1333,3466 2413,3464 2465,3424 1333,3439"/>
                <Baseline points="1343,3459 1398,3458 1454,3458 1509,3457 1565,3457 1621,3457 1676,3456 1732,3456 1788,3456 1843,3456 1899,3456 1955,3456 2010,3455 2066,3455 2122,3455 2177,3454 2233,3453 2289,3453 2344,3452 2400,3450 2456,3449"/>
                <TextEquiv>
                    <Unicode>Forsch als verkommenes Künstlergenie. Die Arzte der</Unicode>
                </TextEquiv>
            </TextLine>
            <TextLine id="r1l83" custom="readingOrder {index:82;}">
                <Coords points="1326,3508 2323,3506 2465,3467 1326,3470"/>
                <Baseline points="1335,3496 1391,3496 1447,3497 1503,3497 1559,3497 1615,3497 1671,3497 1727,3497 1783,3497 1839,3497 1896,3497 1952,3496 2008,3496 2064,3495 2120,3495 2176,3494 2232,3493 2288,3492 2344,3491 2400,3490 2457,3489"/>
                <TextEquiv>
                    <Unicode>Herren Wittmann und Wildenhain waren pflichtgétreue</Unicode>
                </TextEquiv>
            </TextLine>
            <TextLine id="r1l84" custom="readingOrder {index:83;}">
                <Coords points="1332,3545 2460,3531 2447,3495 1331,3506"/>
                <Baseline points="1341,3538 1396,3539 1451,3539 1507,3540 1562,3540 1618,3540 1673,3540 1729,3540 1784,3539 1840,3539 1895,3538 1950,3537 2006,3537 2061,3536 2117,3535 2172,3535 2228,3534 2283,3533 2339,3532 2394,3532 2450,3532"/>
                <TextEquiv>
                    <Unicode>Mediziner; die Wärterin der Agnes Wenckhaus zeigte der</Unicode>
                </TextEquiv>
            </TextLine>
            <TextLine id="r1l85" custom="readingOrder {index:84;}">
                <Coords points="1340,3591 2456,3573 2437,3528 1340,3547"/>
                <Baseline points="1350,3581 1404,3582 1459,3582 1514,3583 1569,3583 1624,3583 1678,3583 1733,3583 1788,3583 1843,3583 1898,3583 1952,3582 2007,3582 2062,3581 2117,3580 2172,3579 2226,3578 2281,3577 2336,3575 2391,3574 2446,3572"/>
                <TextEquiv>
                    <Unicode>Krankheit und dem Tod gegenüber eine ergötzliche Indifferenz.</Unicode>
                </TextEquiv>
            </TextLine>
            <TextLine id="r1l86" custom="readingOrder {index:85;}">
                <Coords points="1380,3636 2408,3626 2455,3582 1379,3589"/>
                <Baseline points="1389,3621 1441,3622 1494,3623 1547,3624 1600,3624 1653,3624 1706,3623 1758,3623 1811,3622 1864,3622 1917,3621 1970,3620 2023,3619 2076,3619 2128,3618 2181,3617 2234,3617 2287,3616 2340,3616 2393,3616 2446,3617"/>
                <TextEquiv>
                    <Unicode>Der letzte Einakter „Literatur“ ist uns durch</Unicode>
                </TextEquiv>
            </TextLine>
            <TextLine id="r1l87" custom="readingOrder {index:86;}">
                <Coords points="1332,3673 2148,3683 2424,3664 2450,3612 1997,3647 1331,3635"/>
                <Baseline points="1341,3667 1396,3667 1451,3668 1506,3668 1561,3667 1616,3667 1671,3667 1726,3666 1781,3666 1836,3665 1891,3664 1946,3663 2001,3663 2056,3662 2111,3661 2166,3661 2221,3660 2276,3660 2331,3659 2386,3659 2442,3659"/>
                <TextEquiv>
                    <Unicode>eine Matinee im Carolatheater schon früher bekannt</Unicode>
                </TextEquiv>
            </TextLine>
            <TextLine id="r1l88" custom="readingOrder {index:87;}">
                <Coords points="1333,3714 2456,3718 2456,3673 2411,3660 1333,3674"/>
                <Baseline points="1342,3715 1397,3713 1452,3711 1507,3710 1563,3708 1618,3707 1673,3706 1728,3706 1784,3705 1839,3705 1894,3705 1949,3705 2005,3704 2060,3704 2115,3704 2170,3704 2226,3704 2281,3703 2336,3703 2391,3702 2447,3701"/>
                <TextEquiv>
                    <Unicode>geworden; er ist wenigstens amüsant, und wie der</Unicode>
                </TextEquiv>
            </TextLine>
            <TextLine id="r1l89" custom="readingOrder {index:88;}">
                <Coords points="1330,3760 2458,3746 2410,3699 1329,3713"/>
                <Baseline points="1338,3752 1393,3751 1449,3750 1504,3750 1560,3749 1615,3749 1671,3749 1726,3748 1782,3748 1837,3748 1893,3748 1949,3747 2004,3747 2060,3747 2115,3746 2171,3745 2226,3745 2282,3744 2337,3743 2393,3742 2449,3741"/>
                <TextEquiv>
                    <Unicode>Romanschriftsteller und die Romanschriftstellerin beide ihre</Unicode>
                </TextEquiv>
            </TextLine>
            <TextLine id="r1l90" custom="readingOrder {index:89;}">
                <Coords points="1335,3809 2450,3791 2450,3741 1334,3757"/>
                <Baseline points="1344,3794 1398,3793 1453,3793 1508,3792 1563,3792 1618,3792 1673,3792 1728,3792 1783,3792 1838,3792 1893,3791 1947,3791 2002,3791 2057,3790 2112,3790 2167,3789 2222,3788 2277,3787 2332,3786 2387,3784 2442,3782"/>
                <TextEquiv>
                    <Unicode>Liebesbriefe benutzt haben, um die Romankapitel damit</Unicode>
                </TextEquiv>
            </TextLine>
            <TextLine id="r1l91" custom="readingOrder {index:90;}">
                <Coords points="1337,3841 2463,3825 2399,3786 1336,3807"/>
                <Baseline points="1346,3839 1401,3837 1456,3835 1512,3833 1567,3832 1622,3831 1678,3831 1733,3830 1788,3830 1844,3830 1899,3830 1954,3829 2010,3829 2065,3829 2120,3828 2176,3828 2231,3827 2286,3826 2342,3825 2397,3823 2453,3821"/>
                <TextEquiv>
                    <Unicode>zu füllen — das wirft satirische Streiflichter auf die heutige</Unicode>
                </TextEquiv>
            </TextLine>
            <TextLine id="r1l92" custom="readingOrder {index:91;}">
                <Coords points="1327,3881 2452,3863 2451,3831 2388,3828 1327,3849"/>
                <Baseline points="1337,3878 1392,3878 1447,3877 1502,3877 1558,3877 1613,3876 1668,3876 1724,3876 1779,3875 1834,3875 1890,3874 1945,3874 2000,3873 2055,3873 2111,3872 2166,3871 2221,3871 2277,3870 2332,3869 2387,3868 2443,3867"/>
                <TextEquiv>
                    <Unicode>Dichterei. Margarete Frey als Margarete zeigte sich</Unicode>
                </TextEquiv>
            </TextLine>
            <TextLine id="r1l93" custom="readingOrder {index:92;}">
                <Coords points="1326,3921 2451,3906 2450,3864 1326,3887"/>
                <Baseline points="1336,3921 1391,3920 1446,3920 1501,3919 1557,3919 1612,3918 1667,3917 1722,3916 1778,3916 1833,3915 1888,3915 1943,3914 1999,3913 2054,3913 2109,3912 2164,3912 2220,3911 2275,3911 2330,3911 2385,3910 2441,3910"/>
                <TextEquiv>
                    <Unicode>wiederum als sehr gewandte Konversationsschauspielerin;</Unicode>
                </TextEquiv>
            </TextLine>
            <TextLine id="r1l94" custom="readingOrder {index:93;}">
                <Coords points="1339,3968 2453,3968 2452,3904 2234,3935 1338,3930"/>
                <Baseline points="1347,3964 1401,3961 1456,3958 1511,3957 1566,3955 1621,3954 1675,3954 1730,3953 1785,3953 1840,3953 1895,3953 1949,3953 2004,3954 2059,3954 2114,3954 2169,3953 2223,3953 2278,3952 2333,3951 2388,3949 2443,3947"/>
                <TextEquiv>
                    <Unicode>Herr Mehnert als Clemens hatte die vornehm ablehnende</Unicode>
                </TextEquiv>
            </TextLine>
            <TextLine id="r1l95" custom="readingOrder {index:94;}">
                <Coords points="1330,4014 2406,4010 2452,3968 1329,3967"/>
                <Baseline points="1339,4004 1394,4003 1449,4002 1504,4002 1559,4001 1615,4001 1670,4000 1725,4000 1780,3999 1835,3999 1891,3998 1946,3998 2001,3998 2056,3997 2111,3997 2167,3996 2222,3995 2277,3994 2332,3993 2387,3992 2443,3991"/>
                <TextEquiv>
                    <Unicode>Haltung des Kavaliers. Herr Eggeling als Gilbert war!</Unicode>
                </TextEquiv>
            </TextLine>
            <TextLine id="r1l96" custom="readingOrder {index:95;}">
                <Coords points="1330,4053 2374,4048 2375,4008 1330,4013"/>
                <Baseline points="1339,4043 1390,4044 1441,4044 1493,4044 1544,4044 1596,4044 1647,4044 1698,4043 1750,4043 1801,4043 1853,4042 1904,4042 1955,4041 2007,4041 2058,4040 2110,4039 2161,4039 2212,4038 2264,4037 2315,4035 2367,4034"/>
                <TextEquiv>
                    <Unicode>ein ergotzlicher Vertreter des literarischen Kneipenwesens.</Unicode>
                </TextEquiv>
            </TextLine>
            <TextLine id="r1l97" custom="readingOrder {index:96;}">
                <Coords points="1825,4092 1969,4086 1987,4102 2079,4083 2126,4106 2208,4109 2408,4073 2407,4051 2328,4037 2175,4055 2146,4041 1824,4047"/>
                <Baseline points="1833,4083 1861,4083 1889,4083 1917,4083 1946,4082 1974,4082 2002,4082 2031,4082 2059,4082 2087,4082 2116,4082 2144,4081 2172,4081 2200,4081 2229,4080 2257,4080 2285,4080 2314,4079 2342,4079 2370,4078 2399,4078"/>
                <TextEquiv>
                    <Unicode>Rudolf von Cottschall.</Unicode>
                </TextEquiv>
            </TextLine>
            <TextLine id="r1l98" custom="readingOrder {index:97;}">
                <Coords points="1720,4185 1767,4190 1785,4179 1841,4179 1878,4160 1897,4171 1962,4173 2006,4157 2033,4163 2034,4115 1958,4118 1916,4137 1871,4120 1819,4130 1797,4120 1721,4122"/>
                <Baseline points="1730,4158 1756,4157 1783,4157 1810,4158 1836,4159 1863,4160 1890,4161 1917,4162 1943,4163 1970,4163 1997,4162 2024,4160"/>
                <TextEquiv>
                    <Unicode>ante.</Unicode>
                </TextEquiv>
            </TextLine>
            <TextEquiv>
                <Unicode>die enseren und Aenench
A aber er liebt die auf der Spitze siebenden Stoffe und di
wohlfeile Modernität der Ebebruchsdramatik. Dergleichen
muß, wenn es auch nicht das Haupttbema bildet doch immer#nth#ltend de
„mer Zeitung“)
li mit in seine Einakter hineinspielen; nur der letzte ist frei —! Morgen¬
b der bewegt sich aber dafür in demimonderischen Kreisen der irthschaltliche
d. Diese Mit¬
Wliterarischen Bobôme.
Der erste Einakter „Lebendige Stunden“ hat zum
U Inhalt eine sehr befremdliche Mutterliebe. Die kranke
Mutter, obschon durch einen treuen Hausfreund getröstet,
nimmt sich das Leben, weil ihr Sohn durch die fortwäbrende
Sorge um sie in seinem: künstlerischen Schaffen gehemmt “
wird. Ob in dieser Darstellung Lebenswahrheil liegt, ob der
vielgerühmte Wirklichkeitssinn der Modernen sie eingegeben,
das lassen wir dahingestellt; wir meinen, daß eine solche
Mama sich glücklicherweise schwerlich wo anders als auf der
Bühne finden dürfte. Herr Max Brückner spielte den
Heinrich mit warmem Ton, Herr Bornstedt den Haus¬
dorser mit wehmütiger Resignation. Dieser Einakter ist
eine dramatische Pleite.
Dafür erheben wir uns im zweiten Stück. „Die Frau
mit dem Dolche“, auf den Kothurn, immer auch nur auf
einen phankasmagorischen. Ein junger Liebhaber muß von
seiner Geliebten, natürlich einer verheirateten Frau, Abschied
nehmen, da sie am nächsten Tage abreist; er bittet sie, ihm
die letzte Nacht zu schenken. Die Unchrredung findet in einer
Gemäldegalerie statt — da ist die „Frau mit dem Dolche“
das Hauptbild, welches der ungetreuen Gattin äbnlich sieht.
Plötzlich verdunkelt sich die Bühne; es handelt sich um eine
Vision; die Geschichte des Bildes, wir möchten sagen, die
Ballade, die der Maler auf die Leinwand gezaußert, gewinnt
dramakische Gestalt. Der Ebegatte überrascht das rendez-vons
seiner Frau mit dem Liebhaber; er jagt ihn einfach fort und
werweigert ihm Genugtuung; da drobt dieser, der
ganzen Welt seinen geheimen Liebeshandel mit der Frau
zu verkünden, und jetzt greift sie zum Dolch und tötet
ibn. Das alles spielt im Kostüm und in Versen. Als Frau
Pauline aus ihrer Vision erwacht und wir uns wieder unter
den Menschen des neunzebnten Jahrhunderts befinden, erteilt
sie dem Geliebten die gewünschte Zusage. Wie das mit ihrer
Vision zusammenhängt, ist nicht sogleich klar, das erfordert
einen gewissen psychologischen Tiessinn, den das große Publi¬
kum nicht immer zur Hand hat. In der Tat ist es kommen¬
tarbedürftig. Elisabeth Anders spielte die Päuline,
besonders in der skizzierten Verstragödie, mit Leidenschaftlich=
keit. Auch der Leonhard des Herrn Brückner war ein
feuriger Liebhaber, der Remigio des Herrn Hofmann fest
und energisch. Die Pinakothek der Südvorstadt konnte natür¬
lich keine künstlerischen Meisterwerke zur Schau stellen.
Lazarettluft weht uns aus dem dritten Cinakter entgegen;
zwei Arzte und zwei Patienten und eine Wärterin stehen in
den „Letzten Masken“ auf dem Zettel. Wieder ein
kurioser Stoff; das Milieu ist trist, die Beleuchtung eine
ironische. Ein heruntergekommener Journalist haßt einen
Jugendfreund, der in derselben Laufbahn zu Glanz und Ehrens
gekommen ist; er will ihn vor seinem Ende noch einmal sprechen,
um ihm seine ganze Verachtung ins Gesicht zu werfen. Ein an¬
derer Patient, ein Schauspieler, der auch auf dem letzten
Loche pfeift, aber das Schauspielern nicht lassen kann, will
noch eine Komödie aufführen; er will den glücklichen Streber
spielen und der unglückliche Journalist soll ihm die Straf¬
predigt halten, die er jenem zugedacht hat — also geschieh¬
es; der Kranke erschöpft sich in einer Pbilippika, die er mi
oft verlöschenden Stimm= und Atemmitteln ausführt. Uni
als nun der verhaßte Jugendfreund erscheint und sich in
ganzen vernünftig ausspricht und sein eignes Schicksal be¬
da versag
klagt, das nur anscheinend glänzend ist
dem Kranken die Sprache und bald darauf stirbt er
Ist das lebenswahr? Werden zwei Todkranke ein
Noch dazu
solche überflüssige Komödie aufführen?
erfahren wir, daß der Unglückliche lange Zei
mit der Frau des Glücklichen ein Verhältnis gehabt; das
raubt ihm die letzten Sympathien, und man begreift um so
weniger seinen Haß — dazu hätte ja eher der Andere ein
Recht. Den Rademacher spielte Herr Bornstedt — es war
eine tüchtige pathologische Leistung —, den erfolgreichen Weih¬
gast Herr Mehnert mit guter Haltung, den Jackwerth Herr
Forsch als verkommenes Künstlergenie. Die Arzte der
Herren Wittmann und Wildenhain waren pflichtgétreue
Mediziner; die Wärterin der Agnes Wenckhaus zeigte der
Krankheit und dem Tod gegenüber eine ergötzliche Indifferenz.
Der letzte Einakter „Literatur“ ist uns durch
eine Matinee im Carolatheater schon früher bekannt
geworden; er ist wenigstens amüsant, und wie der
Romanschriftsteller und die Romanschriftstellerin beide ihre
Liebesbriefe benutzt haben, um die Romankapitel damit
zu füllen — das wirft satirische Streiflichter auf die heutige
Dichterei. Margarete Frey als Margarete zeigte sich
wiederum als sehr gewandte Konversationsschauspielerin;
Herr Mehnert als Clemens hatte die vornehm ablehnende
Haltung des Kavaliers. Herr Eggeling als Gilbert war!
ein ergotzlicher Vertreter des literarischen Kneipenwesens.
Rudolf von Cottschall.
ante.</Unicode>
            </TextEquiv>
        </TextRegion>
        <TextRegion orientation="0.0" id="r2" custom="readingOrder {index:1;}">
            <Coords points="3009,123 3009,275 3065,275 3065,123"/>
            <TextLine id="r2l1" custom="readingOrder {index:0;}">
                <Coords points="3002,248 3011,248 3024,255 3040,249 3047,254 3061,242 3076,242 3074,200 3060,199 3053,207 3042,200 3027,211 3020,210 3009,199 3000,200"/>
                <Baseline points="3009,225 3037,225 3065,223"/>
                <TextEquiv>
                    <Unicode></Unicode>
                </TextEquiv>
            </TextLine>
            <TextEquiv>
                <Unicode></Unicode>
            </TextEquiv>
        </TextRegion>
    </Page>
</PcGts>
