3484 4256
607 99 1711 160 genden, lebensvollen und geistsprühenden Dichtungen die
613 151 1706 198 Erklügelte Frage, ob das ganze dichterische Schaffen des
615 179 1711 236 Sohnes auch nur eine „lebendige Stunde“ der Mutter
602 216 1703 276 aufzuwiegen vermag. Eine unheilbar erkrankte Mutter hat
608 253 1705 318 sich nämlich mit Morphium vergiftet, um ihren Sohn vom
610 294 1712 341 Anblick ihrer Leiden zu befreien und ihn seinem Dichter¬
612 332 1721 390 beruf wiederzugeben. Das zweite Schauspiel „Die Frau
609 369 1003 429 mit dem Dolche"
1061 374 1200 424 wirkt
1220 382 1707 434 mehr durch virtuose
939 407 1154 471 äußerliche
606 407 906 461 Mache und
1189 415 1353 468 Effekte,
1424 419 1520 466 als
1577 421 1713 479 durch
600 447 1706 505 innere Vorzüge und echt dichterische Eigen¬
604 486 1690 568 schaften. Eine junge, hysterische Frau gibt sich mit ihrem
614 525 1693 605 Liebhaber ein Stelldichein in einem Bildermuseum vor
607 566 1697 635 einem italienischen Gemälde aus dem 15. Jahrhundert. Die
602 609 1700 692 hier mit dem Dolche dargestellte Frau hat eine frappante
606 642 1700 729 AAehnlichkeit mit ihr, und je länger sie diese Frau betrachtet,
611 689 1700 758 desto bestimmter wird ihre Ueberzeugung, daß sie die hier
602 726 1699 799 im Bilde dargestellte Szene vor langer, langer Zeit selbst
601 759 1701 837 erlebt hat, und zwar mit demselben jungen Manne, der
600 793 1695 861 ihr jetzt zur Seite sitzt. Die Bühne verdunkelt sich plötz¬
600 848 1698 912 lich, der Vorhang fällt, und als er sich nach einigen Augen¬
592 868 1698 952 blicken wieder hebt, sehen wir dieselbe Frau mit dem
594 922 1695 990 jungen Manne in der Tracht der Renaissancezeit vor uns.
601 955 1694 1029 Auf einer Staffelei steht das halb vollendete Bild der
1544 1019 1581 1047 a
600 996 1695 1070 Frau mit dem Dolche, von dem Gatten gemalt. Dieser
589 1031 1713 1103 kehrt von einer Reise nach Florenz heim, die Frau gesteht
598 1074 1691 1150 ihm, daß sie ihn während seiner Abwesenheit betrogen
597 1102 1702 1188 habe, und ersticht vor seinen Augen ihren Verführer mit
591 1162 1698 1228 dem Dolche. Der Gatte, der nur Künstler ist, ergreift so¬
599 1194 1697 1267 fort den Pinsel und die Palette, um sein Werk nach den
587 1233 1687 1305 eben gewonnenen blütigen Eindrücken zu vollenden. Die Frau
597 1275 1692 1346 wendet sich mit Verachtung von ihm, die Bühne verdunkelt
597 1307 1690 1377 sich abermals und wir werden in das Museum zurückversetzt
588 1343 1681 1430 wo die aus ihrem Traume erwachende Frau dem Liebhaber
583 1390 1685 1464 das lange verweigerte Versprechen gibt, ihn Abends besucher
587 1419 1684 1500 zu wollen. Man weiß nicht recht, was man aus diesem merk
591 1465 1678 1543 würdigen Capriccio machen soll. Ist es eine neue Variatior
581 1490 1683 1568 auf das Thema von der Seelenwanderung? Oder von der
590 1547 1675 1617 sich durch die Jahrhunderte gleich bleibenden Lust an
620 1591 1681 1646 betrügen des Ewig=Weiblichen? Jedenfalls ist das Stück
619 1618 1670 1697 ffektvoll und fesselnd. Ungleich höher, dichterisch werth¬
614 1670 1681 1736 wller ist das dritte Schauspiel: „Die letzten Masken“ zu
592 1698 1680 1766 Franschlagen. Im Wiener Allgemeinen Krankenhause lieg
591 1732 1680 1815 &r Journalist Rademacher im Sterben. Der ebenfalls
593 1783 1673 1853 dem Tode verfallene Schauspieler Jackwerth ist sein
599 1818 1674 1887 Zimmer=Nachbar. Während der eine weiß, daß sein Ende
568 1842 1670 1930 bevorsteht und mit dem Leben, das ihm so viele Ent¬
576 1874 1677 1971 täuschungen brachte, abrechnen möchte, hält sich der andere
576 1940 1676 2006 für genesen und schmiedet die schönsten Pläne für die Zu¬
575 1980 1670 2050 kunft. Der Arzt macht seinen Abendbesuch. Rademacher
569 2015 1674 2080 bittet ihn flehentlich, ihm noch schnell einen heißen Wunsch
578 2050 1661 2110 zu erfüllen; er möchte seinen Jugendfreund, den Schrift¬
579 2090 1677 2152 steller Weihgast, noch diesen Abend sprechen, da er ihm
564 2140 1670 2212 etwas sehr Wichtiges mitzutheilen habe. Der Arzt, der
577 2179 1669 2249 mit Weihgast befreundet ist, verspricht, ihn zu bringen.
561 2210 1668 2283 Der Schauspieler fragt neugierig, was Rademacher denn
568 2251 1663 2320 noch so Eiliges zu beichten habe, und dieser entgegnet: er
568 2280 1667 2371 wolle sich vor seinem Ende die Genugthuung
561 2332 1652 2402 verschaffen, dem ehemaligen Freunde, der unverdient
624 2372 1646 2440 große äußerliche Erfolge im Leben davon getragen
553 2411 1655 2473 habe, unverblümt zu sagen, daß er ihn stets in seiner
560 2445 1649 2527 ganzen Hohlheit durchschaut habe, ja daß sich sogar die
557 2490 1658 2559 eigene Gattin des „großen“ Mannes ingeekelt von ihm
564 2541 1653 2605 abgewandt und ihre Liebe dem verkannten, vom Schicksal
566 2555 1644 2635 so arg mitgenommenen Journalisten geschenkt habe. Als
560 2602 1648 2676 dann aber Weihgast wirklich kommt und mit seiner hohlen
561 2646 1649 2697 Schönrednerei nichtssagende Redensarten drechselt und
567 2677 1649 2757 innige Freundschaft heuchelt, da bringt es der Sterbende
560 2722 1650 2796 #theils vor Ekel, theils aus Mitleid nicht fertig, dem
553 2748 1648 2833 Lebenden die letzte Maske vom Gesicht zu reißen, und
563 2791 1651 2872 im Gefühl seiner ganzen Größe und Ueberlegenheit
565 2836 1634 2899 nimmt der aufgeblasene Dichter von dem sterbenden Jugend¬
556 2880 1651 2944 freunde Abschied. Es ist eine ungemein feine psychologische
564 2914 1646 2982 Studie, die Schnitzler hier im engen Rahmen aufrollt, tief¬
542 2943 1647 3028 gründig und lebenswahr, voll bitterer Satire und nicht
550 2989 1638 3058 ohne weitere Ausblicke auf die Nichtigkeit alles Irdischen
553 3027 1642 3106 im Angesicht des Todes und der Ewigkeit. Den Vogel
542 3073 1639 3147 aber hat der Verfasser mit dem vierten und letzten Stück
538 3119 1616 3182 abgeschossen, das er bescheiden einen Schwank „Literatur“
537 3158 1633 3226 nennt und das thatsächlich eine mit glänzendem
547 3195 1638 3268 Witz, überlegenen Geist und funkelnder Laune geschriebene
539 3243 1626 3303 Satire auf jene Cafébausliteraten ist, die, an eigenen Ge¬
534 3277 1629 3348 danken zu arm, ihre kleinen Erlebnisse zu langen Romanen
535 3312 1624 3373 auszumünzen suchen. Sie entblößen sich und ihre „stili¬
535 3352 1624 3422 sirten" Leiden und Freuden ohne Bedenken vor der Welt,
536 3388 1638 3439 nur um sich einmal gedruckt zu sehen. Sie geißelt Schnitzler
535 3414 1635 3495 sin dieser übermüthigen Komödie, die zu den Lustigsten
537 3470 1623 3537 und Unterhaltendsten gehört, was man seit lange auf der
532 3513 1627 3565 deutschen Bühne gesehen hat. Der literarische Fein¬
531 3537 1631 3606 schmecker kommt hier ebenso auf seine Rechnung, wie der
531 3570 1561 3637 maive Zuschauer, der nur lachen will. Die Handlung
533 3621 1622 3699 shier Nebensache, die Behandlung Alles: die prächtige Zeich¬
530 3667 1617 3738 mung der drei Personen, des kunstfremden, am liebsten
532 3701 1607 3766 Stallluft athmenden Barons, der schriftstellernden Frau
524 3739 1615 3808 fmit der Vergangenheit, die sich eine ehrbare Zukunft schaffen
534 3790 1618 3848 will, und des literarischen Zigeuners, der das Leben in
537 3817 1608 3890 vollen Zügen genießen will, dazu der vollgefüllte Sack
535 3843 1614 3926 geistreicher Literaturbosheiten. Alles in Allem: ein sehr
533 3893 1611 3977 glücklicher Abend, der für viele Fehlschläge dieses Winters
534 3928 923 3993 entschädigen konnte!
2242 536 2929 728 S# Goldschnon
2395 645 2734 729 Bureau für +
2336 669 2399 727 +
2140 664 2264 748 O7•
2189 735 2863 798 Zeitungsausschnitte und Verlag
2191 780 2865 839 der Wissenschaftlichen Revue.
2109 831 2987 921 BERLIN M., Auguststr. 87 part.
2255 902 2821 974 Telephon Amt III, No. 3051.
2391 995 2721 1076 Ausschnitt
2029 1027 2361 1081 Telegramm-Adresse:
2495 1062 2604 1121 aus
2017 1063 2364 1124 GOLDSCHMIDT.Auguststr. 87.
2257 1205 2907 1312 Magdeburgische Zeitung
1998 1292 2170 1433 03
2355 1399 2618 1485 -7. 1. 02
2108 1628 2884 1750 „Theater und Musik.
2097 1716 2979 1811 „erlin, 5. Januar. Arthur Schnitzler, der
2070 1769 2982 1844 Spötter und Satiriker, der sih
2074 1814 2992 1892 fwiener gesellschaftlichen Eigenthümlichkeiten, der
2077 1856 2981 1917 zuverlässige Keuner und Schilderer gewisser so¬
2074 1889 2993 1946 cialer Zwischenschichten, hat gestern im Deutschen
2071 1928 2998 1989 Theater mit seinen vier Einactern einen starken
2078 1969 2992 2034 und nicht unverdienten Erfolg dasongetragen. Die
2070 2021 2988 2069 vier Stücke haben einen gemeinsamen Namen:
2067 2056 3000 2104 „Lebendige Stunden". Das ist indessen wohl nur
2069 2082 2992 2131 aus theatertechnischen Gründen so gehalten wor¬
2078 2122 2985 2180 den. Im Uebrigen haben die einzelnen Einacter
2076 2159 2988 2227 leinerlei Zusammenhang untereinander. Weitaus
2073 2183 3000 2259 am besten ist unserem Autor die übermüthige Bos¬
2077 2227 3000 2317 heit „Literatur“ gelungen. Eine Frau beichtet ihre
2077 2272 2993 2356 eigene, etwas stürmische Vergangenheit in schrift¬
2093 2313 2999 2380 steilerischer Form. Der närrische Gemahl hält das
2085 2348 3005 2413 Alles für erfunden, wäbrend die Gattin nur ihre
2091 2399 2995 2453 Erlebnisse schildert. Der Gimpel, natürlich ein
2082 2439 2994 2496 Blaublütiger, bleibt aber trotzdem von der Treue
2090 2468 2995 2538 seiner ihm angetrauten Frau überzeugt. Ein bis¬
2082 2504 3004 2579 chen nichtsnutzig ist ja die ganze Geschichte; allein
2097 2553 3006 2610 man kann sich der Komik der witzig erfundenen
2096 2591 3003 2641 Situation nicht verschließen und man muß über
2089 2627 3003 2690 die frivolen Spötter so recht innerlich lachen. Die
2092 2668 3004 2722 Figuren — es sind ihrer drei, nämlich außer dem
2095 2701 3005 2761 Ehepaar noch so ein richtiger Kaffeehausbummler
2151 2746 3006 2809 sind so charakteristisch aufgefaßt und mit weni¬
2095 2780 3001 2846 gen Strichen so sicher wiedergegeben, daß man un¬
2102 2818 3012 2880 willkürlich an gewisse Zeichnungen von Chavarini
2109 2870 3016 2922 erinnert wird. Auf der gleichen Höhe stehen „Die
2109 2894 3008 2953 letzten Masken“. Es sind lauter Todescandidaten,
2104 2933 3009 2999 die im Spital ihre letzten Hüllen abwerfen und
2107 2971 3012 3034 so zu sagen in puris naturalibus, natürlich in der
2106 3024 3019 3085 Trope gesprochen, vor uns dastehen. Alle Selbst¬
2123 3044 3041 3126 täuschung, alle Aufgeblasenheit, alles gemachte
2128 3091 3036 3169 Wesen fällt von diesen Menschen, einem lungen¬
2127 3137 3030 3212 süchtigen Schauspieler, einem zermürbten Jour¬
2128 3165 3038 3249 nalisten, einem zu Ruhm gelangten. Dichter, ab.
2130 3213 3031 3277 Sie stehen Alle in ihrer durchaus nicht einwands¬
2138 3252 3040 3324 freien Menschlichkeit vor uns. Eine bitterböse Sa¬
2133 3280 3037 3364 tire! Aber fein ausgekünstelt und bis in das
2133 3315 3046 3389 kleinste Detail durchgefeilt. So gut wie mit den
2137 3354 3049 3440 genannten Sachen ist es nun leider mit den beiden
2138 3393 3038 3464 anderen, „Lebendige Stunden" und „Die Frau
2137 3437 3050 3507 mit dem Dolche", Herrn Schnitzler nicht geglückt.
2143 3479 3058 3551 Der Pathos ist nun einmal nicht seine Sache. „Die
2151 3508 3051 3590 Frau mit dem Dolche“ trägt die üppig=müden
2141 3545 3055 3625 Züge Hugo v. Hoffmannsthals zur Schau, und
2141 3593 3057 3671 das steht Herrn Schnitzler ganz und gar nicht zu
2151 3611 3065 3705 Gesicht. Er soll da bei dem Geschlechte der Ana¬
2139 3665 3061 3730 tols und Aehnlicher bleiben. Das Deutsche Theater
2144 3701 3074 3774 hatte seine besten Kräfte ins Feld gestellt, um dem
2127 3757 2722 3840 Autor zum Siege zu verhelfen.
3254 4043 3369 4128 S
