3484 4320
1696 289 1750 349 9
582 294 788 389 vom:
841 337 1153 441 2/7 1103
961 600 1485 702 Stadttheater.
749 677 1762 749 „Lebendige Stunden“. Dieser Einakter=Zyklus
647 742 1761 808 Schnitzlers wurde bereits in der vergangenen Sommer¬
683 789 1764 844 saison von einem Burgtheater=Ensemble an unserer
687 844 1770 918 Bühne in mustergiltiger Weise aufgeführt — wenigstens
661 897 2811 990 gezieht sich dies auf das Schauspiel „Die letzten und großer Geschicklichkeit durchgearbeitet bis in die
688 956 2809 1019 Rasken“ und das Lustspiel „Literatur“ vollkommen, feinsten Details. Herr Hoppé hätte als Weihgast
682 1006 2816 1072 vährend in dem Schauspiel „Die Frau mit dem noch mehr süße Liebenswürdigkeit gebraucht; diese
604 1057 2800 1124 Für Dolche“ unter der mangelhaften und primitiven Deko= Gestalt entwaffnet eben Rademacher durch das über¬
670 1103 2799 1185 cation der gute Eindruck der Darstellung herab=fließende Wohlwollen, welches zugleich einen Stich
1724 1152 2355 1226 ins Kraftlose, Weibische besitzt.
658 1145 1739 1203 gestimmt wurde wie diesmal. In einzelnen Leistungen
672 1204 1739 1265 nun läßt sich ganz gut ein Vergleich ziehen, welcher
1775 1185 2826 1276 Das Lustspiel „Literatur" muß gerade noch einmal
656 1237 2806 1319 keineswegs zu Ungunsten unserer Schauspielkräfte aus=so flott gespielt werden, als es der Fall war, und
599 1295 2810 1366 Abfällt; der allgemeine Eindruck steht allerdings weit ferner schreit das Stück noch nach ein paar kräftigen
612 1349 2798 1412 Abhinter der Wirkung des Burgtheater=Ensembles, da Stücken. Den Grundton der drei Charaktere haben
659 1390 1742 1452 das Spieltempo diesmal viel zu langsam genommen
1733 1397 2797 1460 Frl. Hahn (Margarethe) und die Herren Varndal
659 1448 2804 1486 wurde und die Sicherheit in den Rollen leider keine (Klemens) und Hoppé (Gilbert) richtig getroffen.
605 1466 664 1521 I
618 1475 2813 1557 hjvollkommene war. Es wundert uns nicht, wenn sich Nur sollte Herr Varndal noch mehr übertriebene
612 1541 2809 1599 we Direktor und Regisseur bei dem geringen Interesse Eleganz und komischen Adelstolz und Herr Hoppé
616 1570 2797 1641 Leunseres Publikums für diese literarischen Neuheiten mehr lächerliches Künstler=Uebermenschentum zur Schau
607 1618 2815 1692 th nicht bewogen fühlen, einen besonderen Aufwand zur tragen. Die Einakter wurden mit vielem Beifall
664 1669 2031 1738 Inszenierung zu entfalten und es sich mit einem ausgenommen.
2564 1675 2810 1763 1.
667 1729 1732 1783 bloßen Markieren der Dinge genügen lassen. Der
662 1772 1729 1840 Gemäldesaal in dem Schauspiel „Die Frau mit dem
656 1817 1745 1882 Dolche“ hat aber doch an die Phantasie des Zuschauers
663 1875 1757 1935 allzu große Anforderungen gestellt. Es ist schwer an
650 1901 1764 1989 einer Provinzbühne in diesem Falle eine stilgerechte
652 1966 1743 2021 Dekoration aufzubringen, immerhin aber sollte der
660 2004 1747 2072 Stimmung des Werkes, wenn man es schon aufführt,
649 2050 1754 2119 mehr Rechnung getragen werden, damit die ohnedies
651 2109 1740 2163 etwas schwer zu erkennende Tendenz des Stückes von
653 2139 1750 2215 der dekadenten Wiedergeburt der Dinge, nicht durch
663 2196 1766 2281 äußerliche Lächerlichkeiten total verwischt wird. Die
654 2244 1754 2306 Darstellung selbst war klar und exakt. Frl. Hahn
649 2280 1754 2364 hat die Romantik des Werkes richtig erfaßt und den
663 2343 1749 2398 Versen edlen und kräftigen Ausdruck verliehen. Die
663 2388 1750 2442 Seelenwandlung vor dem Bilde, durch welchen eben
652 2430 1744 2493 der Unterschied zwischen dem Heroismus von Einst
659 2474 1751 2535 und der Dekadenze der Gegenwart zum Ausdruck
663 2528 1754 2583 kommen soll, ist durch den Dichter an und für sich
652 2580 1757 2651 schon sehr verschleiert und in zu knappen Worten
657 2623 1752 2688 ausgedrückt worden. Den Schluß der Geschichte kann
650 2666 1742 2737 sich jeder seinem inneren Bedürfnisse nach zurecht
659 2707 1745 2780 legen. Frl. Hahn scheint der romantischen Seite zu
654 2763 1743 2829 huldigen und auch zum Dolche greifen zu wollen,
662 2809 1746 2875 um die Ehre ihres Gatten zu rächen. Wenigstens in
662 2856 1743 2911 ihrem Abgange war ein ähnlicher Entschluß zu er¬
660 2904 1740 2970 blicken. Im Sinne des Dichters jedoch liegt nach
656 2954 1751 3025 unserer Auffassung die Ueberwindung dieses tragischen
650 3012 1750 3067 Konfliktes. Pauline geht und verspricht zu Leonhard
651 3045 1745 3113 noch einmal zu kommen, um noch einmal und wohl
654 3100 1746 3164 zum letzten Male glücklich mit ihm zu sein. Darin
652 3137 1749 3213 liegt die Idee der Dekadenz: Nicht widerstehen zu
648 3185 1743 3249 können. Aus allem war jedoch zu erkennen, daß
659 3241 1748 3304 Frl. Hahn bestrebt war, dem Charakter der Pauline
648 3289 1745 3350 gerecht zu werden. Herr Gerhard war als Leonhard
661 3345 1744 3400 ebenfalls sehr gut, doch hätte er sich vor den allzu
658 3387 1742 3450 heftigen Gefühlsausbrüchen hüten sollen. Anerkennung
661 3431 1734 3495 gebürt ferner dem Remigio des Herrn Varndal.
724 3471 1745 3544 Das Schauspiel „Die letzten Masken“ hätte
665 3518 1744 3588 schieden noch eine tiefere Wirkung ausgeübt, wenn
661 3576 1736 3644 Herr Kneidinger den Journalisten Rademacher
664 3634 1744 3683 mit seiner schroffen verbissenen Herbheit und Welt¬
661 3651 1753 3730 verachtung gespielt hätte, wie sie vom Dichter haar¬
653 3719 1745 3767 scharf vorgezeichnet sind; so aber hat Herr Kneidinger
651 3766 1743 3826 den Rademacher zu einem weichherzigen alten Einleger
661 3804 1747 3875 gemacht, dem die harten Anklagen und der eherne
661 3863 1734 3923 Widerstand, den er selbst als Sterbender nicht ver¬
651 3888 1746 3968 läßt, gar nicht in den Mund gepaßt haben. Herrn
650 3948 1739 4022 Kneidinger würde die richtige Charakteristik des Rade¬
650 4004 1747 4057 macher nicht die geringsten Schwierigkeiten bereiten.]
652 4058 1739 4112 Schade, daß er sich so in der Auffassung irrte. Eine
651 4099 1737 4154 vorzügliche Leistung bot Herr Gerhard als Jackwert.
650 4138 1753 4210 Er war allerdings etwas kraß, aber mit Konsequenz
