<?xml version="1.0" encoding="UTF-8" standalone="yes"?>
<PcGts xmlns="http://schema.primaresearch.org/PAGE/gts/pagecontent/2013-07-15" xmlns:xsi="http://www.w3.org/2001/XMLSchema-instance" xsi:schemaLocation="http://schema.primaresearch.org/PAGE/gts/pagecontent/2013-07-15 http://schema.primaresearch.org/PAGE/gts/pagecontent/2013-07-15/pagecontent.xsd">
    <Metadata>
        <Creator>prov=University of Rostock/Institute of Mathematics/CITlab/Gundram Leifert/gundram.leifert@uni-rostock.de:name=ONB_Newseye_GT_M1+(htr_id=10810)::::v=2.4.2
prov=University of Rostock/Institute of Mathematics/CITlab/Tobias Gruening/tobias.gruening@uni-rostock.de:name=de.uros.citlab.module.baseline2polygon.B2PSeamMultiOriented:v=2.4.2
prov=University of Rostock/Institute of Mathematics/CITlab/Tobias Gruening/tobias.gruening@uni-rostock.de:name=/mnt/transkribus/LA/DEA/URO/LA_news_onb_att.pb:de.uros.citlab.segmentation.CITlab_LA_ML:v=2.4.2
Transkribus</Creator>
        <Created>2019-10-07T11:33:38.753+02:00</Created>
        <LastChange>2019-10-08T12:36:13.411+02:00</LastChange>
        <TranskribusMetadata docId="223975" pageId="9500384" pageNr="71" tsid="16571906" status="IN_PROGRESS" userId="40391" imgUrl="https://files.transkribus.eu/Get?id=HVFAIHNWQXGYCYUQPMBPBVMA&amp;fileType=view" xmlUrl="https://files.transkribus.eu/Get?id=JGWKMWOEPKPSPWTJHRFWLKYA" imageId="6190606"/>
    </Metadata>
    <Page imageFilename="223975_0071.jpeg" imageWidth="3436" imageHeight="4224">
        <ReadingOrder>
            <OrderedGroup id="ro_1711449691428" caption="Regions reading order">
                <RegionRefIndexed index="0" regionRef="r1"/>
            </OrderedGroup>
        </ReadingOrder>
        <TextRegion orientation="0.0" id="r1" custom="readingOrder {index:0;}">
            <Coords points="271,57 271,3298 3267,3298 3267,57"/>
            <TextLine id="r1l1" custom="readingOrder {index:0;}">
                <Coords points="3093,115 3153,116 3167,108 3225,119 3237,106 3256,115 3276,107 3277,62 3219,42 3203,46 3180,25 3137,54 3093,58"/>
                <Baseline points="3103,84 3130,83 3157,83 3185,83 3212,83 3239,84 3267,86"/>
                <TextEquiv>
                    <Unicode>e</Unicode>
                </TextEquiv>
            </TextLine>
            <TextLine id="r1l2" custom="readingOrder {index:1;}">
                <Coords points="2081,158 2142,188 2287,168 2327,194 2410,193 2443,173 2521,189 2523,96 2350,91 2281,135 2082,84"/>
                <Baseline points="2091,160 2117,161 2143,162 2169,163 2196,164 2222,165 2248,166 2274,167 2301,168 2327,169 2353,169 2379,169 2406,169 2432,169 2458,168 2484,167 2511,165"/>
                <TextEquiv>
                    <Unicode>box 21/2</Unicode>
                </TextEquiv>
            </TextLine>
            <TextLine id="r1l3" custom="readingOrder {index:2;}">
                <Coords points="260,184 1048,225 1931,190 1875,120 1718,107 260,144"/>
                <Baseline points="271,171 353,177 435,181 518,185 600,187 683,190 765,190 848,191 930,191 1013,190 1095,190 1177,188 1260,187 1342,186 1425,185 1507,183 1590,183 1672,182 1755,182 1837,183 1920,184"/>
                <TextEquiv>
                    <Unicode>16. 1. Lebendige Stunden Zyklus</Unicode>
                </TextEquiv>
            </TextLine>
            <TextLine id="r1l4" custom="readingOrder {index:3;}">
                <Coords points="935,955 966,945 997,956 1339,958 1358,954 1359,911 1297,885 1249,913 1217,901 1173,911 1128,881 1051,908 976,871 936,882"/>
                <Baseline points="946,946 971,946 996,946 1021,946 1046,946 1071,947 1096,947 1121,948 1146,948 1171,949 1196,950 1221,951 1246,952 1271,952 1296,953 1321,954 1347,954"/>
                <TextEquiv>
                    <Unicode>Telefon 12801.</Unicode>
                </TextEquiv>
            </TextLine>
            <TextLine id="r1l5" custom="readingOrder {index:4;}">
                <Coords points="2300,1030 2600,1023 2711,1034 2711,966 2680,972 2664,955 2514,952 2471,925 2427,945 2371,932 2301,939"/>
                <Baseline points="2312,997 2337,996 2363,996 2389,996 2415,995 2441,995 2467,996 2493,996 2518,996 2544,996 2570,997 2596,997 2622,998 2648,999 2674,999 2700,1000"/>
                <TextEquiv>
                    <Unicode>Teiefon 12801.</Unicode>
                </TextEquiv>
            </TextLine>
            <TextLine id="r1l6" custom="readingOrder {index:5;}">
                <Coords points="476,1063 1701,1071 1701,987 1633,982 1474,1020 1270,982 1101,1014 476,995"/>
                <Baseline points="486,1046 546,1046 606,1046 666,1046 726,1046 787,1046 847,1046 907,1047 967,1047 1027,1047 1088,1048 1148,1048 1208,1048 1268,1049 1328,1050 1389,1050 1449,1051 1509,1052 1569,1052 1629,1053 1690,1054"/>
                <TextEquiv>
                    <Unicode>Alex. Weigl's Unternehmen für Zeitungs-Aussch</Unicode>
                </TextEquiv>
            </TextLine>
            <TextLine id="r1l7" custom="readingOrder {index:6;}">
                <Coords points="1818,1102 2819,1126 3130,1109 3190,1092 3190,1030 1818,1065"/>
                <Baseline points="1829,1097 1896,1097 1964,1097 2031,1097 2099,1097 2166,1097 2234,1097 2301,1097 2369,1096 2436,1096 2504,1095 2572,1095 2639,1095 2707,1094 2774,1094 2842,1094 2909,1094 2977,1094 3044,1094 3112,1095 3180,1095"/>
                <TextEquiv>
                    <Unicode>Alex. Weigl's Unternehmen für Zeitungs-Ausschnitte</Unicode>
                </TextEquiv>
            </TextLine>
            <TextLine id="r1l8" custom="readingOrder {index:7;}">
                <Coords points="1488,1118 1523,1115 1531,1106 1542,1110 1554,1099 1593,1117 1600,1112 1612,1118 1643,1115 1658,1125 1674,1118 1672,1062 1619,1068 1602,1056 1575,1072 1557,1062 1509,1068 1486,1060"/>
                <Baseline points="1498,1104 1525,1102 1553,1100 1580,1099 1608,1098 1635,1098 1663,1099"/>
                <TextEquiv>
                    <Unicode>Ausschnitt</Unicode>
                </TextEquiv>
            </TextLine>
            <TextLine id="r1l9" custom="readingOrder {index:8;}">
                <Coords points="2857,1139 2873,1139 2894,1153 2927,1144 2954,1150 2979,1166 3015,1139 3044,1147 3044,1099 3003,1110 2955,1107 2947,1099 2918,1112 2891,1104 2877,1116 2856,1117"/>
                <Baseline points="2866,1144 2894,1142 2922,1141 2950,1141 2978,1140 3006,1141 3034,1141"/>
                <TextEquiv>
                    <Unicode>Ausschnitt</Unicode>
                </TextEquiv>
            </TextLine>
            <TextLine id="r1l10" custom="readingOrder {index:9;}">
                <Coords points="801,1189 1017,1208 1081,1183 1131,1206 1483,1182 1580,1208 1646,1189 1646,1115 1531,1106 1428,1153 1250,1103 1162,1134 1096,1105 1032,1136 885,1102 801,1149"/>
                <Baseline points="810,1178 851,1177 892,1176 933,1175 975,1175 1016,1175 1057,1175 1099,1175 1140,1175 1181,1175 1223,1175 1264,1176 1305,1176 1346,1176 1388,1177 1429,1177 1470,1178 1512,1178 1553,1178 1594,1178 1636,1178"/>
                <TextEquiv>
                    <Unicode>„ObSERVEN Nr.</Unicode>
                </TextEquiv>
            </TextLine>
            <TextLine id="r1l11" custom="readingOrder {index:10;}">
                <Coords points="383,1233 406,1231 425,1215 433,1215 449,1201 459,1200 456,1147 445,1148 434,1138 424,1141 414,1139 406,1148 400,1147 388,1158 378,1159"/>
                <Baseline points="391,1203 420,1199 449,1199"/>
                <TextEquiv>
                    <Unicode>00</Unicode>
                </TextEquiv>
            </TextLine>
            <TextLine id="r1l12" custom="readingOrder {index:11;}">
                <Coords points="2883,1250 2916,1244 2945,1254 3016,1220 3077,1250 3097,1238 3120,1252 3138,1233 3173,1237 3172,1144 3154,1153 3057,1145 3014,1183 2991,1181 2954,1151 2882,1157"/>
                <Baseline points="2893,1219 2920,1219 2947,1219 2974,1219 3001,1218 3028,1218 3055,1218 3082,1218 3109,1217 3136,1217 3163,1217"/>
                <TextEquiv>
                    <Unicode>Nr. 67</Unicode>
                </TextEquiv>
            </TextLine>
            <TextLine id="r1l13" custom="readingOrder {index:12;}">
                <Coords points="2163,1257 2291,1262 2411,1234 2485,1257 2629,1241 2729,1257 2809,1219 2808,1118 2685,1138 2501,1108 2437,1125 2410,1106 2355,1140 2282,1126 2163,1162"/>
                <Baseline points="2174,1227 2205,1226 2236,1225 2267,1224 2298,1223 2330,1222 2361,1222 2392,1221 2423,1220 2454,1220 2486,1219 2517,1219 2548,1219 2579,1219 2610,1219 2642,1219 2673,1220 2704,1221 2735,1222 2766,1223 2798,1225"/>
                <TextEquiv>
                    <Unicode>„OBSERVER“</Unicode>
                </TextEquiv>
            </TextLine>
            <TextLine id="r1l14" custom="readingOrder {index:13;}">
                <Coords points="406,1251 517,1289 948,1253 1707,1291 1707,1223 1536,1191 1392,1227 777,1179 717,1216 571,1186 406,1222"/>
                <Baseline points="416,1251 480,1250 544,1250 608,1249 672,1249 736,1249 800,1250 864,1250 928,1250 992,1251 1056,1252 1120,1252 1184,1253 1248,1254 1312,1254 1376,1255 1440,1256 1504,1256 1568,1257 1632,1257 1697,1257"/>
                <TextEquiv>
                    <Unicode>I. österr. behördl. esne. Bureau für Zeitungsberichte u. Personalng</Unicode>
                </TextEquiv>
            </TextLine>
            <TextLine id="r1l15" custom="readingOrder {index:14;}">
                <Coords points="1771,1318 3109,1323 3248,1305 3247,1241 1770,1264"/>
                <Baseline points="1781,1306 1853,1306 1926,1305 1999,1305 2072,1305 2145,1305 2217,1304 2290,1304 2363,1304 2436,1303 2509,1303 2581,1302 2654,1302 2727,1301 2800,1300 2873,1300 2945,1299 3018,1298 3091,1297 3164,1296 3237,1295"/>
                <TextEquiv>
                    <Unicode>I. österr. behördl. conc. Bureau für Zeitungsberichte u. Personalnachrichten</Unicode>
                </TextEquiv>
            </TextLine>
            <TextLine id="r1l16" custom="readingOrder {index:15;}">
                <Coords points="593,1330 952,1373 1179,1343 1693,1361 1693,1291 1577,1278 1381,1302 1138,1256 833,1309 761,1275 594,1283"/>
                <Baseline points="604,1325 660,1329 717,1332 774,1334 831,1335 887,1336 944,1336 1001,1336 1058,1335 1115,1334 1171,1333 1228,1333 1285,1332 1342,1332 1399,1332 1455,1332 1512,1333 1569,1336 1626,1338 1683,1342"/>
                <TextEquiv>
                    <Unicode>Wien, IX Türkenstrasse 17,</Unicode>
                </TextEquiv>
            </TextLine>
            <TextLine id="r1l17" custom="readingOrder {index:16;}">
                <Coords points="1955,1399 3077,1408 3076,1340 2981,1310 2798,1344 2383,1308 2134,1353 1954,1323"/>
                <Baseline points="1965,1382 2020,1384 2075,1385 2130,1386 2185,1386 2240,1386 2295,1386 2350,1385 2405,1384 2460,1383 2515,1382 2570,1381 2625,1380 2680,1379 2735,1378 2790,1378 2845,1378 2900,1379 2955,1380 3010,1381 3066,1384"/>
                <TextEquiv>
                    <Unicode>Wien, IX, Türkenstrasse 17.</Unicode>
                </TextEquiv>
            </TextLine>
            <TextLine id="r1l18" custom="readingOrder {index:17;}">
                <Coords points="803,1410 871,1431 907,1413 1043,1438 1187,1417 1323,1442 1457,1408 1441,1362 1274,1383 1231,1354 1086,1382 985,1359 804,1373"/>
                <Baseline points="813,1408 844,1407 876,1407 908,1406 939,1406 971,1406 1003,1406 1034,1407 1066,1407 1098,1408 1130,1408 1161,1408 1193,1409 1225,1409 1256,1409 1288,1409 1320,1409 1351,1408 1383,1407 1415,1406 1447,1405"/>
                <TextEquiv>
                    <Unicode> Filiale in Budapest: „Figyelö“</Unicode>
                </TextEquiv>
            </TextLine>
            <TextLine id="r1l19" custom="readingOrder {index:18;}">
                <Coords points="2159,1479 2854,1475 2853,1413 2740,1404 2701,1429 2655,1411 2610,1430 2437,1396 2361,1424 2158,1411"/>
                <Baseline points="2170,1458 2203,1458 2237,1457 2271,1457 2304,1457 2338,1457 2372,1457 2405,1456 2439,1456 2473,1456 2507,1455 2540,1455 2574,1455 2608,1454 2641,1454 2675,1454 2709,1453 2742,1453 2776,1452 2810,1452 2844,1452"/>
                <TextEquiv>
                    <Unicode>— Filiale in Budapest: „Figyelö“ —</Unicode>
                </TextEquiv>
            </TextLine>
            <TextLine id="r1l20" custom="readingOrder {index:19;}">
                <Coords points="411,1481 1680,1498 1680,1434 1220,1452 1132,1418 952,1452 412,1407"/>
                <Baseline points="422,1474 484,1474 546,1475 609,1475 671,1476 734,1476 796,1477 858,1477 921,1478 983,1478 1046,1478 1108,1479 1170,1479 1233,1480 1295,1480 1358,1481 1420,1481 1482,1481 1545,1481 1607,1481 1670,1481"/>
                <TextEquiv>
                    <Unicode>Vertretungen in Berlin, Chicago, Genf, London, Newyork, Paris, Rom, </Unicode>
                </TextEquiv>
            </TextLine>
            <TextLine id="r1l21" custom="readingOrder {index:20;}">
                <Coords points="1780,1551 3224,1562 3223,1482 3050,1463 1780,1488"/>
                <Baseline points="1791,1529 1862,1530 1933,1531 2004,1531 2075,1532 2146,1532 2217,1532 2288,1532 2359,1532 2430,1531 2502,1531 2573,1530 2644,1529 2715,1528 2786,1527 2857,1527 2928,1526 2999,1525 3070,1523 3141,1522 3213,1521"/>
                <TextEquiv>
                    <Unicode>Vertretungen in Berlin, Chicago, Geuf, London, Newyork, Paris, Rom, Stockholm.</Unicode>
                </TextEquiv>
            </TextLine>
            <TextLine id="r1l22" custom="readingOrder {index:21;}">
                <Coords points="402,1624 557,1610 621,1631 656,1609 817,1635 864,1610 935,1611 935,1573 869,1552 766,1570 739,1547 687,1562 667,1543 648,1559 403,1551"/>
                <Baseline points="412,1601 437,1601 463,1602 488,1602 514,1602 540,1602 565,1602 591,1602 616,1603 642,1603 668,1603 693,1603 719,1603 744,1604 770,1604 796,1604 821,1604 847,1604 872,1604 898,1604 924,1604"/>
                <TextEquiv>
                    <Unicode>Ausschnitt aus:</Unicode>
                </TextEquiv>
            </TextLine>
            <TextLine id="r1l23" custom="readingOrder {index:22;}">
                <Coords points="1760,1701 3180,1665 3179,1603 3098,1561 1759,1624"/>
                <Baseline points="1770,1653 1840,1659 1910,1663 1980,1665 2050,1667 2120,1667 2190,1667 2260,1665 2330,1664 2400,1661 2470,1659 2540,1656 2610,1654 2680,1651 2750,1649 2820,1648 2890,1648 2960,1648 3030,1649 3100,1652 3170,1656"/>
                <TextEquiv>
                    <Unicode>Ausschnitt aus: H##rnade 4%</Unicode>
                </TextEquiv>
            </TextLine>
            <TextLine id="r1l24" custom="readingOrder {index:23;}">
                <Coords points="962,1687 1018,1687 1046,1717 1185,1696 1257,1725 1489,1720 1613,1753 1670,1753 1676,1687 1611,1693 1494,1652 1231,1661 1164,1622 1090,1612 1057,1633 968,1607"/>
                <Baseline points="974,1671 1008,1676 1042,1680 1077,1684 1111,1687 1145,1690 1180,1693 1214,1696 1248,1698 1283,1701 1317,1703 1351,1706 1386,1708 1420,1710 1454,1713 1489,1715 1523,1718 1557,1720 1592,1723 1626,1727 1661,1730"/>
                <TextEquiv>
                    <Unicode>geue Badische Landag. Toitumg</Unicode>
                </TextEquiv>
            </TextLine>
            <TextLine id="r1l25" custom="readingOrder {index:24;}">
                <Coords points="409,1754 465,1760 475,1752 502,1773 539,1764 584,1787 601,1785 617,1769 634,1769 634,1705 572,1719 523,1698 510,1709 490,1698 463,1702 409,1678"/>
                <Baseline points="420,1754 445,1753 470,1752 496,1751 521,1751 546,1751 572,1752 597,1753 623,1755"/>
                <TextEquiv>
                    <Unicode>vom</Unicode>
                </TextEquiv>
            </TextLine>
            <TextLine id="r1l26" custom="readingOrder {index:25;}">
                <Coords points="1167,1742 1213,1762 1238,1760 1256,1782 1289,1760 1331,1756 1348,1774 1370,1765 1393,1780 1404,1773 1418,1780 1463,1763 1465,1743 1439,1732 1418,1739 1386,1717 1353,1725 1323,1710 1297,1724 1287,1715 1257,1725 1236,1708 1171,1696"/>
                <Baseline points="1176,1747 1201,1748 1226,1748 1251,1750 1276,1752 1301,1753 1326,1756 1351,1758 1376,1760 1401,1764 1426,1767 1451,1772"/>
                <TextEquiv>
                    <Unicode>Maenbeim.</Unicode>
                </TextEquiv>
            </TextLine>
            <TextLine id="r1l27" custom="readingOrder {index:26;}">
                <Coords points="1782,1817 1841,1810 1883,1817 1919,1809 1958,1822 1979,1845 2002,1840 2007,1762 1997,1761 1968,1784 1940,1776 1919,1756 1904,1759 1882,1747 1833,1766 1815,1753 1805,1758 1787,1751"/>
                <Baseline points="1794,1807 1822,1804 1850,1804 1879,1805 1907,1808 1936,1811 1964,1815 1993,1817"/>
                <TextEquiv>
                    <Unicode>vom </Unicode>
                </TextEquiv>
            </TextLine>
            <TextLine id="r1l28" custom="readingOrder {index:27;}">
                <Coords points="2465,1842 2496,1833 2535,1841 2541,1835 2551,1845 2580,1835 2617,1845 2630,1837 2644,1845 2661,1837 2692,1841 2692,1789 2656,1785 2594,1744 2493,1738 2479,1753 2465,1753"/>
                <Baseline points="2475,1814 2500,1813 2526,1812 2552,1811 2578,1811 2603,1810 2629,1811 2655,1812 2681,1815"/>
                <TextEquiv>
                    <Unicode>Toa#-</Unicode>
                </TextEquiv>
            </TextLine>
            <TextLine id="r1l29" custom="readingOrder {index:28;}">
                <Coords points="606,1836 667,1846 705,1833 729,1848 751,1847 767,1862 798,1852 873,1863 887,1775 864,1775 845,1754 814,1751 772,1715 737,1722 693,1700 654,1721 626,1714"/>
                <Baseline points="618,1821 645,1820 672,1821 700,1825 727,1830 754,1835 782,1842 809,1847 836,1851 864,1853"/>
                <TextEquiv>
                    <Unicode>Tue</Unicode>
                </TextEquiv>
            </TextLine>
            <TextLine id="r1l30" custom="readingOrder {index:29;}">
                <Coords points="2004,1874 2033,1872 2054,1884 2063,1879 2078,1893 2095,1891 2114,1905 2144,1898 2153,1910 2183,1900 2226,1908 2235,1845 2199,1835 2177,1841 2116,1832 2107,1839 2074,1836 2040,1854 2007,1850"/>
                <Baseline points="2016,1863 2041,1870 2066,1875 2091,1879 2117,1882 2142,1885 2167,1888 2192,1891 2218,1894"/>
                <TextEquiv>
                    <Unicode>— 1901</Unicode>
                </TextEquiv>
            </TextLine>
            <TextLine id="r1l31" custom="readingOrder {index:30;}">
                <Coords points="425,2253 1581,2202 1578,2143 1518,2139 1273,2191 873,2156 820,2189 422,2191"/>
                <Baseline points="434,2247 490,2246 547,2244 604,2242 661,2240 718,2238 774,2237 831,2235 888,2232 945,2230 1002,2227 1058,2225 1115,2223 1172,2220 1229,2218 1286,2215 1342,2212 1399,2209 1456,2206 1513,2202 1570,2200"/>
                <TextEquiv>
                    <Unicode>(Frohe und dankbare Gefühle nuch dem Sturm.).] —. Aus</Unicode>
                </TextEquiv>
            </TextLine>
            <TextLine id="r1l32" custom="readingOrder {index:31;}">
                <Coords points="2053,2233 2156,2238 2232,2272 2365,2258 2487,2290 2540,2269 2606,2279 2634,2309 2787,2285 2791,2239 2604,2231 2567,2197 2384,2181 2341,2180 2294,2217 2056,2192"/>
                <Baseline points="2063,2230 2098,2233 2134,2235 2170,2238 2205,2241 2241,2244 2277,2248 2312,2250 2348,2254 2384,2258 2420,2261 2455,2265 2491,2268 2527,2271 2562,2274 2598,2277 2634,2279 2669,2282 2705,2285 2741,2286 2777,2288"/>
                <TextEquiv>
                    <Unicode>Un successo featrale à Berlino</Unicode>
                </TextEquiv>
            </TextLine>
            <TextLine id="r1l33" custom="readingOrder {index:32;}">
                <Coords points="421,2300 1569,2253 1542,2204 419,2247"/>
                <Baseline points="430,2290 486,2288 542,2285 599,2283 655,2281 712,2279 768,2277 824,2275 881,2272 937,2270 994,2267 1050,2265 1106,2262 1163,2260 1219,2257 1276,2255 1332,2252 1388,2249 1445,2247 1501,2244 1558,2241"/>
                <TextEquiv>
                    <Unicode>Berlin wird uns berichtet: Vier Einakter Schyitzlers</Unicode>
                </TextEquiv>
            </TextLine>
            <TextLine id="r1l34" custom="readingOrder {index:33;}">
                <Coords points="421,2325 1565,2299 1567,2239 420,2301"/>
                <Baseline points="432,2333 488,2330 544,2326 601,2323 657,2320 713,2318 770,2315 826,2313 882,2311 939,2309 995,2308 1051,2306 1108,2304 1164,2301 1220,2300 1277,2297 1333,2295 1389,2292 1446,2288 1502,2284 1559,2280"/>
                <TextEquiv>
                    <Unicode>gelangten zur Erstaufführung. Nach dem ersten gab ihnen</Unicode>
                </TextEquiv>
            </TextLine>
            <TextLine id="r1l35" custom="readingOrder {index:34;}">
                <Coords points="2037,2291 2649,2346 2786,2343 2788,2321 2041,2238"/>
                <Baseline points="2047,2284 2083,2286 2120,2289 2156,2292 2193,2295 2229,2297 2266,2299 2302,2302 2339,2305 2375,2308 2412,2310 2448,2313 2485,2315 2521,2319 2558,2321 2594,2324 2631,2327 2667,2330 2704,2333 2740,2336 2777,2339"/>
                <TextEquiv>
                    <Unicode>el telegrafano da Berlino, 5 geun¬</Unicode>
                </TextEquiv>
            </TextLine>
            <TextLine id="r1l36" custom="readingOrder {index:35;}">
                <Coords points="430,2368 1570,2332 1568,2274 429,2337"/>
                <Baseline points="440,2371 496,2368 552,2365 608,2363 664,2360 720,2358 776,2356 832,2354 888,2351 944,2350 1000,2347 1056,2345 1112,2343 1168,2341 1224,2339 1280,2336 1336,2333 1392,2329 1448,2325 1504,2321 1560,2317"/>
                <TextEquiv>
                    <Unicode>der feine, überlegende Poet den Namen „Lebendige Stun¬</Unicode>
                </TextEquiv>
            </TextLine>
            <TextLine id="r1l37" custom="readingOrder {index:36;}">
                <Coords points="2034,2319 2841,2400 2844,2361 2767,2338 2037,2290"/>
                <Baseline points="2045,2324 2084,2326 2123,2327 2163,2329 2202,2331 2242,2334 2281,2337 2320,2340 2360,2343 2399,2347 2439,2350 2478,2353 2517,2357 2557,2361 2596,2364 2636,2368 2675,2371 2714,2374 2754,2378 2793,2380 2833,2382"/>
                <TextEquiv>
                    <Unicode>lersera al Deutsches Theater, T’autore</Unicode>
                </TextEquiv>
            </TextLine>
            <TextLine id="r1l38" custom="readingOrder {index:37;}">
                <Coords points="420,2422 1571,2351 1345,2327 418,2374"/>
                <Baseline points="429,2409 485,2408 542,2406 598,2404 655,2402 712,2400 768,2398 825,2397 881,2394 938,2392 995,2390 1051,2387 1108,2385 1164,2382 1221,2379 1278,2376 1334,2373 1391,2370 1447,2366 1504,2362 1561,2358"/>
                <TextEquiv>
                    <Unicode>[den.“ Sie sind Bilder aus der Herrenwelt des Lebens und!</Unicode>
                </TextEquiv>
            </TextLine>
            <TextLine id="r1l39" custom="readingOrder {index:38;}">
                <Coords points="2005,2358 2838,2444 2841,2401 2793,2384 2007,2331"/>
                <Baseline points="2015,2360 2055,2362 2096,2364 2136,2365 2177,2368 2218,2371 2258,2373 2299,2377 2340,2380 2380,2384 2421,2387 2462,2391 2502,2394 2543,2398 2584,2402 2624,2406 2665,2410 2706,2414 2746,2418 2787,2422 2828,2425"/>
                <TextEquiv>
                    <Unicode>ienmese Arturo Schnitzler ottenne un</Unicode>
                </TextEquiv>
            </TextLine>
            <TextLine id="r1l40" custom="readingOrder {index:39;}">
                <Coords points="434,2453 1563,2406 1561,2365 1475,2364 432,2412"/>
                <Baseline points="445,2448 500,2446 555,2443 611,2441 666,2439 721,2437 777,2435 832,2433 887,2431 943,2428 998,2427 1053,2424 1109,2422 1164,2420 1219,2418 1275,2415 1330,2413 1385,2410 1441,2406 1496,2403 1552,2400"/>
                <TextEquiv>
                    <Unicode>seiner Tragikomik. Die vier Einakter sind gleicher Kunst¬</Unicode>
                </TextEquiv>
            </TextLine>
            <TextLine id="r1l41" custom="readingOrder {index:40;}">
                <Coords points="1994,2409 2584,2436 2825,2476 2829,2424 1999,2355"/>
                <Baseline points="2005,2400 2045,2401 2086,2403 2126,2405 2167,2408 2208,2411 2248,2413 2289,2416 2329,2420 2370,2423 2411,2426 2451,2430 2492,2434 2532,2437 2573,2441 2614,2444 2654,2447 2695,2451 2735,2454 2776,2456 2817,2458"/>
                <TextEquiv>
                    <Unicode>grande successo con quattro atti di va¬</Unicode>
                </TextEquiv>
            </TextLine>
            <TextLine id="r1l42" custom="readingOrder {index:41;}">
                <Coords points="427,2505 1458,2431 1495,2457 1564,2446 1563,2404 426,2464"/>
                <Baseline points="437,2489 492,2485 548,2482 604,2479 660,2477 716,2475 772,2473 827,2471 883,2469 939,2467 995,2465 1051,2463 1107,2462 1163,2459 1218,2457 1274,2455 1330,2451 1386,2448 1442,2445 1498,2441 1554,2437"/>
                <TextEquiv>
                    <Unicode>und Lebensanschauung voll und wirken wie die vier Akte</Unicode>
                </TextEquiv>
            </TextLine>
            <TextLine id="r1l43" custom="readingOrder {index:42;}">
                <Coords points="1996,2436 2573,2496 2685,2484 2768,2512 2833,2502 2835,2476 1998,2405"/>
                <Baseline points="2006,2435 2046,2438 2087,2441 2128,2443 2169,2446 2210,2450 2251,2453 2291,2456 2332,2459 2373,2463 2414,2466 2455,2470 2496,2473 2537,2477 2577,2480 2618,2484 2659,2486 2700,2489 2741,2492 2782,2495 2823,2497"/>
                <TextEquiv>
                    <Unicode>rio ergomento riuniti sotto l’unico titolo</Unicode>
                </TextEquiv>
            </TextLine>
            <TextLine id="r1l44" custom="readingOrder {index:43;}">
                <Coords points="1993,2484 2093,2477 2142,2493 2360,2503 2362,2468 2323,2470 2297,2456 1996,2443"/>
                <Baseline points="2004,2473 2030,2476 2057,2478 2083,2480 2110,2482 2137,2484 2163,2485 2190,2487 2216,2487 2243,2488 2270,2490 2296,2492 2323,2493 2350,2495"/>
                <TextEquiv>
                    <Unicode>d1: Ore di pita.</Unicode>
                </TextEquiv>
            </TextLine>
            <TextLine id="r1l45" custom="readingOrder {index:44;}">
                <Coords points="429,2531 1524,2509 1579,2488 1577,2444 427,2490"/>
                <Baseline points="439,2524 495,2522 552,2520 608,2518 665,2516 721,2514 778,2512 834,2510 891,2508 947,2505 1004,2503 1060,2500 1117,2498 1173,2496 1230,2493 1286,2490 1343,2487 1399,2484 1456,2481 1512,2478 1569,2474"/>
                <TextEquiv>
                    <Unicode>einer großen Tragikomödie. Unter den Aufführenden raßten</Unicode>
                </TextEquiv>
            </TextLine>
            <TextLine id="r1l46" custom="readingOrder {index:45;}">
                <Coords points="2019,2517 2822,2572 2789,2532 2655,2529 2610,2492 2515,2518 2022,2480"/>
                <Baseline points="2029,2513 2068,2516 2107,2519 2146,2521 2185,2524 2224,2527 2263,2530 2302,2533 2341,2536 2380,2539 2420,2542 2459,2546 2498,2548 2537,2552 2576,2554 2615,2557 2654,2559 2693,2562 2732,2564 2771,2567 2811,2569"/>
                <TextEquiv>
                    <Unicode>Questo lavoro che ha per tesi princi¬</Unicode>
                </TextEquiv>
            </TextLine>
            <TextLine id="r1l47" custom="readingOrder {index:46;}">
                <Coords points="443,2582 1165,2560 1337,2518 1336,2497 1166,2496 441,2529"/>
                <Baseline points="452,2564 495,2562 539,2560 583,2559 627,2557 670,2556 714,2554 758,2553 802,2551 845,2550 889,2548 933,2546 977,2544 1020,2543 1064,2541 1108,2538 1152,2535 1195,2533 1239,2531 1283,2528 1327,2525"/>
                <TextEquiv>
                    <Unicode>Frl. Triesch und Herr Bassermann hervor</Unicode>
                </TextEquiv>
            </TextLine>
            <TextLine id="r1l48" custom="readingOrder {index:47;}">
                <Coords points="1291,2595 1355,2586 1379,2567 1408,2583 1435,2571 1458,2591 1478,2572 1534,2576 1546,2563 1590,2569 1589,2542 1502,2516 1471,2490 1434,2519 1407,2515 1380,2495 1348,2520 1290,2533"/>
                <Baseline points="1301,2567 1326,2565 1351,2565 1376,2564 1402,2564 1427,2565 1452,2565 1477,2565 1503,2565 1528,2563 1553,2562 1579,2560"/>
                <TextEquiv>
                    <Unicode> 0</Unicode>
                </TextEquiv>
            </TextLine>
            <TextLine id="r1l49" custom="readingOrder {index:48;}">
                <Coords points="1985,2556 2750,2614 2810,2608 2812,2576 1988,2506"/>
                <Baseline points="1996,2552 2036,2554 2076,2555 2116,2556 2156,2559 2196,2561 2236,2565 2277,2567 2317,2571 2357,2574 2397,2577 2437,2581 2477,2584 2517,2588 2558,2591 2598,2595 2638,2598 2678,2601 2718,2604 2758,2606 2799,2608"/>
                <TextEquiv>
                    <Unicode>pale la descrizione delle ultime ore ve¬</Unicode>
                </TextEquiv>
            </TextLine>
            <TextLine id="r1l50" custom="readingOrder {index:49;}">
                <Coords points="520,2600 532,2600 541,2608 565,2601 584,2605 588,2600 605,2606 615,2600 637,2601 637,2581 610,2579 602,2571 594,2578 585,2574 573,2578 565,2570 540,2583 519,2581"/>
                <Baseline points="530,2598 562,2596 595,2595 628,2596"/>
                <TextEquiv>
                    <Unicode>—10u</Unicode>
                </TextEquiv>
            </TextLine>
            <TextLine id="r1l51" custom="readingOrder {index:50;}">
                <Coords points="1469,2615 1482,2613 1483,2610 1504,2607 1498,2569 1487,2570 1486,2573 1480,2574 1475,2572 1463,2574"/>
                <Baseline points="1478,2603 1492,2601"/>
                <TextEquiv>
                    <Unicode>2</Unicode>
                </TextEquiv>
            </TextLine>
            <TextLine id="r1l52" custom="readingOrder {index:51;}">
                <Coords points="2833,2616 2901,2615 2918,2622 2930,2613 2943,2613 2941,2570 2912,2569 2897,2559 2878,2554 2852,2578 2832,2577"/>
                <Baseline points="2843,2613 2872,2609 2901,2610 2931,2607"/>
                <TextEquiv>
                    <Unicode>15.—</Unicode>
                </TextEquiv>
            </TextLine>
            <TextLine id="r1l53" custom="readingOrder {index:52;}">
                <Coords points="1983,2573 2032,2598 2800,2654 2803,2609 2734,2595 2516,2608 2393,2570 1985,2550"/>
                <Baseline points="1993,2584 2032,2587 2072,2589 2112,2592 2152,2595 2192,2599 2232,2603 2271,2607 2311,2610 2351,2614 2391,2618 2431,2622 2471,2626 2511,2629 2550,2632 2590,2636 2630,2638 2670,2641 2710,2643 2750,2644 2790,2645"/>
                <TextEquiv>
                    <Unicode>ramente vitali dell’uomo, specialmente</Unicode>
                </TextEquiv>
            </TextLine>
            <TextLine id="r1l54" custom="readingOrder {index:53;}">
                <Coords points="3000,2622 3019,2626 3036,2642 3054,2633 3116,2632 3131,2640 3141,2631 3170,2637 3194,2630 3193,2593 3162,2587 3154,2596 3146,2588 3104,2581 3092,2569 3074,2586 3049,2576 3036,2584 3022,2572 2999,2573"/>
                <Baseline points="3011,2629 3039,2628 3068,2627 3097,2626 3125,2625 3154,2625 3183,2625"/>
                <TextEquiv>
                    <Unicode>inclusive</Unicode>
                </TextEquiv>
            </TextLine>
            <TextLine id="r1l55" custom="readingOrder {index:54;}">
                <Coords points="516,2633 535,2634 546,2644 581,2641 585,2645 591,2640 605,2642 617,2629 624,2635 632,2635 633,2601 616,2600 606,2607 589,2601 583,2605 577,2602 548,2605 542,2599 538,2603 515,2606"/>
                <Baseline points="527,2637 559,2635 591,2633 624,2634"/>
                <TextEquiv>
                    <Unicode>200</Unicode>
                </TextEquiv>
            </TextLine>
            <TextLine id="r1l56" custom="readingOrder {index:55;}">
                <Coords points="1806,2618 1988,2610 2790,2698 2807,2648 2035,2594 1891,2557 1808,2585"/>
                <Baseline points="1816,2610 1864,2611 1913,2613 1962,2616 2011,2620 2060,2623 2109,2627 2157,2631 2206,2636 2255,2641 2304,2646 2353,2650 2402,2655 2451,2660 2499,2664 2548,2668 2597,2672 2646,2675 2695,2678 2744,2680 2793,2682"/>
                <TextEquiv>
                    <Unicode>Für 50 Hlell’artista creatore, fu applauditissimo</Unicode>
                </TextEquiv>
            </TextLine>
            <TextLine id="r1l57" custom="readingOrder {index:56;}">
                <Coords points="2836,2662 2849,2661 2859,2655 2878,2659 2884,2654 2905,2662 2946,2655 2945,2628 2926,2628 2914,2618 2912,2621 2901,2615 2860,2620 2852,2612 2848,2616 2835,2616"/>
                <Baseline points="2846,2652 2876,2650 2906,2649 2936,2650"/>
                <TextEquiv>
                    <Unicode>28 —</Unicode>
                </TextEquiv>
            </TextLine>
            <TextLine id="r1l58" custom="readingOrder {index:57;}">
                <Coords points="3020,2668 3038,2666 3057,2677 3076,2670 3090,2675 3104,2668 3141,2677 3156,2673 3168,2679 3183,2677 3183,2636 3171,2634 3154,2642 3135,2636 3123,2640 3111,2631 3084,2637 3051,2633 3034,2641 3020,2637"/>
                <Baseline points="3031,2664 3059,2666 3087,2666 3115,2665 3143,2665 3172,2667"/>
                <TextEquiv>
                    <Unicode>Porto.</Unicode>
                </TextEquiv>
            </TextLine>
            <TextLine id="r1l59" custom="readingOrder {index:58;}">
                <Coords points="529,2673 539,2673 548,2681 560,2681 568,2676 583,2684 593,2680 610,2683 616,2689 626,2689 625,2635 610,2636 604,2642 590,2639 586,2643 569,2639 559,2644 547,2644 540,2638 528,2640"/>
                <Baseline points="539,2675 564,2673 589,2672 615,2673"/>
                <TextEquiv>
                    <Unicode>500</Unicode>
                </TextEquiv>
            </TextLine>
            <TextLine id="r1l60" custom="readingOrder {index:59;}">
                <Coords points="2837,2693 2854,2691 2867,2697 2883,2691 2902,2694 2908,2700 2918,2691 2937,2698 2967,2679 2977,2678 2973,2629 2963,2630 2946,2649 2935,2650 2928,2659 2910,2665 2897,2655 2882,2654 2876,2659 2859,2656 2835,2662"/>
                <Baseline points="2847,2689 2877,2687 2907,2682 2937,2680 2967,2683"/>
                <TextEquiv>
                    <Unicode>50.—</Unicode>
                </TextEquiv>
            </TextLine>
            <TextLine id="r1l61" custom="readingOrder {index:60;}">
                <Coords points="1907,2659 2622,2724 2661,2706 2805,2747 2809,2696 2768,2684 1912,2608"/>
                <Baseline points="1918,2651 1961,2655 2005,2659 2049,2663 2093,2666 2137,2670 2181,2674 2225,2678 2269,2682 2313,2686 2357,2690 2400,2694 2444,2698 2488,2701 2532,2705 2576,2708 2620,2711 2664,2715 2708,2718 2752,2721 2796,2723"/>
                <TextEquiv>
                    <Unicode>10 tuta la Sera, meno Fultimo ate, gindt.</Unicode>
                </TextEquiv>
            </TextLine>
            <TextLine id="r1l62" custom="readingOrder {index:61;}">
                <Coords points="3007,2708 3019,2705 3050,2717 3079,2708 3096,2714 3133,2709 3153,2713 3174,2702 3190,2708 3190,2677 3145,2678 3109,2669 3089,2675 3076,2669 3056,2676 3039,2666 3006,2660"/>
                <Baseline points="3018,2708 3045,2706 3072,2705 3099,2705 3126,2705 3153,2704 3180,2704"/>
                <TextEquiv>
                    <Unicode>Zahlbar</Unicode>
                </TextEquiv>
            </TextLine>
            <TextLine id="r1l63" custom="readingOrder {index:62;}">
                <Coords points="1415,2743 1454,2732 1473,2743 1487,2733 1500,2743 1516,2735 1531,2747 1553,2737 1573,2748 1610,2726 1648,2736 1666,2720 1686,2738 1708,2732 1703,2666 1652,2674 1598,2638 1556,2660 1474,2647 1410,2671"/>
                <Baseline points="1424,2726 1451,2723 1478,2721 1505,2719 1532,2718 1559,2716 1586,2715 1613,2713 1640,2711 1667,2707 1695,2703"/>
                <TextEquiv>
                    <Unicode>n 20.— in</Unicode>
                </TextEquiv>
            </TextLine>
            <TextLine id="r1l64" custom="readingOrder {index:63;}">
                <Coords points="472,2733 497,2735 514,2744 553,2733 561,2739 573,2726 586,2736 612,2727 623,2737 633,2736 631,2679 619,2677 611,2684 551,2681 517,2654 505,2654 489,2667 470,2663"/>
                <Baseline points="482,2720 510,2718 538,2716 566,2715 594,2715 622,2716"/>
                <TextEquiv>
                    <Unicode>„ 1000</Unicode>
                </TextEquiv>
            </TextLine>
            <TextLine id="r1l65" custom="readingOrder {index:64;}">
                <Coords points="2819,2750 2829,2749 2843,2736 2884,2732 2901,2737 2913,2728 2932,2744 2951,2736 2971,2737 2969,2684 2958,2684 2936,2698 2915,2687 2903,2698 2880,2691 2868,2695 2836,2674 2832,2679 2815,2675"/>
                <Baseline points="2829,2730 2855,2728 2881,2726 2908,2725 2934,2723 2961,2724"/>
                <TextEquiv>
                    <Unicode>110.—</Unicode>
                </TextEquiv>
            </TextLine>
            <TextLine id="r1l66" custom="readingOrder {index:65;}">
                <Coords points="1897,2737 1909,2737 1914,2733 1920,2740 1928,2736 1961,2736 1994,2741 1995,2704 1964,2699 1960,2695 1956,2699 1923,2698 1912,2706 1908,2702 1898,2702"/>
                <Baseline points="1908,2727 1933,2727 1958,2727 1984,2729"/>
                <TextEquiv>
                    <Unicode>500</Unicode>
                </TextEquiv>
            </TextLine>
            <TextLine id="r1l67" custom="readingOrder {index:66;}">
                <Coords points="1893,2699 2881,2793 3011,2752 3219,2779 3223,2704 2824,2742 1895,2654"/>
                <Baseline points="1903,2692 1968,2695 2033,2697 2099,2701 2164,2706 2229,2712 2295,2718 2360,2725 2425,2730 2491,2737 2556,2743 2621,2749 2687,2754 2752,2757 2817,2760 2883,2761 2948,2761 3013,2759 3079,2754 3144,2748 3210,2739"/>
                <TextEquiv>
                    <Unicode>200 cato generalmente il pid debole di tutti. 200.—] im Voraur.</Unicode>
                </TextEquiv>
            </TextLine>
            <TextLine id="r1l68" custom="readingOrder {index:67;}">
                <Coords points="1850,2798 1864,2793 1897,2798 1936,2790 1951,2795 1984,2793 1992,2801 2009,2794 2005,2732 1985,2740 1919,2739 1913,2733 1847,2753"/>
                <Baseline points="1858,2776 1886,2773 1914,2771 1942,2769 1970,2768 1998,2770"/>
                <TextEquiv>
                    <Unicode>„ 1000</Unicode>
                </TextEquiv>
            </TextLine>
            <TextLine id="r1l69" custom="readingOrder {index:68;}">
                <Coords points="523,2765 1601,2800 1686,2786 1686,2718 1560,2754 523,2741"/>
                <Baseline points="533,2771 590,2772 647,2774 704,2775 761,2776 818,2777 875,2778 933,2779 990,2780 1047,2780 1104,2781 1161,2781 1218,2781 1275,2781 1333,2781 1390,2781 1447,2781 1504,2781 1561,2780 1618,2780 1676,2779"/>
                <TextEquiv>
                    <Unicode>Im Gegensatze zu anderen Bureaux für Zeitungsausschnitté</Unicode>
                </TextEquiv>
            </TextLine>
            <TextLine id="r1l70" custom="readingOrder {index:69;}">
                <Coords points="404,2810 1639,2833 1673,2786 404,2763"/>
                <Baseline points="415,2813 477,2813 539,2813 602,2814 664,2814 727,2815 789,2815 851,2816 914,2817 976,2817 1039,2818 1101,2819 1163,2820 1226,2820 1288,2821 1351,2821 1413,2821 1475,2821 1538,2821 1600,2821 1663,2821"/>
                <TextEquiv>
                    <Unicode>Abonnement durch keine bestimmte Zeitdauer begrenzt; — auch steh</Unicode>
                </TextEquiv>
            </TextLine>
            <TextLine id="r1l71" custom="readingOrder {index:70;}">
                <Coords points="1907,2835 3097,2842 3245,2825 3245,2777 2870,2804 2292,2754 2185,2800 2003,2764 1906,2798"/>
                <Baseline points="1916,2829 1981,2829 2047,2830 2113,2830 2179,2830 2245,2830 2311,2831 2377,2831 2443,2831 2509,2831 2575,2830 2640,2830 2706,2830 2772,2829 2838,2828 2904,2827 2970,2826 3036,2825 3102,2823 3168,2821 3234,2820"/>
                <TextEquiv>
                    <Unicode>Im Gegensatze zu anderen Bureaux für Leitungsausschnitte ist das</Unicode>
                </TextEquiv>
            </TextLine>
            <TextLine id="r1l72" custom="readingOrder {index:71;}">
                <Coords points="404,2855 1679,2891 1679,2829 1611,2823 405,2820"/>
                <Baseline points="414,2851 476,2852 539,2853 602,2854 664,2854 727,2855 790,2856 852,2857 915,2858 978,2858 1041,2859 1103,2859 1166,2860 1229,2860 1291,2860 1354,2860 1417,2860 1479,2860 1542,2860 1605,2860 1668,2859"/>
                <TextEquiv>
                    <Unicode>Abonnenten Trei die aufgegebenen Themen zu ergänzen oder zu änderm</Unicode>
                </TextEquiv>
            </TextLine>
            <TextLine id="r1l73" custom="readingOrder {index:72;}">
                <Coords points="1797,2881 3099,2884 3249,2861 3249,2824 1797,2832"/>
                <Baseline points="1808,2871 1879,2870 1951,2868 2022,2867 2094,2867 2165,2867 2237,2866 2308,2867 2380,2867 2451,2867 2523,2867 2595,2868 2666,2868 2738,2868 2809,2868 2881,2868 2952,2867 3024,2866 3095,2865 3167,2864 3239,2861"/>
                <TextEquiv>
                    <Unicode>Abonnement durch keine bestimmte Zeitdauer begrenzt; — auch steht es den</Unicode>
                </TextEquiv>
            </TextLine>
            <TextLine id="r1l74" custom="readingOrder {index:73;}">
                <Coords points="1792,2931 3087,2931 3087,2871 1792,2885"/>
                <Baseline points="1803,2906 1866,2907 1930,2907 1993,2908 2057,2909 2121,2909 2184,2909 2248,2909 2312,2910 2375,2910 2439,2910 2503,2909 2566,2909 2630,2909 2694,2908 2757,2908 2821,2907 2885,2907 2948,2906 3012,2906 3076,2905"/>
                <TextEquiv>
                    <Unicode>Abonnenten frei die aufgegebenen Themen zu ergänzen oder zu ändern.</Unicode>
                </TextEquiv>
            </TextLine>
            <TextLine id="r1l75" custom="readingOrder {index:74;}">
                <Coords points="523,2945 1682,2954 1682,2890 995,2908 833,2876 661,2909 523,2879"/>
                <Baseline points="534,2937 590,2939 647,2941 704,2942 761,2943 818,2945 875,2946 931,2946 988,2947 1045,2948 1102,2948 1159,2949 1216,2949 1273,2949 1329,2950 1386,2950 1443,2950 1500,2950 1557,2950 1614,2950 1671,2950"/>
                <TextEquiv>
                    <Unicode>Der „OBSERVER“ veranstaltet täglich einen Auszug entha</Unicode>
                </TextEquiv>
            </TextLine>
            <TextLine id="r1l76" custom="readingOrder {index:75;}">
                <Coords points="406,2977 1686,3010 1687,2956 406,2951"/>
                <Baseline points="417,2980 480,2980 543,2981 606,2982 669,2982 732,2983 795,2984 858,2985 921,2985 984,2986 1047,2987 1110,2987 1173,2988 1236,2988 1299,2988 1362,2989 1425,2989 1488,2989 1551,2989 1614,2988 1677,2988"/>
                <TextEquiv>
                    <Unicode>Inhaltsangabe aller wichtigen Mittheilungen der Wiener M</Unicode>
                </TextEquiv>
            </TextLine>
            <TextLine id="r1l77" custom="readingOrder {index:76;}">
                <Coords points="1892,2999 3171,3006 3241,3002 3241,2938 1892,2959"/>
                <Baseline points="1903,2993 1969,2994 2035,2995 2102,2995 2168,2996 2235,2996 2301,2997 2367,2997 2434,2997 2500,2998 2567,2998 2633,2997 2699,2997 2766,2997 2832,2996 2899,2995 2965,2995 3031,2993 3098,2992 3164,2991 3231,2989"/>
                <TextEquiv>
                    <Unicode>Der „OBSERVER“ veranstaltet täglich einen Auszug enthaltend die</Unicode>
                </TextEquiv>
            </TextLine>
            <TextLine id="r1l78" custom="readingOrder {index:77;}">
                <Coords points="419,3025 1678,3037 1678,2998 1581,2989 420,2988"/>
                <Baseline points="429,3016 494,3017 559,3019 624,3020 689,3021 755,3023 820,3024 885,3025 950,3026 1015,3027 1081,3027 1146,3028 1211,3028 1276,3028 1341,3028 1407,3028 1472,3027 1537,3027 1602,3025 1668,3024"/>
                <TextEquiv>
                    <Unicode>blätter (Tagesjournale ausser „Neue Freie Presse“ und „Wiener</Unicode>
                </TextEquiv>
            </TextLine>
            <TextLine id="r1l79" custom="readingOrder {index:78;}">
                <Coords points="1787,3040 3233,3039 3232,3000 3150,2992 1787,2999"/>
                <Baseline points="1798,3036 1869,3037 1940,3037 2011,3037 2082,3037 2154,3037 2225,3037 2296,3037 2367,3037 2438,3037 2510,3036 2581,3036 2652,3036 2723,3036 2794,3035 2866,3035 2937,3034 3008,3033 3079,3033 3150,3032 3222,3031"/>
                <TextEquiv>
                    <Unicode>Inhaltsangabe aller wichtigen Mittheilungen der Wiener Morgen¬</Unicode>
                </TextEquiv>
            </TextLine>
            <TextLine id="r1l80" custom="readingOrder {index:79;}">
                <Coords points="418,3059 1653,3075 1683,3038 418,3028"/>
                <Baseline points="428,3055 490,3056 552,3057 614,3059 676,3060 739,3061 801,3062 863,3063 925,3065 987,3066 1050,3067 1112,3068 1174,3068 1236,3069 1298,3069 1361,3069 1423,3069 1485,3069 1547,3068 1609,3067 1672,3066"/>
                <TextEquiv>
                    <Unicode>wodurch eine Uebersicht über das gesammte politische und wirthschaftlig</Unicode>
                </TextEquiv>
            </TextLine>
            <TextLine id="r1l81" custom="readingOrder {index:80;}">
                <Coords points="1794,3087 2918,3060 3234,3096 3221,3026 1794,3044"/>
                <Baseline points="1805,3073 1879,3073 1954,3073 2029,3074 2103,3074 2178,3075 2253,3076 2327,3076 2402,3077 2477,3078 2551,3078 2626,3078 2701,3078 2775,3077 2850,3076 2925,3075 2999,3073 3074,3070 3149,3067 3224,3063"/>
                <TextEquiv>
                    <Unicode>blätter (Tagesjournale ausser „Neue Freie Presse“ und Wiener Zeitung“)</Unicode>
                </TextEquiv>
            </TextLine>
            <TextLine id="r1l82" custom="readingOrder {index:81;}">
                <Coords points="416,3092 1688,3143 1688,3067 416,3066"/>
                <Baseline points="426,3091 488,3094 551,3096 613,3097 676,3099 739,3101 801,3102 864,3103 926,3104 989,3104 1052,3105 1114,3105 1177,3106 1239,3106 1302,3106 1365,3106 1427,3107 1490,3107 1552,3107 1615,3107 1678,3108"/>
                <TextEquiv>
                    <Unicode>des In- und Auslandes in drastischer Kürze geboten wird. Diese Mitt</Unicode>
                </TextEquiv>
            </TextLine>
            <TextLine id="r1l83" custom="readingOrder {index:82;}">
                <Coords points="1790,3115 3201,3122 3232,3075 1790,3084"/>
                <Baseline points="1801,3113 1872,3113 1943,3114 2014,3114 2085,3115 2156,3115 2227,3116 2298,3116 2369,3116 2440,3116 2511,3116 2582,3116 2653,3116 2724,3116 2795,3115 2866,3114 2937,3113 3008,3111 3079,3110 3150,3108 3221,3105"/>
                <TextEquiv>
                    <Unicode>wodurch eine Uebersicht über das gesammte politische und wirthschaftliche Leben</Unicode>
                </TextEquiv>
            </TextLine>
            <TextLine id="r1l84" custom="readingOrder {index:83;}">
                <Coords points="420,3161 1202,3161 1219,3114 421,3097"/>
                <Baseline points="431,3135 469,3136 508,3136 547,3136 586,3137 625,3138 663,3138 702,3139 741,3139 780,3140 819,3141 857,3141 896,3142 935,3142 974,3142 1013,3143 1051,3143 1090,3143 1129,3143 1168,3143 1207,3142"/>
                <TextEquiv>
                    <Unicode>werden in Wien um 9 Uhr Früh verschickt.</Unicode>
                </TextEquiv>
            </TextLine>
            <TextLine id="r1l85" custom="readingOrder {index:84;}">
                <Coords points="1797,3161 3051,3185 3240,3161 3240,3118 1797,3120"/>
                <Baseline points="1807,3153 1878,3154 1949,3154 2020,3155 2091,3155 2163,3155 2234,3156 2305,3156 2376,3156 2447,3155 2519,3155 2590,3155 2661,3154 2732,3154 2803,3153 2875,3152 2946,3152 3017,3151 3088,3150 3159,3149 3231,3147"/>
                <TextEquiv>
                    <Unicode>des In- und Auslandes in drastischer Kürze geboten wird. Diese Mittheilungen</Unicode>
                </TextEquiv>
            </TextLine>
            <TextLine id="r1l86" custom="readingOrder {index:85;}">
                <Coords points="1790,3211 2530,3212 2602,3197 2602,3170 1789,3164"/>
                <Baseline points="1800,3196 1839,3195 1879,3194 1918,3194 1958,3193 1998,3193 2037,3193 2077,3193 2116,3193 2156,3193 2196,3193 2235,3193 2275,3193 2314,3193 2354,3193 2394,3193 2433,3193 2473,3193 2512,3193 2552,3192 2592,3192"/>
                <TextEquiv>
                    <Unicode>werden in Wien um 9 Uhr Früh verschickt.</Unicode>
                </TextEquiv>
            </TextLine>
            <TextLine id="r1l87" custom="readingOrder {index:86;}">
                <Coords points="720,3247 947,3233 1060,3257 1153,3235 1198,3263 1555,3271 1555,3203 1528,3195 1048,3202 994,3179 840,3202 720,3173"/>
                <Baseline points="730,3223 770,3227 811,3231 852,3233 892,3235 933,3236 974,3237 1014,3238 1055,3238 1096,3238 1137,3237 1177,3237 1218,3236 1259,3235 1299,3234 1340,3233 1381,3232 1421,3231 1462,3230 1503,3229 1544,3229"/>
                <TextEquiv>
                    <Unicode>Prospecte gratis und franco.</Unicode>
                </TextEquiv>
            </TextLine>
            <TextLine id="r1l88" custom="readingOrder {index:87;}">
                <Coords points="2088,3287 2936,3304 2935,3238 2906,3226 2851,3251 2689,3209 2615,3245 2087,3240"/>
                <Baseline points="2099,3282 2140,3283 2181,3284 2222,3284 2264,3285 2305,3285 2346,3285 2388,3285 2429,3284 2470,3284 2512,3283 2553,3283 2594,3282 2635,3282 2677,3281 2718,3281 2759,3280 2801,3280 2842,3279 2883,3279 2925,3280"/>
                <TextEquiv>
                    <Unicode>Prospecte gratis und franco.</Unicode>
                </TextEquiv>
            </TextLine>
            <TextEquiv>
                <Unicode>e
box 21/2
16. 1. Lebendige Stunden Zyklus
Telefon 12801.
Teiefon 12801.
Alex. Weigl's Unternehmen für Zeitungs-Aussch
Alex. Weigl's Unternehmen für Zeitungs-Ausschnitte
Ausschnitt
Ausschnitt
„ObSERVEN Nr.
00
Nr. 67
„OBSERVER“
I. österr. behördl. esne. Bureau für Zeitungsberichte u. Personalng
I. österr. behördl. conc. Bureau für Zeitungsberichte u. Personalnachrichten
Wien, IX Türkenstrasse 17,
Wien, IX, Türkenstrasse 17.
 Filiale in Budapest: „Figyelö“
— Filiale in Budapest: „Figyelö“ —
Vertretungen in Berlin, Chicago, Genf, London, Newyork, Paris, Rom, 
Vertretungen in Berlin, Chicago, Geuf, London, Newyork, Paris, Rom, Stockholm.
Ausschnitt aus:
Ausschnitt aus: H##rnade 4%
geue Badische Landag. Toitumg
vom
Maenbeim.
vom 
Toa#-
Tue
— 1901
(Frohe und dankbare Gefühle nuch dem Sturm.).] —. Aus
Un successo featrale à Berlino
Berlin wird uns berichtet: Vier Einakter Schyitzlers
gelangten zur Erstaufführung. Nach dem ersten gab ihnen
el telegrafano da Berlino, 5 geun¬
der feine, überlegende Poet den Namen „Lebendige Stun¬
lersera al Deutsches Theater, T’autore
[den.“ Sie sind Bilder aus der Herrenwelt des Lebens und!
ienmese Arturo Schnitzler ottenne un
seiner Tragikomik. Die vier Einakter sind gleicher Kunst¬
grande successo con quattro atti di va¬
und Lebensanschauung voll und wirken wie die vier Akte
rio ergomento riuniti sotto l’unico titolo
d1: Ore di pita.
einer großen Tragikomödie. Unter den Aufführenden raßten
Questo lavoro che ha per tesi princi¬
Frl. Triesch und Herr Bassermann hervor
 0
pale la descrizione delle ultime ore ve¬
—10u
2
15.—
ramente vitali dell’uomo, specialmente
inclusive
200
Für 50 Hlell’artista creatore, fu applauditissimo
28 —
Porto.
500
50.—
10 tuta la Sera, meno Fultimo ate, gindt.
Zahlbar
n 20.— in
„ 1000
110.—
500
200 cato generalmente il pid debole di tutti. 200.—] im Voraur.
„ 1000
Im Gegensatze zu anderen Bureaux für Zeitungsausschnitté
Abonnement durch keine bestimmte Zeitdauer begrenzt; — auch steh
Im Gegensatze zu anderen Bureaux für Leitungsausschnitte ist das
Abonnenten Trei die aufgegebenen Themen zu ergänzen oder zu änderm
Abonnement durch keine bestimmte Zeitdauer begrenzt; — auch steht es den
Abonnenten frei die aufgegebenen Themen zu ergänzen oder zu ändern.
Der „OBSERVER“ veranstaltet täglich einen Auszug entha
Inhaltsangabe aller wichtigen Mittheilungen der Wiener M
Der „OBSERVER“ veranstaltet täglich einen Auszug enthaltend die
blätter (Tagesjournale ausser „Neue Freie Presse“ und „Wiener
Inhaltsangabe aller wichtigen Mittheilungen der Wiener Morgen¬
wodurch eine Uebersicht über das gesammte politische und wirthschaftlig
blätter (Tagesjournale ausser „Neue Freie Presse“ und Wiener Zeitung“)
des In- und Auslandes in drastischer Kürze geboten wird. Diese Mitt
wodurch eine Uebersicht über das gesammte politische und wirthschaftliche Leben
werden in Wien um 9 Uhr Früh verschickt.
des In- und Auslandes in drastischer Kürze geboten wird. Diese Mittheilungen
werden in Wien um 9 Uhr Früh verschickt.
Prospecte gratis und franco.
Prospecte gratis und franco.</Unicode>
            </TextEquiv>
        </TextRegion>
    </Page>
</PcGts>
