3436 4384
232 1681 270 1733 1t.
351 88 2014 212 16.1. Lebendige Stunden - Zyklus
2168 106 2613 199 box 21/2
318 820 623 918 ETRANGER
1353 851 1648 941 ETRANGER
2429 863 2556 960 207 —
208 912 655 1009 ntre tres bon connais¬
1343 960 2660 1069 Réveillée de son réve par Léonhard, impatient, elle lui accorde le
205 987 674 1059 eut-être, comme c’est
1298 1033 2089 1086 rendez-vous demandé depuis longtemps.
209 1041 662 1105 mière piece ait simple¬
1324 1069 2638 1147 Zes Derniers Masques me paraissent la meilleure des quatre pièces.
223 1088 674 1158 me semble avoir vonlu
1295 1113 2646 1193 Un pauvre poéte attend, à Thöpital, la mort qui ne peut tarder à venir.
203 1140 660 1205 inlien entre les quatre
1284 1172 2641 1227 Fatigué, usé par toutes les miscres que la vie a réservées à l’homme
205 1187 665 1254 nort, le présent qui tue
1288 1227 2652 1291 comme à l’artiste, il ne connait plus qu'un seul sentiment: la haine à
247 1232 642 1294 qui survivent doivent
1291 1253 2650 1322 l’égard d’un rival plus heureux, un ancien ami qui, en rampant la ou
224 1286 663 1361 ittre le combat qufest
1293 1307 2636 1381 lui voulait planer, a atteint tous les honneurs, toutes les gloires refu¬
1291 1388 2643 1436 sées à ses propres efforts, II ne croit pouvoir mourir tranquille sans
249 1371 649 1446 ie deuil d’une femme
1281 1423 2634 1479 avoir craché à la face de cet homme, important et nul, tout le mépris
245 1433 645 1498 e amant? et unique
1285 1455 2635 1539 et toute la rancune que l’injustice de la vie, a ramassées en lui. II a, du
237 1482 647 1546 une longue et dou¬
1279 1523 2648 1572 reste, un moyen sür pour le renverser de son piédestal: la femme du
237 1532 651 1598 üre l’envie de vivre,
1277 1560 2639 1639 célebre homme, dégoütée par la pose ridicule de son mari qu’elle
281 1579 649 1645 me, la mort est un
1275 1627 2629 1688 connait mienx que les autres, l'a trompé avec un homme modeste,
318 1630 641 1691 ssé les dernières
1274 1669 2636 1735 celui-la meme que nous voyons sur le grabat. C’est ceque le mourant
277 1679 636 1745 malgré toutes ses
1282 1706 2629 1775 veut jeter à la ligure du grand homme dans une scène finale, préparée
278 1725 633 1791 st choqué de cet
1279 1759 2622 1819 et dégustée depuis longtemps. II & répéte, cette scène, dans le véri¬
263 1779 633 1837 mère s’est donné la
1270 1804 2635 1902 table sens du mot, avec un comédien, mourant comme Jui, mais qui,
455 1828 621 1889 ela vuc
1280 1858 2631 1913 ignorant l’état de ses peumons, étudie et imite sans reläche, les ma¬
442 1885 479 1927 e
496 1882 601 1949 jue le
1266 1913 2627 1965 lades, les docteurs, les visiteurs de Thöpital dans l’espoir d’en profiter
288 1922 343 1984 ilIe
478 1934 622 1987 a pre¬
1276 1954 2630 2030 un jour pour son art. Et le moment si ardemment désiré arrive: le
280 1975 323 2043 70
344 1973 601 2044 me de la jen¬
1276 2011 2629 2074 grand homme vient dire adieu à son ancien camarade. Iei, il est sans
323 2023 619 2088 n’était, le vienx
1271 2062 2616 2109 pose et il est, au fond, si fatigué, si accablé sous le poids de sa gran¬
438 2070 622 2139 cest son
1270 2101 2637 2198 deur difficile à soutenir, que l’autre comprend, finit par avoir pitié, il
342 2118 403 2167 C
408 2117 619 2185 s douleurs
1264 2148 1863 2205 meurt sans avoir soufflé mot.
294 2163 610 2244 eau bien-étre de
1305 2186 2628 2264 Apres tant de scènes tristes, noires, l'auteur ne veut pas congédier
1269 2247 2626 2307 le spectateur sans l’avoir fait rire de ce rire franc et cordial qui vous
361 2256 611 2333 ce du passé.
1257 2305 2623 2374 guérit, corps et äme. La piece intitulée Litterature déride les fronts
341 2314 615 2389 lepuis peu de
1261 2337 1631 2406 les plus sévères.
365 2367 619 2431 e dans une
1302 2403 2619 2469 Elle et Lui, liés d’amitié tres intime pendant leur temps de bohème,
373 2419 611 2478 ux maitres:
1268 2438 2623 2514 se sont rangés, elle, en épousant un sportsman, riche et idiot, Jui, en
460 2469 618 2532 18 pres¬
1258 2500 2626 2545 s’établissant écrivain sérieux. Voila que tous les deux ont la méme
502 2527 601 2582 onge
1264 2534 2624 2625 idée: publier leur correspondance de jeunesse, pleine d’une éloquence
1264 2605 2611 2668 amoureuse dont ils ne sont plus capables pour en attifer un roman
534 2618 604 2679 elle
1274 2634 2614 2714 qu'ils préparent. Le fait qu’ils trafiquent des sentiments sacrés de la
520 2672 604 2729 Om-
1259 2690 2611 2763 jeunesse prouve bien que pour tous les deux, & cela a été de la littéra¬
517 2716 615 2774 son
1260 2749 2612 2811 ture s, mais cela ferait bonne figure dans leur ouvrage. Seulement, ce
292 2761 341 2815 Om
533 2767 619 2824 lui
1261 2785 2612 2867 sont les mémes lettres:qui en aura le profit? Le combat d'astuce et de
463 2815 614 2878 nard à
1251 2825 2615 2887 finesse, engagé entre les anciens amants qui, tous les deux, vondraient
521 2859 605 2919 poi¬
1264 2892 2616 2966 cueillir des lauriers littéraires sans se compromettre par leur passé, fait
511 2916 614 2968 esse
1265 2929 2553 3005 la péripétie de cette petite pièce spirituelle et des plus choquantes.
247 2951 399 3015 e fixer
409 2959 463 3017 ett
502 2957 615 3018 pose
1296 2982 2602 3059 A côté de Schnitzler, Sudermann a été l’auteur le plus souvent joué
260 3000 610 3080 du tableau qu'un
1247 3018 2605 3103 pendant la saison lcor-1ooz. IIle doit à son nom plutôt qu’à son der¬
1249 3083 2607 3156 nier ouvrage: Fire la Vie! Je l'ai dit plus d’une fois à l’occasion de
516 3092 627 3172 est
1260 3130 2614 3208 L'Honneur, dont on a voulu faire un chef-d’cruvre, que Sudermann est
1244 3177 2620 3259 un habile imitateur des Dumas et des Augier pour T’art scénique, qu'il
