3484 4320
2073 299 2574 390 box 21/4
299 291 1958 376 16.1. Lebendige Stunden zuklus
2944 1457 3134 1547 Hest 11
668 1468 783 1543 672
1691 1448 2120 1546 „Wiener Mode“ XVI
1998 1554 3120 1618 Außerordentlicher: Spielt zuerst in einer Vildergalerie,
776 1565 1898 1646 Außerordentlicher: Es gibt überhaupt nichts Unwahr¬
1898 1614 3114 1667 wird dann in die Zeit der Renaissance traum= und visionhaft zurück¬
673 1609 1179 1681 scheinliches, Allergnädigste.
1900 1645 3122 1703 projiziert. Ein Maler malt das Weib, das ihn betrog, die Mörderin
789 1632 1859 1719 Kommerzialrätin: Wieder ein geistreiches Paradoxon.
1895 1672 3132 1745 ihres Geliebten. Sie ist das Modell, das er sucht, das er braucht „Der
783 1704 1781 1763 Hofrätin: O, es kann eine solche Mutter schon geben.
2242 1734 3129 1792 Künsler formt seinen Schmerz. Er ist das
790 1734 1570 1795 Außerordentlicher: Man kennt der¬
2240 1762 2839 1829 Material seiner Gestaltungskraft.
682 1763 1358 1841 gleichen Opfer. Nur helfen sie nichts.
2354 1808 3005 1874 Lizzie: Das versteh' ich nicht ganz.
790 1796 1567 1866 Geheimrat: Aufreißen schmerzlicher,
2352 1847 2806 1900 Hofrätin: Zum Glück.
685 1849 1561 1910 halbvernarbter Wunden, grausames Wühlen im
2343 1862 3111 1942 Kommerzialrätin: Schnitzler wollte,
682 1892 1558 1944 Unabwendbaren, Unwiederbringlichen, ewig Ver¬
2251 1919 3121 1975 irr' ich nicht ein wenig auf Hugo v. Hofmannsthals
689 1921 1568 1976 lorenen Gewissens= und Reuequalen. Bleibt nur
2257 1966 3115 2032 blumigen Spuren und von Blütenduft um¬
690 1975 1560 2018 die Frage offen: Ist der junge Mann und sein
2260 1999 2803 2060 rauschten Pfaden lustwandeln.
683 2005 1564 2074 Quasi=Talent, wir wissen ja nichts Sicheres darüber,
2352 2023 3124 2087 Geheimrat: Aber es ist ihm doch nicht
2251 2077 3116 2149 ganz geglückt. Eine disparate, zwiespältige Sache.
983 3109 1258 3175 Adele Sandrock.
1782 3129 2051 3199 Leopold Kramer.
813 3135 1383 3216 Photographie aus dem Atelier „Adele“
2586 3159 2864 3242 Julius Brandt.
1553 3169 2285 3260 Photographie aus dem Atelier Dr. Székely, Wien.
922 3186 1333 3258 u. k. Hof=Photograph, Wien.
1910 3224 3125 3302 Es klappt nicht. Erkünstelt und erklügelt. Wieder einmal zu fein und
700 3248 1911 3326 das Opfer auch wert? Kann er jemals es wert sein? Ich stelle
1919 3287 3142 3349 zu tief. Das Theater verlangt sein Geradeaus und dreist aufs Ziel zu.
703 3302 1917 3348 mich ganz auf den Standpunkt des verknöcherten, alten Beamten im
2017 3326 3130 3386 Kommerzialrätin: Schließlich geht sie doch in die Laube....
696 3334 1922 3395 Stücke, der die bürgerliche Vernunft, die Tugend, die man fürs Haus
2006 3367 2497 3429 Lizzie: In eine Laube?
697 3377 1911 3444 braucht, die allgemein menschlichen Grundsätze ironisch verkniffen ver¬
2013 3389 3137 3457 Hofrätin (abweisend): Stück drei: „Die letzten Masken“. Allge¬
698 3419 1484 3484 tritt und mit halben Redensarten verteidigt.
804 3433 3145 3502 Lizzie: Und „Die Frau mit dem Dolch“? Nummer zwei. meines Krankenhaus, Extrazimmerl, kahle, getünchte Wände. Sterben
1091 3531 1201 3602 Aneisis
2643 3548 3141 3630 pezialist in Strick¬
840 3585 1211 3657 bewährteste
1934 3570 2400 3663 Kinder gedei¬
2576 3558 2635 3671 s
2658 3613 3138 3690 und Wirkwaren
697 3643 2429 3718 Nahrunn für ne4 222 henvorzüglich da¬
2339 3662 3147 3752 L1 für jedes Alter und in jeder Grösse.
