3436 4384
1017 150 2111 188 Rache an dem Lebenden nehmen und ihm ins Gesicht
1017 188 2112 234 schleudern, daß sein — des Dichters — Leben ein
1014 230 2114 290 Scheinleben, ein erbärmliches, niederträchtiges Leben ge¬
996 277 2114 323 wesen ist. Aber die Kraft fehlt dem Kranken, das alles
1000 320 2104 362 zu sagen. Das Recht der Lebenden ist stärker als das
996 363 2117 419 Recht der Sterbenden, und in dieser Erkenntnis bricht
997 408 2105 457 der Arme in die Worte aus: „Was hab ich mit ihm
994 455 2106 501 zu schaffen? Was geht mich sein Glück, was gehn mich
998 496 2108 536 seine Sorgen an? Was hat unsereiner mit den
1002 541 2105 600 Leuten zu schaffen, die morgen noch auf der Welt sein
1009 586 2101 624 werden?“ Der letzte Einakter (Litteratur) varüert das
1012 630 2111 685 Thema satirisch. Auch hier wird die Vergangenheit einer
1013 660 2108 727 Frau durch ihre eigene Klugheit überwunden und den
1006 720 2106 760 „Lebendigen Stunden“, d. h. dem Leben der Gegenwart,
997 768 2098 815 das größere Recht zugesprochen, aber das alles tritt doch
997 798 2099 841 zurück hinter der scharfen Satire, die Schnitzler auf ge¬
1009 848 2104 892 wisse litterarische Kreise anwendet. Er will den Sno¬
1000 880 2111 944 bismus in unserer Litteratur, das litterarische Raub¬
994 934 2104 983 rittertum treffen, das seine nächste Umgebung ausbeutet
987 981 2101 1032 und die intimsten Dinge, die so ein elender Strauchdieb
993 1026 2107 1074 einmal erlebt hat, schamlos der Oeffentlichkeit preisgiebt.
1004 1067 2103 1117 Das ist dem Verfasser vortrefflich gelungen, und dieser
993 1111 2112 1178 Einakter wird auch überall, wo er zur Aufführung
995 1154 1696 1213 kommt, den stärksten Erfolg haben.
1041 1190 2107 1247 Die kurze Skizzierung der vier Stücke läßt zur Ge¬
989 1246 2107 1308 nüge die Schwierigkeiten erkennen, die ihrer Wiedergabe
988 1288 2103 1326 entgegenstehen. Schon an sich sind Einakter die
1005 1331 2104 1388 Schmerzenskinder der Bühnenleiter. „Das Publikum
1000 1382 2102 1421 wird nicht warm dabei“, meint man, weil es, soeben
992 1414 2104 1479 erst mit einer Situation vertraut, gleich darauf in eine
1001 1477 2103 1524 neue gezogen wird, die von der vorangegangenen oft
989 1512 2103 1571 gänzlich abweicht. Darum ist es vor allem nötig, daß
988 1553 2093 1604 die Regie ihre ganze Kunst auswendet, um die Situ¬
991 1599 2096 1642 ation mit einem Schlage verständlich zu machen, daß
989 1645 2100 1698 die Darsteller gewissermaßen eine konzentrierte Kunst
992 1689 2099 1743 bieten, die sich nur an das Wesentliche hält und alles
986 1734 2100 1770 Unwesentliche als retardierendes Moment ausscheidet.
988 1784 2094 1829 Aber auch szenisch stellt eine Aufführung von vier Ein¬
993 1819 2099 1876 aktern, die in ihrem Milieu so grundverschieden sind wie
989 1860 2090 1914 die Schnitzlerschen, die höchsten Ansprüche. Jeder ein¬
994 1899 2091 1954 zelne muß in seiner Szenerie genau die vom Dichter ge¬
987 1947 2099 2005 gebene Grundstimmung widerspiegeln, damit der Zu¬
987 2002 2098 2049 schauer auch dadurch in seiner Illusion bestärkt wird.
1001 2034 2094 2088 Am Donnerstag Abend wurde fast nach allen Richtungen
993 2081 2090 2140 hin Vortreffliches geboten, und Herr Löwenfeld
990 2117 2105 2164 der die Reaie zu besorgen hatte, darf mit ehrlichem Stolz¬
986 2169 2103 2230 auf seine Arbeit zurückblicken. Der erste Einakter spielte
986 2213 2107 2262 sich in einem lauschigen Wiener Vorstadtgarten ab, durch
988 2251 2092 2315 dessen grüne Baumwipfel die freundliche Fassade eines
993 2290 2104 2346 Landhauses blickte. Herr Baron gab den pensionierten¬
993 2345 2092 2386 Beamten Hausdorfer im Stil eines müden, mit dem
992 2383 2106 2442 Leben ziemlich fertigen Mannes und wußte namentlich
986 2416 2099 2484 durch seinen verhaltenen Groll, den er der Jugend ent¬
996 2482 2104 2529 gegenbrachte, zu fesseln. Nicht minder gut war Herr
991 2500 2105 2556 Teuber als junger Schriftsteller Erlieh der Gestalt trotz
986 2550 2098 2603 ihrer Jugend einen schönen männlichen Ernst, der seinen
989 2596 2099 2660 Entschluß, dem Leben seine ganze Kraft zu widmen,
985 2655 2099 2711 glaubwürdig machte. Die Bildergallerie im zweiten Ein¬
987 2688 2102 2750 akter hätte einige bessere Bilder vertragen, dagegen war
984 2731 2092 2797 die Idee, die Vision der jungen Frau auf einer Hinter¬
992 2774 2096 2835 bühne darzustellen, originell und wirksam. Das Orgel¬
988 2818 2102 2888 Ispiel während der Zwischenverwandlung sollte in Zukunft
995 2864 2094 2927 fortbleiben; empfehlenswert wäre dafür ein sanftes
991 2905 2102 2955 Glockenläuten, was um so angebrachter ist, als die Mit¬
980 2955 2099 3015 tagsstunde, in der der Vorgang sich abspielt, an vielen
992 2995 2105 3061 Orten durch Glockenläuten angezeigt wird. Um die Auf¬
989 3036 2087 3090 führung machten sich die Herren Böhm (Leonhard) und
991 3088 2094 3130 Grunwald (Remigio), sowie Frl. Riemer (Pau¬
995 3118 2102 3191 line) verdient. Der dritte Einakter gewährte einen Blick
1004 3169 2083 3228 in das Krankenzimmer eines Wiener Hospitals. Herr
999 3208 2085 3256 Baron gab den sterbenden Journalisten mit bewunder¬
998 3262 2083 3314 ungswerter Charakteristik, Herr Teuber stattete den
996 3305 2084 3356 phthisischen Schauspieler, der noch am Rande des Grabes
1005 3347 2078 3396 seinen Humor sprühen läßt, mit einer Reihe fein beobachteter
999 3396 2089 3436 Züge aus, Herr Herzfeld spielte den glückgesegneten
999 3436 2085 3506 Weihgast in seiner ganzen lächerlichen Hohlheit, und auch
994 3469 2087 3543 die übrigen Mitwirkenden fügten sich dem Ensemble vor¬
990 3522 2089 3570 trefflich ein. Im letzten Einakter überraschte Frl. Ra¬
994 3570 2083 3633 damsky (Margarete) durch ihr temperamentvolles und
987 3602 2080 3679 doch stets vornehmes Spiel auf das angenehmste; Herr
993 3656 2079 3725 Böhm gab einen vornehmen Edelmann und Herr Grun¬
988 3704 2075 3763 wald einen fadenscheinigen Schriftsteller aus der Münchener
988 3737 2079 3807 Bohème. Das Publikum, unter dem sich der Kronprinz,
986 3779 2081 3837 sowie zahlreiche Professoren und Damen und Herren
973 3829 2084 3898 der besten Bonner Gesellschaft befanden, nahm die
971 3867 2074 3935 litterarische Neuheit mit großem Interesse auf. Die
979 3918 2081 3987 Direktion aber darf den Abend mit roter Farbe in
968 3966 1581 4037 ihren Spielkalender eintragen.
1563 4004 2012 4101 T S
