3436 4320
2143 204 2599 302 box 21/2
322 199 2043 336 16.1. Lebendige Stunden zyklus
1642 834 1769 927 549
913 931 2507 1052 Stunde geäußert haben: Das ist der Mann, den ich brauche.“ So, sag' ich, ist
901 1013 1610 1093 Baron Richards Rede abgelaufen!
1025 1077 2493 1130 Der Schatten des sozialistischen Verleumders droht noch. Der Staatssekretär
912 1129 2486 1199 glaubt, die einzige Rettung sei, dieses Menschen sofort habhaft zu werden. „Frei¬
901 1194 2493 1263 lich, ob Du ihn findest.“ Sudermann bemerkt hier: „Es klopft“ — und jener
903 1234 2489 1308 Meixner wird gemeldet. Der Sozialist erzählt von einem Pakt zwischen dem
901 1284 2495 1374 Sekretär des Barons und ihm. „Wenn der Mann das nicht ist, wofür ich ihn
909 1331 2490 1428 halte, sagte er, dann wankt mir die Basis von allem, dann haben Sie recht, dann
909 1394 2492 1472 komm ich zu Ihnen herüber. Topp, sagte ich.“ Topp, — sagte er. Der Sozialist
902 1465 2492 1532 giebt hierauf die verhängnisvollen Briefe freiwillig zurück: weil sein Gegner so viel
897 1515 2484 1573 gelitten haben müsse; er entfernt sich mit den Worten: „Leben Sie wohl, Herr
905 1564 2488 1647 Baron.“ Es erscheint Gräfin Beate. Sie äußert, indem sie Baron Richards Stirn
900 1608 2494 1684 streichelt: „Von Tristan und Isolden kenn' ich ein traurig Stück“ und andere
895 1674 2495 1729 Uebelkeiten. In den zurückgegebenen zwei Briefen findet sich zufällig, daß sie vor
898 1736 2484 1797 Jahr und Tag schrieb: wenn der Himmel es gut meine, „dann wird er mich einst
892 1782 2506 1863 sterben lassen, damit Du zwiefach lebest“. Ah! Dieser Wink! Sie beschließt
897 1831 1552 1900 etwas; ihr „Gesicht wird starr“.
1010 1893 2491 1963 Morgen soll Baron Richard noch zu einem Frühstück kommen, das ihr
904 1924 2485 2026 Gatte, Graf Kellinghausen lediglich giebt, um den Verdacht in der Partei zu er¬
902 1985 1396 2077 sticken. Dann aber —.
1010 2212 2480 2318 Dieses Zweck=Essen ist der fünfte Akt. Doppelverschärfungen. Es wird
890 2283 2490 2351 beschlossen, daß Graf Kellinghausen neben dem Räuber seiner Ehre sitzen wird.
892 2351 2480 2421 Sein Kind, Ellen, äußert zu ihm: „Ach, wir sprachen nur von Deinem Platz hier
887 2400 2483 2457 neben Onkel Richard.“ Worauf Graf Kellinghausen: „Neben —.“ Nach diesem
890 2458 2482 2524 Gedankenstrich fügt er zu: „Ja, ja, wird wohl so sein müssen!“ Gräfin Beate
893 2503 2476 2585 übergiebt ihrem Mann einen Brief. „Versprichst Du mir, ihn erst zu öffnen, wenn
894 2575 2480 2644 unsre Gäste fort sind?“ Dann klingelt Gräfin Beate ihrem Diener und sagt
887 2601 1106 2684 wörtlich:
1014 2656 2255 2743 „Ich lasse meine Tochter bitten mir meine Tropfen zu bringen.“
1019 2745 2477 2809 Sudermann bewerkt: die Darstellerin der Beate „dreht die Flasche in der
882 2775 1055 2857 Hand“.
1004 2839 2466 2911 Alle Gäste sind versammelt, — „nur Herr Baron von Völkerlingk fehlt noch.“
884 2892 2478 2952 Bei Sudermann geht nun ein Diner in der Art vor sich, daß die aristokratische
882 2941 2476 3012 Hausfrau allein im Eßzimmer vor dem gedeckten Tisch wartet. Und daß die Ver¬
883 3007 2464 3077 sammelten dann zu ihr hineingelassen werden. Gräfin Beate grüßt die Gäste und
890 3066 2463 3124 entzückt wieder durch einen Ton, der feinfein ist. „Ich hoffe, Sie sind bei Laune,
884 3111 2472 3170 Prinz.“ Der Staatssekretär darf sie zu Tisch führen; „Sie ehren mich über Ver¬
877 3165 2475 3213 dienst, Gräfin.“ Eine inhaltsvolle Gesprächswendung: Staatssekretär: „Was
887 3222 2470 3282 wollen Sie? C’ est la vie!“ Prinz: „Non. C' est la mort.“ Beate (sich jäh
880 3270 1595 3330 umwendend): „Warum, Prinz?“
1009 3309 2471 3401 Endlich erscheint Baron Völkerlingk; der Dichter bemerkt: „Allgemeines
878 3379 2448 3436 Ah.“ Prinz (leise): „Aufpassen!“ Es steht so im Buch: Prinz (leise): „Aufpassen!“
872 3442 2477 3511 Wie eine furchtbare Ironie des Schicksals liegt es in den Worten des Betrogenen,
879 3484 2475 3552 als er zum Räuber seiner Ehre sagt: „Deine Minuten sind rar geworden,
