3436 4320
2065 187 2531 284 box 21/2
1216 199 1335 267 Ind
255 186 2000 282 16.1. Lebendige Sten zvkIus
1097 959 1226 1040 374
1582 953 2020 1055 Theater=Korrespondenz.
1093 1067 2507 1142 der Deine Mutter hier auf dem Lehnstuhl gesessen ist und zu uns geredet
1099 1125 2506 1177 hat, oder auch geschwiegen — aber da ist sie gewesen, — da! und fir hat
1099 1177 2493 1230 gelebt, gelebt!" Darauf erwidert Heinrich, der junge Dichtersmann:
1092 1224 2506 1283 „Lebendige Stunden? Sie leben doch nicht länger als der Letzte, der sich
1090 1287 2502 1356 ihrer erinnert. Es ist nicht der schlechteste Beruf, solchen Stunden Dauer
1093 1335 2513 1398 zu verleihen, über ihre Zeit hinaus“ — durch die Kunst nämlich. Es ist
1086 1388 2510 1475 der Gegensatz des ästhetischen und des praktischen Menschen, der zwischen
1094 1453 2142 1518 Heinrich und Anton Hausdorfer zum Austrag kommt.
1185 1619 2502 1692 „Die Frau mit dem Dolche“ wirbelt allerlei Stimmungen und
1094 1673 2506 1761 Gefühle im Zuschauer aus dem Untergrund der Seele auf, ohne diese Ge¬
1102 1730 2507 1799 fühle wirklich auszulösen und klare Stimmung zu hinterlassen. Man wird
1091 1794 2501 1863 sehr verblüfft und wundert sich, aber schließlich: man weiß nicht, was soll
1079 1834 2506 1903 es bedeuten. Ich vermuthe, daß auch hier wieder der Gegensatz zwischen
1092 1910 2508 1968 dem ästhetischen und praktischen Menschen eine gewisse Rolle spielt. Die
1087 1957 2503 2030 ästhetischen Menschen sind der moderne Dichter und der Maler Remigio.
1089 2009 2498 2067 Der praktische Mensch ist in Leonhard bezugsweise Lionardo verkörpert.
1084 2056 2502 2129 Ihre praktische oder ästhetische Art entäußert sich gegenüber Pauline bezugs¬
1088 2107 2508 2188 weise Paola. Wie aber ist's mit dieser Pauline bestellt? Ist sie Objekt
1093 2168 2511 2236 der Seelenwanderung und wirklich einmal Paola gewesen? Ist die Szene
1083 2227 2497 2288 aus der Renaissance als wirklich geschehener Vorfall objektiv gemeint: Oder
1096 2282 2504 2342 ist Pauline ein hysterisches Ueberweibchen und ist jene Szene nur Paulines
1097 2332 2502 2399 Phantasie? Ist diese Pauline ernst gemeint oder ist sie Satire? Warum
1087 2389 2503 2454 gewährt sie zum Schluß dem Leonhard doch das Stelldichein? Will sie
1086 2440 2497 2494 ihren Dichtergatten durch eine erregende That zu einem neuen Werk
1082 2483 2494 2555 inspiriren, so wie der Maler Remigio nach Paolas Vergehen erst zur Voll¬
1085 2550 2503 2613 endung seines Gemäldes gelangt? Oder ist der Gedanke an die Frau mit
1087 2596 2497 2673 dem Dolche für Pauline nur Vorwand, nur Einkleidung? Daß Schnitzler
1087 2660 2503 2711 alle diese Fragen auregt, ohne eine klare Antwort zu geben, daß er allerlei
1086 2707 2496 2779 Gefühle aufregt, ohne sie auszulösen, daß wir in einem Wust ungeklärter
1085 2756 2499 2827 Stimmungen und Vermuthungen stecken bleiben — das erzeugt schließlich
1095 2816 1442 2889 ein Unlustgefühl.
1163 2948 2484 3029 „Die letzten Masken“ haben zum „Helden“ einen kleinen
1083 3006 2495 3084 Journalisten, der im Spital seine große und reine Seele verhaucht. Diesem
1080 3067 2487 3134 Helden wird noch ein anderer Held gegenübergestellt, ein „berühmter“
1082 3106 2493 3175 Dichter, der erfolggekrönte Dichter der Masse, der Tantiemenheros; Alexander
1081 3170 2501 3237 Weihgast lautet sein unsterblicher Name. Im Aufflackern eines letzten
1083 3226 2495 3280 Willens zum Leben will der arme, sterbende Journalist dem berühmten
1092 3273 2493 3355 Dichter, der vor Jahrzehnten einmal sein „Freund“ war, die Wahrheit ins
1081 3335 2501 3409 Gesicht schleudern. Er läßt also den Freund rufen, der kommt — und
1083 3381 2501 3450 wie kommt er, jeder Zoll ein „Dichter“! — Doch als er nun da ist, der
