3484 4320
1990 197 2462 312 box 21/5
299 203 1993 307 16.1. Lebendige Stunden—Zuklus
1919 1281 2018 1362 68 —
1407 1370 2484 1471 eine papierene Welt günstiger Rezensionen, durch die er
1422 1444 2479 1516 „gemacht" wurde. Aber noch mehr! Er will ihm sagen,
1409 1495 2486 1562 wie lächerlich er gewesen, er, der gefeierte Schriftsteller,
1410 1547 2480 1605 dessen geliebtes Weib die — Geliebte des armen Journa¬
1410 1600 2496 1652 listen gewesen ist, der nun verlassen sterben soll im Spitale.
1412 1653 2479 1718 Ja, das alles will er ihm sagen, — Lächerlichkeit tötet! ..
1413 1696 2439 1768 Und Weihgast kommt, und Rademacher — schweigt ..
1417 1743 2495 1800 Nichts von alledem, was er ihm sagen und in einer, mit
1428 1795 2477 1861 einem kranken Schauspieler wohleinstudierten, hochdra¬
1421 1845 2485 1912 matischen Szene vorhalten wollte, kommt über seine Lippen.
1411 1896 2491 1965 Er stirbt schweigend und jener schmerzvoll=gellende Vor¬
1420 1949 2488 2000 wurf mit ihm. Er stirbt unerlöst, unglücklich, wie er ge¬
1412 1994 2489 2047 lebt. Ja, wenn er ein Schriftsteller, wie Weihgast, gewe¬
1423 2031 2478 2106 sen wäre und aus seinen großen Schmerzen hätte die klei¬
1415 2087 2484 2154 nen Lieder machen können! ... So wird mit ihm ein
1417 2136 2485 2194 großes, gewaltiges Seelendrama, eine ganze pessimistische
1427 2186 2478 2241 Bibliothek zu Grabe getragen, — einer von jenen Hun¬
1423 2237 2477 2290 derten, in denen im Anfang, wenn sie unter die Journa¬
1413 2290 2492 2340 listen gehen, immer ein gutes Stück von einem Konrad
1412 2325 2480 2394 Bolz steckt, bis das Leben einen Schmok oder einen Rade¬
1415 2375 1974 2455 macher aus ihnen macht ...
1509 2435 2476 2498 Den Aktschluß des Abends bildet „Literatur",
1416 2491 2481 2544 eine köstliche Satire auf jenes Durchschnitts=Literatentum,
1408 2530 2498 2599 das in seiner psychischen Leichtlebigkeit, wie schon einmal
1418 2592 2479 2643 gesagt, zu jener bewußten Umwertung greift wie ein an¬
1425 2638 2482 2696 derer zum Glase. „Literatur“ — der Titel ist ein Hohn¬
1409 2696 2489 2741 gelächter über jene „Dichter“, die den Zeisigen gleichen,
1424 2725 2493 2792 weil sie auch nur zur Zeit der Brunst singen, aber auch ein
1415 2776 2486 2848 Hohngelächter über jene geistig Blindgeborenen oder Er¬
1417 2822 2493 2871 blindeten, für die das Literatentum ein nicht „standesge¬
1422 2881 2492 2937 mäßes" Gewerbe ist. Beide Kategorien sind in drei köst¬
1412 2919 2492 2986 lichen Typen auf die Bühne gestellt. Margarete und Gil¬
1411 2976 2495 3030 bert, die beide aus ihrem gemeinsamen Liebesverhältnisse
1414 3009 2500 3083 den unvermeidlichen Roman herausschreiben, in dem sie ihre
1418 3070 2479 3144 gegenseitigen Liebesbriefe der Oeffentlichkeit übergeben, —
1416 3108 2486 3168 wie Wäsche, die auf dem Gartenzann zum Trocknen aufge¬
1422 3174 2494 3229 hängt wird. Und dann dieser — offenbar durch jahrhun¬
1420 3218 2485 3283 dertelang betriebene Inzucht seines Stammbaumes —
1412 3263 2488 3329 degenerierte Baron! Das sind menschliche Wahrheiten, die
1407 3308 2494 3384 unmittelbar aus dem modernen Leben herausgehoben sind.
