3436 4256
2165 170 2617 277 box 21/2
307 185 2018 291 16.1. Lebendige Stunden— Zuklus
844 1664 1031 1842 2
464 1885 1433 2002 Arthur Schnitzlers „Tebendige
1523 1931 2612 2011 auch Berlin den Ehrgeiz gehabt, es zu einer Litteratur
770 1963 1099 2056 Stunden“.
1522 1956 2610 2053 von eigenem Gepräge zu bringen. In jenen Tagen,
1524 2024 2611 2106 als Fontaue heraureifte, Glaßbrenner witzelte und
514 2008 1387 2112 Erstaufführung im Deurschen Theater.
1515 2080 2612 2147 Kalisch Possen schmiedete. Aber das damalige Klein¬
1519 2117 2604 2207 Berlin ist mit der heutigen Weltstadt geistig nur durch
767 2129 1122 2210 Heinrich Hart.
1517 2168 2615 2248 einen schmalen Steg verknüpft. Die da heute für
452 2175 1491 2267 Ns muß ein Genuß für wahrhaft edle Frauen sein,
1504 2215 2614 2300 Berliner Brettl und Ueberbrettl dichten, sind fast
394 2208 1491 2323 □ Arthur Schnitzler leibhaftig vor sich zu sehen.
1514 2265 2604 2342 sämtlich eingewandert, ihr Herz ist noch nicht berlinisch,
392 2271 1487 2367 Das ist doch endlich einmal ein Dichter, der wie ein
1509 2309 2613 2395 es gehört noch der Kindheitsheimat an, und so schaffen
389 2340 1489 2405 Dichter ausschaut. Wie ihn das Mädchenherz erträumt,
1507 2367 2602 2428 sie ostpreußisch, schlesisch, westfälisch, mecklenburgisch, nur
384 2386 1490 2467 ehe die erste Gesellschaftssaison bittere Enttäuschungen
1503 2425 2609 2503 nicht berlinisch. Berlin ist von gestern, Wien hat alte
387 2429 1486 2511 bringt. Ein Dichter, zart, weich und mild vom Scheitel bis
1500 2468 2605 2544 Kultur. Und mit ihr seine eigene Kunst, seine eigene
379 2489 1473 2569 zur Zehe; mild das dunkle Haar, mild die ideale Weihe¬
1506 2500 2598 2577 Dichtung, seinen eigenen Stil. Eine Kette gemein¬
384 2530 1484 2613 locke, die sich weich über die milde Stirn legt, mild
1504 2551 2610 2638 schaftlicher Eigentümlichkeiten zieht sich von Denis
388 2576 1483 2663 der verklärte Blick des Auges, mild der Mund und
1500 2610 2605 2672 und Blumauer bis zu Grillparzer, von Grillparzer
384 2621 1481 2711 mild das Kinn. Und mit dieser Leiblichkeit steht die
1494 2662 2606 2737 bis zu Hofmannsthal und Schnitzler. Vor allem ist
372 2660 1473 2762 Innerlichkeit, steht das Wollen, Können und Schaffen
1496 2704 2601 2779 da die Lust an feiner Sinnlichkeit, an weichen zer¬
379 2722 1468 2816 des Dichters in liebevollem Einklang. Wienerisch
1503 2759 2593 2816 fließenden Formen, ein Zug ins Weibliche, Schwelgende,
381 2779 1480 2850 weich und wienerisch mild in jedem Zuge. Eine echte
1500 2812 2598 2883 Träumerische, leichtes Blut und zart Generv, viel
365 2823 1471 2914 Kunst ohne Frage, aber so ang in ihren Grenzen, so
1501 2855 2594 2936 Rezeptivität und wenig Aktivität. Das Gemütliche
363 2882 1475 2954 menschlich eng, so arm an Blut und Mark, und
1497 2900 2594 2968 tritt stärker hervor als das Geistige, das Intime, Feine,
376 2914 1469 2995 statt dessen mit Theaterei und Litteratei überfüllt.
1515 2948 2583 3020 Stille mehr als das Heroische und Große, das Treib¬
367 2969 1458 3055 Pose ist alles. Das ist die Lösung dieser Kunst.
1503 2996 2589 3073 hausartige mehr als das Wildgewachsene. Und wenn
370 3024 1470 3111 Jedes Werk ist vor dem Spiegel geschrieben. Wie
1506 3048 2594 3134 in den niederen Gründen der Litteratur sich leicht etwas
368 3071 1467 3157 wird es auf Hofrats Fanny wirken? Was werden
1499 3103 2584 3181 Trottelhaftes einmischt, so in den höheren oft ein ge¬
368 3112 1456 3199 die „Anderen“ im Kaffeehaus dazu sagen? So sinnend
1492 3155 2589 3224 wisser Snobismus, eine müde Blasiertheit, die mit ihrer
367 3159 1464 3238 setzt der Dichter sein finis unters Werk. Und die
1495 3199 2586 3277 kränklichen Weise selbstgefällig kokettiert. Arthur
361 3211 1469 3308 Wiener Litteratur ist um ein neues typisches Erzeugnis
1498 3249 2577 3326 Schnitzler ist unter all den weiblich Zarten keineswegs
358 3258 604 3334 bereichert.
1486 3288 2576 3371 der Zarteste. Er hat hier und da Anwandlungen von
1491 3342 2582 3421 Frische und Saftigkeit. Aber auch er würde zum
404 3341 1460 3439 Es giebt eine Wiener Litteratur. Ebenso sicher, wie
1493 3390 2494 3469 Wappentier doch am besten die Molluske wählen.
362 3399 1457 3502 es eine Berliner nicht giebt. Vor Zeiten hat freilich
2674 1945 3378 2013 Schnitzler hat zwei Domänen, die
2630 1999 3373 2064 kultiviert. Liebelei und Sterbelei¬
2638 2041 3380 2107 spielen mit der Liebe oder mit dem
2636 2098 3330 2169 wann auch mit beiden zugleich.
2636 2132 3370 2212 sie liebeln. Stets aber spielen sie
2635 2198 3375 2262 Sie kokettieren mit der Liebe, und w
2627 2239 3377 2309 philosophieren, kotettieren sie ebenso
2624 2285 3373 2353 von dem, was Angelus Silesius in
2634 2341 3370 2403 Mensch werde wesentsich ... lebt in
2635 2385 3375 2469 Dichters Brust. Statt Wesenhaftigk
2635 2429 2997 2484 Leben Litteratur.
2671 2471 3380 2556 Liebelei spielt in dem Einakter=Quart
2694 2535 3373 2591 ich weiß nicht, ob aus Selbstironie
2628 2578 3374 2649 verblendung — mit dem Gesamt
2633 2633 3371 2690 Stunden" begnadet hat, keine sonderl
2624 2681 3288 2745 aber Sterbelei. Und natürlich
2628 2725 3384 2793 den vier Drämchen führt speziell den
2633 2774 3370 2840 Stunden“; spottet seiner selbst und
2672 2824 3376 2899 Charlotte Stieglitz hat sich derein
2629 2880 3375 2926 Herz gestoßen, um ihren Mann aus
2616 2925 3366 2977 zum Schaffen aufzurütteln. Schnitz
2622 2978 3369 3048 einer Wiener Hofrätig, die in ähnli
2626 3025 3352 3087 Sohn Heinrich zu einem Goethe
2616 3067 3370 3135 Flamme des Genius in ihm anzuf
2621 3118 3357 3189 nimmt eine überreichliche Portion
2622 3167 3363 3231 stirbt in der seligen Gewißheit, der
2617 3208 3370 3275 werde den Sohn zu einem Fau
2611 3261 3351 3342 inspirieren. Und in der That, der
2609 3314 3370 3396 spricht, das mütterliche Opfer „vol
2615 3356 3353 3429 rechtfertigen. Ob das liebe Kind
2618 3399 3366 3485 halten wird, wer weiß es. Wir erf
2610 3461 3361 3545 ihm noch von der Mutter irgend ett
