3436 4256
2166 238 2593 320 box 21/2
342 225 1995 346 16.1. Lebendige Stunden zyklus
1466 1600 3384 1690 Lebendige Stunden"*) waren das einzige Mitleiden verkümmerten Fähigkeiten zurückgeben. Noch
642 1582 1158 1713 Feuilleton.
1454 1620 2419 1713 Theaterereignis des Monats. Wir brauchen diesen Rück¬
514 1579 652 1726 4.
2433 1667 3394 1721 ahnt er nicht, daß reine Mutterliebe den Opfertod für
1457 1692 2419 1760 fall nicht als Beginn einer neuen Krise aufzufassen;
2427 1715 3389 1777 ihn gestorben, indem sie freiwillig die Qual des Lebens
575 1714 1323 1795 Berliner Theater= und Kunstbriefe.
1450 1735 2430 1802 doch ist es lehrreich, das Drama einen Augenblick mit
2435 1758 3394 1810 verkürzte. Um ihn zu demütigen, macht ihm der Freund#
654 1769 1242 1851 Von Dr. Max Meyerfeld.
1448 1784 2420 1840 dem Roman zu vergleichen. Auf der Bühne herrscht
2424 1790 3392 1864 seiner Mutter, ein pensionierter Beamter, diese Ent
1456 1823 2421 1879 noch immer die tolle Jagd nach dem Erfolg; alle mög¬
922 1834 1022 1898 Iv.
2417 1841 3385 1900 hüllung. Ihm scheinen die Künstler insgesamt ein hoch¬
1446 1870 2409 1939 lichen Richtungen laufen kreuz und quer durcheinander;
727 1871 1162 1958 Diminutivkunst.
2422 1889 3390 1959 mütig Volk: während die andern Menschen für den
1444 1916 2421 1980 die Hast des Schaffens führt zur Unrast; eine Samm¬
2413 1922 3386 1998 Tod nur Thräuen haben, wird er für sie zum frucht
1092 1926 1413 2002 Mitte Jamar.
1449 1957 2415 2034 lung der Kräfte scheint vorderhand ausgeschlossen. Da¬
2416 1981 3391 2034 baren Moment. Man denke: ein Musiker komponier##
495 1974 1433 2047 Da wären wir also glücklich wieder bei den Ein¬
1446 2009 2414 2066 gegen leuchtet dem Roman zur Zeit eine freundlich
2427 2013 3383 2092 am Sarge seines einzigen Kindes; die Philistermoral
448 2024 1433 2095 aktern angelangt, den mit Recht so beliebten. Suder¬
1450 2055 2404 2118 gleichmäßige Sonne; er hat die Ruhe wiedergewonnen
2423 2062 3386 2137 erblickt darin den Gipfel der Frivolität. Und so wird
454 2071 1425 2146 manu eröffnete mit den „Morituri“ vor fünf Jah¬
1438 2097 2412 2156 und Werke hervorgebracht, denen dies schon äußerlich
2414 2111 3387 2177 hier im ersten Stück, das für die drei folgenden der
448 2121 1435 2181 ren den Reigen. Alsbald folgte Hartleben mit den „Be¬
1435 2123 2415 2202 anzumerken ist an der Zahl der Bände; die Skizze ist
2421 2152 3387 2226 Taufpate war, das Thema angeschlagen: die Künstler
457 2158 1439 2229 freiten“. Fulda und Dreyer ließen nicht lange auf sich
1439 2177 2414 2235 überwunden; der Umfang nötigt zur Vertiefung, wie wir
2411 2196 3384 2269 und der Tod. War es hier noch etwas von des Ge¬
446 2218 1431 2266 warten. Auch Arthur Schnitzler machte die Mode mit.
1442 2224 2405 2276 dies letzthin an Georg v. Omptedas „Cäcilie von Sarryn“.
2410 2236 3380 2304 dankens Blässe angekränkelt, so gewinnt es in „Die
449 2257 1434 2319 Danach hörte die Einakteritts auf. Wir haben nicht
1445 2270 2410 2327 und Thomas Manns „Buddenbrooks“ sahen. Wer
2418 2277 3388 2336 Frau mit dem Dolche“ schon blühendere Gestalt.
448 2305 1428 2358 einmal Ursache, mit ihrem Ergebnis unzufrieden zu sein:
1439 2311 2404 2374 hätte sich vor fünf Jahren getraut, einen Roman von
2409 2316 3390 2404 Der Renaissancemaler Remigio greift in dem Augen¬
450 2347 1420 2394 „Fritzchen“ von Sudermann ist ein technisches Parade¬
1445 2359 2396 2418 mehr als tausend Seiten zu schreiben? Man ist in¬
2404 2363 3384 2444 blick zum Pinsel, da seine ungetreue Frau ihren unbe¬
446 2383 1430 2442 stück, ist es bis auf den heutigen Tag geblieben; und
1437 2408 2396 2468 zwischen auf epischem Gebiet zuversichtlicher geworden,
2405 2423 3388 2482 quemen Liebhaber erdolcht. Angesichts des Mordes
442 2441 1433 2492 „der grüne Kakadu“ von Schnitzler ist sogar mehr:
1432 2450 2400 2514 hat Vertrauen zu sich selbst und dem Publikum gefun¬
2414 2458 3385 2538 denkt er an ein unvollendetes Porträt und malt. Das
442 2465 1424 2539 eine Dichtung. Fast noch mehr denn durch ihren Er¬
1439 2490 2407 2560 den. Das großzügige Drama will jedoch noch immer
2406 2507 3384 2580 ist in einen sehr aparten, lyrischen Nahmen hinein¬
440 2531 1427 2584 trag interessierten diese Einaktercyklen als Symptom der
1438 2530 2401 2612 kein Lebenszeichen von sich geben. Einstweilen müssen
2408 2553 3383 2613 komponiert und führt auf der Brücke der Traumwelt
436 2561 1434 2623 Zeit. Es schien, als ob das Publikum seine Dichter,
1429 2579 2208 2645 wir uns bei der Diminutivkunst bescheiden.
2417 2593 3373 2659 aus der Gegenwart in das Venedig des 16. Jahrhun¬
444 2599 1421 2661 als ob die Dichter ihr Publikum gefunden hätten. Die
1497 2626 2406 2691 „Lebendige Stunden? Sie leben doch nicht länger
2413 2640 3379 2696 derts, aus einer modernen Bildergalerie in Meister Re¬
448 2639 1423 2714 Engbrüstigkeit des einen hatte an der Kurzatmigkeit der
1428 2679 2398 2741 als der letzte, der sich ihrer erinnert. Es ist nicht der
2403 2683 3371 2739 migios Atelier. Fesselte „die Frau mit dem Dolche“
434 2700 1426 2757 anderen Gefallen. Dem Publikum wurde die Anstren¬
1433 2717 2396 2780 schlechteste Beruf, solchen Stunden Dauer zu verleihen,
2409 2717 3382 2794 durch den Reiz der Einkleidung, ohne psychologische
435 2738 1419 2801 gung eines langen Theaterabends in mehrere Abschnitte
1433 2763 2398 2815 über ihre Zeit hinaus“, so spricht ein junger Dichter,
2406 2766 3386 2844 Tiefen zu erschließen, so vereinigt der dritte Einakter
441 2786 1416 2844 zerteilt, und es freute sich der „disjecti membra poctae“;
1431 2803 2401 2861 der eben seine geliebte Mutter verloren. Die Leidende
2401 2813 3369 2880 „Die letzten Masken“ stoffliche und inhaltliche
430 2836 1422 2880 die Dramatiker konnten im engeren Kreis ihre Vorzüge
1435 2845 2396 2897 hat ihn in seiner Schaffenskraft gehemmt; ihr Tod
2403 2860 3376 2931 Vorzüge. Das Thema selbst ist diesmal in eine Epi¬
440 2865 1422 2939 entfalten und ihre Schwächen verbergen. Schließlich galt
1432 2890 2400 2965 kommt ihm als Erlösung, wird ihm seine durch das
2409 2900 3373 2972 sode verlegt. Im allgemeinen Krankenhaus lauscht ein
433 2905 970 2970 die Epidemie als erloschen.
2406 2947 3370 3022 schwindsüchtiger Schauspieler, dem der Tod nur noch
495 2942 1421 3023 Arthur Schnitzler, der sympathische Jung=Wiener,
1538 2957 2397 3072 Erschienen im Verlag von S. Fischer in Berlin.
2398 2995 3375 3064 eine kurze Frist gönnt, einem armen Teufel von Jour¬
428 2984 1716 3085 ist jetzt wieder zum Einaktercyklus zurückgekehrt. Seine] Preis 2 Mark.
2395 3029 3371 3123 naltsten, der in seiner Sterbestunde sein Herz durch eine
414 3322 1420 3422 sures Sig Ns □I Uimnignal Ge —
410 3384 1371 3475 Kuschen ven Ferich, dnmn Intalt vier er bescheden Rirbeitn.
418 3430 1018 3477 richt, finden im Lokal=Anzeiger Aufnahme.
404 3457 1199 3510 Inserate werden nach einheitlichem Arrangement gesetzt.
1017 3512 1071 3546 —
421 3510 541 3584 10
733 3510 832 3588 716
910 3537 1295 3591 Züricher Tinten.
397 3566 1410 3623 mmerwohnung m. Kanzlei= u. Koviertinte, doppelt filtriert,
415 3614 747 3666 gutem Haus, an
748 3613 1412 3672 leicht flüssig, haltbar und billig. Stets
410 3650 1417 3712 je, nächst Universi=steigender Absatz ist der beste
397 3694 1407 3754 ir Garten. Preis Beweis für deren Güte. J. Uhlmann,
442 3729 1104 3799 wende sich anMarktgasse, Zürich.
1296 3736 1407 3805 [26
411 3756 750 3842 Lo., Zürich, Bahn¬
742 3759 1274 3844 4510 Für Kunstfreunde.
642 3813 744 3881 137
744 3800 1399 3878 3 schone Original=Gemälde. Wart¬
395 3846 539 3909 eis,
734 3859 1209 3923 straße 6, Part., Kreis V.
1284 3864 1420 3917 (11
398 3871 747 3943 Parterre: Schönes,
391 3941 742 4006 ardenzimmer. [10
896 3940 1249 4009 Vermischtes.
390 3974 572 4036 Kreis,
744 3992 1389 4058 12c] Schreibmaschinenarbeiten
418 4008 731 4088 : Ein schön n öbl.,
742 4051 1408 4104 in 4 Sprachen. Stenographie. M.
633 4064 746 4137 770
743 4096 1400 4161 Steinmann, Börsenstr. 10.(Lift).Tel. [13
395 4077 653 4163 tr. 47, II:
747 4134 1361 4185 935c Nenovieren, Modernisieren
391 4128 731 4212 Zimmer an bessern
739 4180 1415 4232 von Damen= u. Herren=Kleidern kann
648 4187 746 4238 [13
382 4189 580 4237 #e sofort.
1119 4220 1321 4267 t werden.
