3484 4320
1257 259 1331 324 1
2062 253 2536 358 box 21/4
1823 278 2041 366 1S
266 256 1835 368 16.1. Lebendige Stungen zyk1u
3100 1460 3220 1525 —
889 1515 3214 1580 so weit unsere Zunge klingt, wäre ja am besten und bündigsten! Heine, Devrient, Treßler, Thimig, Lotte Witt u. a.) heraus¬
890 1562 3218 1630 durch eine einzige Aufschrift zu kennzeichnen, die ich unter den bringen kann. Häßliche persönliche Zänkereien gelegentlich
891 1601 3222 1674 Nachlaßpapieren Berthold Auerbachs als Titel zu einem vor= der Einreichung von Schnitzlers „Schleier der Beatrice“ sollten
886 1665 3222 1704 bereiteten, dann aber vermutlich aus Ekel gar nicht geschriebe= kein Grund sein, für das Burgtheater gedachte und gemachte
893 1696 3224 1731 nen Aufsatz fand: „Eine Woche Theater oder: Gesellschaftskomödien nicht auf die geeignetste Bühne zu
894 1718 3216 1796 [Man schämt sich, ein Deutscher zu sein". stellen. Laube hat widerwillig aber endlich doch Hebbels
887 1775 3212 1835 Augenblicklich gäbe das sogar allzu ergiebigen Stoff nicht „Nibelungen“ zur Aufführung bestimmt. Und Schlenther,
891 1818 3227 1873 nur zu einem Artikel, sondern zu einem ganzen Buch. Zuder in der Erledigung der Händel mit dem allzu redefertigen
891 1855 3213 1899 einem Buch, das allerdings durch die von Breitkopf u. Härtel Hofschauspieler Heine ganz richtig ohne persönliche Empfind¬
896 1905 2042 1960 verlegte Statistik unserer Bühnenaufführungen in der Haupt¬
2037 1899 3213 1973 lichkeit nur im Hinblick darauf entschied, was der Zukunft
890 1939 2039 1994 sache erledigt erscheint. Dem Sachverständigen sagen diese
2055 1948 3213 2014 seiner Truppe frommen würde, hätte sich schwerlich besonnen,
895 1978 2050 2034 Ziffern mehr als irgendein Text. In Wien zumal kommen
2053 1992 3217 2037 „Lebendige Stunden“ in lebendige Kassenfreuden umzu¬
896 2029 2042 2081 Shakespeare, Goethe, Schiller, Grillparzer, Hebbel nicht auf
2049 2036 3210 2099 münzen, wenn ihm die Komödie zur Uraufführung vorgelegt
891 2066 2049 2139 gegen die Modewaren, die der Tag bringt und meist dasselbe
2046 2077 3210 2140 worden wäre. Hoffentlich schreibt Schnitzler bald neue, noch
895 2114 2056 2176 Jahr verschlingt. Ich zähle die in München hinlänglich
2040 2107 3222 2166 Lebendigere Stunden für das Burgtheater. Es wäre die
897 2155 3216 2235 bekannten Lebendigen Stunden von Arthur heilsamste Lösung für den Autor und für die Leute des Burg¬
899 2200 3200 2255 [Schnitzler keineswegs zu derartigen völlig nichtigen theaters hohe Zeit, sich mit dem einzigen Jüngeren zu ver¬
891 2216 3209 2304 Eintagserscheinungen. Die beiden Einakter „Die letztentragen, der ein spielbares Wiener Stück zuwege bringen
898 2286 3205 2335 Masken“ und die groteske, wenn auch im Vergleich mit könnte. (Wie uns soeben telegraphisch gemeldet wird, wurde
891 2313 3219 2402 Gottfried Kellers „Mißbrauchten Liebesbriefen“ überderbelder diesjährige Bauernfeld=Preis von 2000 Gulden
897 2372 3213 2452 Parodie „Literatur“ verdienen gewiß den Anteil von Arthur Schnitzler für seine „Lebendige Stunden“ zuerkannt.
897 2410 2055 2475 Zuschauern und Darstellern. Das erste Stück der Reihe
2040 2407 2289 2464 D. Red.)
896 2446 2054 2495 „Lebendige Stunden“ liest sich leidlicher, wirkte aber
885 2486 2058 2554 bei dem vorjährigen Wiener Gastspiel des Deutschen Theaters
889 2537 2071 2596 und bei der gestrigen ersten Aufführung des Zyklus im Deut¬
884 2577 2068 2643 schen Volkstheater im Schauspielhaus als recht bleiernes
894 2618 2058 2677 Viertelstündchen. „Die Frau mit dem Dolch“, in
883 2649 2084 2719 der Darstellung der Brahm=Truppe völlig mißglückt durch
888 2699 2066 2756 ungeschickte Verwendung des Zwischenvorhangs, gefiel gestern,
878 2739 2057 2814 Bbank der Sandrock, besser, bleibt im ganzen aber gleich¬
358 2747 490 2809 O
894 2770 2066 2842 wohl eine nicht gerade besonders genießbare Lesefrucht.
139 2765 895 2856 heater. Eine ganze Reihe von „rätsel¬
907 2825 2074 2890 Immerhin ist es heutzutage schon etwas, unter vier Akten
144 2829 903 2889 kaum gegrüßt verlorenen“ Neuigkeiten
909 2865 2064 2928 einen mit edleren Mitteln unterhaltenden wie „Literatur“
142 2879 907 2928 und Josephstädter Theater, fragwürdige
910 2913 2062 2969 und einen tiefer greifenden wie „Die letzten Masken“ zu
138 2921 906 2986 e und talmi=französische Komödien,
901 2947 2071 3016 bringen. Was zur vollen Wirkung fehlte, war eine bis ins
144 2963 907 3021 khab' ich — hoffentlich mit Ihrer Zu¬
142 2994 2068 3063 sprechen versäumt oder, ehrlicher gesagt, Kleinste untadelige Aufführung, wie sie weder Brahm (trotz
146 3051 2069 3104 sehnliche Zahl ähnlicher Abende in allen einzelner Meisterleistungen, zumal Bassermanns) noch unser
163 3084 2081 3141 s Reiches und außerhalb des Reiches, Volkstheater, sondern einzig und allein das Burgtheater (mit
