3436 4224
490 115 2738 193 Senen ene ene sen 1in i e esi en enen nmneserdoicht sie ihm selbst, und er erlennt seite, dast 9ie
504 168 2743 226 Abonne berschiedenartiger Eindrücke, die noch lange nachwirken, Größe dieser That für ihn die künstlerische Befreiung
760 202 1704 265 in denen sie erst nach einiger Zeit sich völlig
1695 200 2740 259 aus langem Bann, die Erlösung, der Ruf zum
626 234 1081 310 zurechtfinden werden.
1703 249 2739 299 Schaffen ist, und in der Stimmung der Stunde malt
724 263 1693 330 Ein vierblätteriges Kleeblatt haben wir auf dem
1700 287 2656 335 er seine Frau — die Frau mit dem Dolche ..
502 309 1705 387 Inhalts dürren, in diesem Theaterjahre bisher besonders unfrucht¬
1705 307 2733 389 Verwandlung. Wir sind wieder im Galerie=Saale.
496 349 2738 431 blütt paren Boden unseres „Deutschen Theaters“ ge=Wie aus einen Moment der Erstarrung erwachend,
501 384 677 432 wodurch
495 408 2751 474 des in- funden — dabei zeigte es sich wieder einmal, daß vier= verspricht Pauline dem Verführer, dessen Züge eben
509 438 1386 528 werden blätterige Kleeblätter Glück bringen.
1694 441 2750 503 der Erdolchte trug, Abends zu ihm zu kommen. Man
720 458 1703 530 Mit vier Einactern von Arthur Schnitzler
1704 482 2748 559 hat das Gefühl, daß der Traum da zur blutigen
650 518 1694 574 hat das „Deutsche Theater“ gestern einen vierfachen,
1697 531 2243 585 Wirklichkeit werden kann..
645 567 1698 634 der, sagen wir der Sicherheit wegen einen drei¬
1745 555 2751 617 Wie unrecht würde man thun, das kleine Stück für
638 609 1185 669 fachen Erfolg errungen.
1700 583 2739 677 ein dramatisches Bekenntniß des Glaubens an die
714 627 1700 694 Die Zeit der Einacter schien vorbei. Die Theater
1707 648 2741 707 Seelenwanderung, für eine mystisch=spiritistische
649 673 1691 731 hatten ein Vorurtheil gegen die dramatischen Nippes¬
1707 692 2733 747 Tendenz=Dichtung zu halten. Eine Dichtung ist
650 725 1700 776 * Sachen. Sie waren allenfalls einmal einzern zur
1713 732 2733 788 sie eben. Sonst nichts. Stark empfunden, in leuchten¬
641 767 1703 829 Ausfüllung eines Theaterabends gut. „Die Einacter
1709 760 2746 832 den Farben ausgeführt, eine Schöpfung mehr
642 802 1692 857 machen nichts,“ sagten unsere Theater=Geschäftsleute,
1707 802 2746 866 musikalischen Charakters, eine Träumerei, ein
646 850 1690 895 die Einacter sind todt!" Ein anderer Aberglaube
1699 856 2746 908 farbenprangender Einfall Fräulein Triesch war
644 894 1703 962 kam da wieder einmal zu seinem Recht: Todtgesagte
1701 887 2743 949 in Wesen, Ton, in Haltung und Bewegung ganz die
645 930 1021 997 leben sehr lange.
1700 939 2741 1001 Phantasiegestalt des Dichters. An einer fremdartigen,
723 950 1698 1026 Mit einem Einacter=Cyklus führte sich Arthur
1703 980 2737 1030 schwierigen Aufgabe hat sich hier ihr echtes, sicher zu¬
656 1016 1701 1066 Somitzler in die Bühnenliteratur ein, einem Strauß
1702 1016 2738 1075 greifendes Gestaltungstalent erwiesen, ihr nachdichtendes
648 1056 1703 1101 kleiner Dichtungen, die aus einem Gedanken, einer
1713 1058 2749 1111 Empfinden. Herr Richard Hahn war weniger der
659 1094 1710 1154 Stimmung geboren schienen. Mitder „Anatol“=Einacter¬
1698 1095 2731 1151 Leonhard und Lionardo der Dichtung, Herr Otto
648 1132 1704 1202 sammlung, die aus einem skeptischen, kritischen Ent¬
1704 1140 2738 1212 [Sommerstorff gab der Traumgestalt des Malers
1409 1175 1707 1233 der Analyse
652 1176 1251 1241 wicklungszustand erwuchsen
2154 1180 2731 1241 Schön ausgestattet und
1708 1189 2168 1243 charakteristische Züge.
649 1213 1696 1269 moderner Conventionen, gesellschaftlicher Einrichtungen
1700 1219 2733 1275 von Emil Lessing mit nachspürendem Ver¬
656 1261 1700 1308 ihre Aufgabe suchte. In „Paracelsus“ dem „grünen
1710 1264 2738 1318 ständniß inscenirt, fanden die drei kleinen Bilder
662 1287 1704 1351 Kakadu“, in seinem zweiten Einacter=Bouquet, war
1713 1306 2732 1356 einen starken, dem Eindruck entsprechenden Beifall, der
650 1342 1706 1395 Schnitzler schon gestaltender Dichter, und nicht mehr
1702 1347 2735 1419 den Verfasser sehr oft vor den Vorhang rief. Fräu¬
650 1383 1703 1428 suchender, grübelnder, zwischen Selbstbespiegelung und
1709 1383 2748 1458 lein Triesch, der dieser Beifall ebenfalls galt, durfte
654 1422 1707 1482 Spott verlegen einhertaumelnder, zwischen Keckheit
1700 1433 2190 1500 natürlich nicht erscheinen.
653 1456 1706 1516 und Schüchternheit schwankender, innerlich verzagter
1763 1461 2754 1530 Einen feinen und tiefen Gedanken übersetzt das dritte
665 1499 1696 1566 Anfänger. Die Zusammenstellung durch eine Grundidee
1703 1498 2753 1562 der vier kleineren Stücke in Leben. Das in Noth
651 1554 1704 1602 und einen gemeinsamen Titel verbundener kleiner
1704 1553 2743 1601 und Elend verkommende starke Talent empört sich
657 1596 1702 1650 Bühnendichtungen war inzwischen Mode, oder sagen
1704 1595 2743 1648 vor dem Ende gegen die in Glück protzende Hohlheit.
652 1629 1710 1679 wir besser: Ausdruck einer Zeitströmung geworden.
1712 1643 2743 1691 Der Journalist Rademacher liegt im Sterben. Jetzt
662 1667 1709 1730 Wir sahen auch Sudermann, Hartleben mit dieser
1701 1677 2757 1725 lendlich will er dem Flachkopf Weihgast, der einst
663 1706 1650 1774 Strömung in der Fluth des Erfolges schwimmen.
2154 1706 2802 1775 seine ganze Verachtung insb
1700 1716 2169 1774 sein Freund gewesen,
727 1749 1707 1814 Gestern brachte uns Arthur Schnitzler die neuesten
1707 1754 2805 1821 Gesicht schleudern, will ihm sagen, wie seine Frau##
660 1795 1715 1851 Blüthen aus dem üppig wuchernden, an phantastischen
2192 1795 2752 1857 Leere, angewidert, so
1852 1798 2170 1854 von seiner
1719 1804 1848 1857 selbst
1850 1839 2769 1904 des armen Rademacher Geliebte ge¬
653 1842 1856 1896 Künstgewächsen reichen Garten seiner Dichtung. Vonlange
722 1879 1700 1938 er ikeptischen Kritik der Gesellschaft, ihrer
1712 1861 2779 1942 wesen. Er spielt diese Befreiungsscene einem Spital¬
664 1916 1700 1967 Conventionen und Moral=Begriffe ist Schnitzler
1713 1928 2763 1977 genossen auch vor. Da aber endlich Weihgast in aller
668 1960 1710 2016 jetzt zum Siudium und zur Untersuchung der
1717 1955 2762 2013 verlegenen Freundlichkeit, in aller baualen Wohl¬
661 1999 1711 2066 ästhetischen Conventionen, der Kunstanschauungen
1718 1993 2760 2060 meinung vor ihm steht, von seinen armseligen Freuden
651 2036 1289 2108 und Kunstgesetze vorgedrungen.
1712 2053 2746 2098 und Leiden spricht, überkommt den Sterbenden ein
724 2062 1712 2134 Das Leben in der Kunst behandeln die
1711 2078 2755 2136 unendliches, aus tiefer Verachtung fließendes
665 2101 2768 2176 „lebendigen Stunden". Zunächst mehr im Mitleid mit allem Leben. Er verzichtet auf das
660 2173 1710 2220 Stile der Disputation, bald genug aber in poetischen
1710 2179 2772 2234 Strafgericht und stirbt, innerlich befreit, wenn¬
654 2202 1727 2258 Gestaltungen und Wirklichkeits=Darstellungen. Zuerst
1713 2210 2754 2268 auch anders, als er vordem meinte. Ist auch
667 2246 1717 2291 herrscht die These vor, der ein beliebiges illustriren¬
1715 2249 2757 2308 der kranke Schauspieler im Stücke eben nur Theater¬
672 2276 1708 2341 des Lehr=Beispiel zugesellt wird, dann haben wir
1709 2296 2754 2355 behelf, so ist doch im Ganzen einem vornehmen Ge¬
661 2318 1723 2379 umgekehrt. und im Sinne der Bühnenkunst richtiger,
1712 2341 2753 2388 danken vornehmer künstlerischer Ausdruck gegeben.
657 2376 1707 2429 der Wirklichkeit nachgebildetes oder dichterisch gestal¬
1719 2385 2755 2439 Herr Reinhardt wußte die innere Größe des
664 2412 1714 2466 tetes Leben vor uns, aus dem sich ästhetische Lehr¬
1718 2420 2762 2474 Rademacher und die Revolution in seinem Gemüthe
669 2452 1710 2514 sätze, Anschauungen und Meinungen über Kunst wie
1705 2464 2761 2522 trefflich zu veranschaulichen. Die Wichtigthuerei des Flach¬
655 2489 1198 2563 von selbst ergeben sollen.
1722 2505 2758 2561 kopfes Weihgast schilderte Bassermann in Maske
725 2522 1714 2591 Das erste der vier kleinen Stücke, dasjenige, das
656 2547 2765 2644 dem ganzen Cyklus den Namen giebt „Lebendigesund Ton überzeugend. Herr Hanns Fischer, überaus
672 2590 2770 2675 Stunden“, behandelt ein sehr ernstes Problem mit echt als Schauspieler Jackwerth, auch Herr Hofmeister,
1713 2640 2769 2707 Fräulein Müller, das treue Krankenhaus=Milieu,
668 2664 1716 2712 aller Herbheit und Schärfe, aber doch mehr
1724 2673 2232 2744 halfen zum starken Erfolg.
1619 2702 1708 2749 an
1022 2698 1630 2768 Dabei ist das Beispiel,
660 2689 1012 2761 theoretisch.
1764 2695 2766 2767 Ein toller Schwank folgt diesen „letzten Masken“.
664 2731 1723 2812 dem der Fall gezeigt wird, an sich stark
1716 2745 2766 2809 In der kleinen Satire „Literatur“ ist die
668 2776 1715 2832 genug. Heinrich's Mutter, die lange kränkelte,
1719 2790 2758 2857 Münchener Schriftsteller=Bohème ähnlich wie im
661 2827 1719 2872 hat sich selbst den Tod gegeben, weil sie
1723 2842 2748 2897 Roman „Renate Fuchs“, aber mit sieghafterer Laune,
664 2872 1717 2920 merkte, daß ihre Krankheit dem geliebten Sohne
1725 2877 2753 2943 geschildert. Beim verständnißvollen Publikum schlug
676 2905 1721 2957 alle Schaffens=Stimmung raubte. Anton Haus¬
1717 2927 2759 2981 förmlich jedes Wort ein. Der Jubel erreichte
669 2942 2749 3022 dorfer, der Freund der Heimgegangenen, verräth dem seinen Höhepunkt, als Schriftsteller und Schriftstellerin,
674 2987 1712 3042 Sohne diesen Opfertod, der für ihn Geheimniß
1716 3007 2752 3057 die einstmals ihr Dachstubenglück gemeinsam genossen,
667 3034 1714 3097 bleiben sollte und macht damit das Opfer vielleicht
1716 3049 2749 3110 sich mit den Romanen gegenübertreten, die sie beide
933 3066 1733 3131 Spät erst und ohne starke Noth¬
669 3072 884 3134 zwecklos.
674 3087 2749 3169 wendigkeit, ohne tieferes inneres Leben, entwickelt aus dem Erlebniß gestalteten. Da ihr Briefwechsel
1841 3138 2741 3182 beiden Romanen wörtlich abgedruckt ist,
1721 3139 1799 3186 in
667 3156 1720 3206 sich dieser Couflict. Man hat das Gefühl, hier sei
673 3179 2751 3238 der Fall nur künstlich construirt, zum Zwecke der wäre nun ihr Verhältniß enthüllt, wenn ihre Schlauheit!
1723 3226 2753 3281 nicht schließlich doch den guten Baron dupirte, der!
668 3223 1713 3289 Gegenüberstellung nüchtern=praktischer und künstlerisch¬
1716 3248 2750 3307 Margarethe nun heimführt. Dieser Baron mit dey
675 3275 1719 3342 potenzirter Anschauungsweise. Das Problem ist nicht
1730 3289 2758 3347 Verachtung vor der öffentlichen Preisgebung derr
671 3315 1715 3369 neu. Gutzkow hat den Gedanken schon im „Uriel
1726 3336 2754 3385 eigenen Leidenschaften ist im Grunde der sympathischste
671 3363 1715 3408 Acosta“ erörtert — auch für Manasse van der Straaten
1730 3381 2735 3428 Mann in der Gesellschaft, obwohl die Bohême ohne
678 3405 1731 3461 hat die Kunst die Kraft, vom Erdenleid zu befreien,
1725 3419 2737 3488 Gehässigkeit gezeichnet ist. Frl. Triesch traf auch
680 3443 1713 3506 „in Marmor gebannt verstummt der Schmerz" und
1727 3450 2755 3509 hier Wesen und Ton der kecken, schlauen
670 3485 1715 3528 auch dort empört sich die Werkeltagswelt gegen
1722 3497 2758 3561 Boheme=Gestalt vortrefflich, Herr Bassermanu
674 3522 1721 3578 diese Kunstprivilegien. Die Herren Reinhardt und
1719 3541 2750 3588 der den eleganten Sportsmann so glaubhaft machte,
674 3559 1727 3625 Rittner vertraten die zwei verschiedenen Gemüths¬
1728 3582 2753 3634 Herr Rittner, in einer Art Harileben=Maske als!
682 3604 1721 3657 verfassungen, die im gleichen Schmerz sich so ver¬
1726 3630 2743 3696 prächtiger Gilbert, halfen den großen, herzhaften Er¬
679 3646 1718 3690 schieden äußern, mit aller Hingebung. Sie gewannen
1721 3661 2026 3732 folg erstreiten.
700 3687 1722 3739 der lange widerstrebenden Zuhörerschaft zuletzt doch
1778 3691 2755 3758 Von tragischer Beklemmung bis zur tollsten Lustig¬
680 3714 1449 3795 noch Theilnahme und Zustimmung ab.
754 3738 2753 3812 Stärker wirkte vom ersten Augenblick an das keit machte das Publikum alle Stimmungen willig
1722 3791 2756 3837 durch. Das echte „bunte Theater“ war's, aber eins, in
674 3791 1724 3855 phantastische Bühnenspiel „Die Frau mit dem
1722 3827 2764 3900 dem die Farben sich zu einer starken Symphonik
678 3848 1714 3907 Dolche". Wir sind in einer Bilder =Galerie.
2558 3867 2770 3948 J.—.—
1732 3866 1938 3938 mischen.
684 3875 1726 3947 Pauline trifft sich hier mit Leonhard, der sie umwirbt
680 3931 1722 3978 und dem sie, in wankender Treue gegen ihren Gatten,
686 3970 1733 4047 bald sich zuneigt, bald widerstrebt. Sie fühlt!
695 4007 1756 4091 sich seltsam gebankit von einem ten Bilde der „Frau!,
