3392 4256
819 147 1885 201 akter, von denen der erste den Titel trägt der dann vom
811 175 1895 226 Dichter sämmtlichen vier als Obertitel vorgesetzt wurde. Damit
816 219 1886 276 ist natürlich nuch znicht, gesagt, daß dieser Titel auch allen
814 259 1881 320 vieren gemeinsam zukommen, gewissermaßen die Idee andenten
810 295 1889 356 solle, von der„ alle getragen werden, die sie bald in dieser, bald
814 334 1894 391 in jener Gestält beleuchten, vexanschaulichen; ja es ist sogar
810 367 1876 432 schwer, wenn nicht unnlöglich aus den vier Stücken eine solche
817 424 1878 473 gemeinsame Grundidee überhaupt herauszulesen, und so wird
814 456 1881 509 man sich denn wohl mitder Annahme begnügen müssen, daß
804 491 1878 538 Schnitzler bei der gemeinsamen Benennung seiner vier Einakter
812 532 1881 582 verfahren ist, wie häufig die Verfasser eines Novellenbandes,
808 567 1875 623 die auf den Titel ihres Buches den der ersten und zumeist auch
806 607 1876 655 bedeutendsten der darin enthaltenen Erzählungen setzen, nach dem
802 646 1880 699 alten Grundsatze: a potiori lit denominatio. — Freilich ein gewisses
816 688 1887 747 Gemeinsames haben alle diese Einakter, indem sie zeigen, wie der
816 726 1879 776 Künstler, sei er nun Dichter, Maler oder künlerisch schaffender
802 767 1880 824 Tagesschriftsteller, sich mit den eigenen Seelenregungen abfindet,
813 811 1877 869 wie ihm jedes eigene Gesühl, jedes seelische Erlebniß zum Stoffe
816 841 1882 906 künstlerischer Bethätigung wird. Ein großer Mime hat von
806 879 1882 942 sich berichtet, wie er unmittelbar nach dem Tode seiner innig
804 925 1887 981 geliebten Frau, wo sein ganzes Innere von bitterstem Schmerze
810 963 1876 1007 durchwühlt war, sich plötzlich vor dem Spiegel fand, im eigenen
806 1000 1881 1059 Antlitz das Mienenspiel studirend, das Trauer und Schmerz
801 1038 1882 1098 darauf prägten. Sich selber unbewußt hatte er sich auf diesen
802 1080 1878 1136 Beobachtungsposten begeben und als er es wahrnahm, erfüllte
810 1121 1881 1162 es ihn in Anbetracht der begleitenden Umstände mit tiefem
813 1154 1882 1217 Ekel. Und doch hatte ein Etwas in ihm, das stärker
811 1199 1868 1255 als er war, der Künstlerdrang, selbstthätig gewaltet.
872 1239 1876 1293 Wollte Schnitzler, als er Aehnliches in seinen Ein¬
800 1265 1878 1339 aktern verwerthete, über diese Erscheinungen, diesen egoistischen
798 1309 1883 1364 Ausbeutungstrieb der Künstlerseele, dieses Fertigwerden mit
806 1352 1866 1403 Allem, sobald es irgendwie Form erhalten, zu Gericht sitzen?
803 1391 1870 1446 Wie ein Zug von Ironie, hier kräftiger, dort leiser, geht es
808 1431 1872 1490 durch alle vier. Gleich der Dichter, den er uns
796 1464 1857 1524 im ersten Stück, den „Lebendigen Stunden“
806 1511 1866 1559 vorführt, spielt als trauernder Sohn eine nicht grade
795 1551 1869 1603 rühmliche Rolle. Seine Mutter ist von hinnen gegangen,
805 1590 1868 1646 hat selbst Hand an sich gelegt, weil sie merkte, daß sie
794 1618 1871 1688 dem Sohne lästig war, da ihr Stöhnen und Klagen in schwerem
803 1669 1868 1720 körperlichen Leid ihn an der Arbeit hinderte. Als er es er¬
795 1702 1870 1759 fährt, ist sein nächstes Empfinden Zorn gegen den alten Mann
794 1748 1876 1799 und Freund, der es ihm gegen den Willen der Mutter mit¬
799 1789 1868 1841 theilte, und der zweite Gedanke gilt seinem Dichten, vermuthlich
803 1827 1876 1884 der dichterischen Verwerthung des eben erlebten Furchtbaren.
802 1863 1874 1918 Er giebt zu verstehen, daß seine Mutter eigentlich richtig han¬
800 1903 1883 1974 delte, daß ihr Töv der Preis war für die dichterischen
801 1941 1878 2000 Leistungen, die die Welt von ihm jetzt zu erwarten hat. Der
801 1971 1870 2042 alte Mann aber, dem die Gestorbene nahe, vielleicht unerlaubt
799 2016 1867 2075 nahe stand, meint: „Heinrich! Vor einem Monat hat deine
797 2051 1874 2116 Mutter noch gelept, und du kännst so reden? Für dich hat sie
791 2079 1890 2150 sich umgebracht, und du gehst bin und schüttelst es von dir
792 2144 1854 2188 ab? Was ist denn deine gauze Schreiberi und wenn du ###s
794 2167 1813 2217 größte Genie bist, was ist sie denn gegen so eine Stunde,
799 2214 1888 2252 eine lebendige Stunde, in der deine Mutter hier auf dem
789 2251 1865 2307 Lehnstuhl gesessen ist und zu uns geredet hat, oder auch ge¬
801 2287 1878 2347 schwiegen — aber da ist sie gewesen — da! Und sie hat ge¬
787 2320 1029 2371 lebt, gelebt!“
1103 2319 1883 2382 Gewiß, er hat wohl Recht; ob aber der
793 2368 1877 2435 Dichter, wenn er ein wirklicher Dichter ist, nicht auch Recht
796 2400 1664 2461 hat? „Die Schaffenden sind hart,“ sagt Nietzsche.
887 2431 1865 2502 Im zweiten Stücke: „Die Frau mit dem Dolche“
791 2473 1883 2539 treten die Beziehungen zwischen dem Seelenleben der Einzelnen
795 2521 1871 2582 und ihrem künstlerischen Schaffen noch mannigfaltiger zu Tage.
787 2561 1871 2613 Zwar die eigentlich handelnden Personen sind nur mittelbar be¬
795 2600 1879 2658 theiligt. Wir wohnen einem Stelldichein in einer Kunstgallerie
794 2636 1881 2689 bei, das die Frau eines bedeutenden Schriftstellers einem jungen
786 2669 1872 2721 Manne giebt. Der Gatte hat, das hören wir aus der Unter¬
785 2706 1864 2771 haltung, intime Beziehungen seiner Ehe in einem Drama auf
786 2757 1863 2817 die Bretter gebracht und damit nach dem Urtheil des Liebhabers
791 2796 1862 2846 sozusagen an den Pranger gestellt. Die Frau scheint nicht so zu
782 2836 1860 2883 empfinden, denn mit der Neigung zu dem, mit dem sie sich hier
786 2874 1873 2932 getroffen, ist es offenbar aus und der Gatte steht wieder obenan.
777 2908 1863 2961 Und nun begegnet ein Merkwürdiges. Sie befinden sich vor
793 2951 1868 3014 einem Bilde, auf dem eine Frau mit einem Dolche dargestellt
793 2986 1023 3042 ist; Pauline-
1019 2988 1051 3028 —
1053 2994 1857 3048 das ist die Gattin, von der wir sprechen —
787 3027 1863 3084 fühlt unwillkürltch sich zu dem Bilde hingezogen, eine innere Ver¬
788 3073 1867 3130 wandtschaft zu jener, die der Pinsel des alten italienischen Meisters
785 3110 1873 3158 dort festgehalten. Die Szene wandelt sich und Pauline und
787 3151 1858 3200 Leonhard (ihr Aubeter) stehen als Paola und Lionardo vor uns
777 3183 1868 3245 und ein seltsamer Vorgang entwickelt sich. Paola hat dem
778 3228 1866 3273 jungen Lionardo in Abwesenheit ihres Gatten eine Nacht gewährt.
783 3269 1862 3318 Ihr Gatte Remigio ist ein großer Maler, ihr unvollendetes
772 3283 1866 3349 Bild steht auf der Staffelei. Paola empfindet, daß sie sich
776 3344 1856 3397 Lionardo ohne Liebe gab, daß er kein Anrecht auf sie hat und
787 3385 1867 3447 während sie ihm dies erklärt, kommt der Gatte zurück. Erst jetzt
779 3418 1862 3482 fühlt sie, wie schwer sie sich an ihm vergangen, wie hoch er
782 3461 1862 3504 über jenem steht, an den sie sich wegwarf, und als er ins
778 3496 1867 3537 Zimmer tritt, bekennt sie ihre Schuld. Remigio weist Lionardo
772 3541 1856 3601 verächtlich hinaus, dieser ruft verzweifelnd: „Tödte mich!“ und
784 3579 1854 3633 droht damit, daß er sonst Remigios Hahnreischaft in alle Welt
770 3618 1864 3664 hinaus schreien werde. Als er diese Drohung mit einem
771 3663 1860 3718 Schwur bekräftigt, stößt ihm Paola ihren Dolch in den Hals.
767 3692 1864 3755 Mit erhobenem Dolche bleibt sie stehen. Remigio aber greift
771 3732 1851 3780 zu Pinsel und Palette und vollendet in derselben Minute nach
774 3779 1852 3829 dieser Pose sein Bild; die Frau mit dem Dolche! Man denke!
769 3809 1855 3870 Der Mensch, das persönliche, durch Buhlschaft und Mord seines
766 3848 1860 3912 Weibes doppelt heraus geforderte Gefühl tritt völlig zurück vor
770 3891 1862 3952 dem Gestaltungsdrange des Künstlers; das Bild, das seinen
771 3925 1857 3983 Geist beschäftigt, die künstlerische Aufgabe, die in ihm nach
768 3971 1859 4029 Lösung ringt, verdrängen Alles, er malt sofort das Entsetzliche,
916 4008 1856 4065 eben erlebt. — Ein Seenenwechsel führt uns wieder
760 4041 918 4094 in die
924 4046 1851 4107 Bildergalerie; Pauline, wie aus einem Traum
771 4089 1855 4166 erwachend, will gehen; auf eine bittende Bewegung
2626 128 2984 184 Wr
1922 154 2825 203 ritt unabsichtlich auf und wirkt damit um so sicherer.
2026 194 2995 250 Und nun die Aufführung, das Publikum? Es
1914 240 2990 294 gab lebhaften Beifall nach jedem Stück und die Darsteller
1909 276 2994 338 thaten ihr Bestes, wenn man auch mitunter die feste, sichere
1905 315 2984 372 Hand des Herrn Direktors Resemanns vermißte. Ob aber der
1908 350 2997 414 Eindruck auf die Zuschauer ein tieferer war, ob sie mit den
1911 390 2987 453 mancherlei Räthseln, die Schnitzler aufgiebt, fertig wurden, ist
1903 431 2996 487 eine schwer zu beantwortende Frage. Sicher thaten in den
1909 457 2986 537 „Lebendigen Stunden“ Herr Platen als Dichter und
1903 501 2983 573 Herr Gehlen als der alte Hausdorfer das Mögliche, den
1910 546 2985 608 Widerstreit zwischen Durchschnittsmenschen und schaffendem
1903 581 2993 632 Künstler, zwischen Alter und Jugend und ihrer verschiedenen
1910 625 2990 663 Beurtheilung menschlichen Lebens zu verdeutlichen, aber doch
1906 660 2993 722 dürfte Mancher gefragt haben: Wozu? Auch enthüllt sich
1912 698 2978 764 manche psychologische Feinheit, die das Stück birgt, nicht auf
1907 738 2201 790 den ersten Blick.
2234 741 2979 805 Noch räthselvoller giebt sich die „Dame
1910 782 2992 841 mit dem Dolche: Sieht man's an sich vorüberziehen,
1910 818 2991 883 kommt man wohl auf den Einfall, Schnitzler habe etwa ein
1898 860 2997 925 Paradigma schreiben wollen zur Lehre Nietzsches von der
1907 900 2987 951 „ewigen Widerkunft". Und doch interessiren die Vorgänge,
1904 949 2996 987 zumal in der ausgezeichneten Darstellung der Pauline Paola
1898 979 2981 1036 durch Frl. Falk. Herr Mühlhofer traf den Leonhardt
1906 1013 2989 1079 besser als den Lionardo; den Remigio stellen wir uns ein wenig
1897 1062 2989 1106 anders vor, als ihn Herr Filiszczanko zu geben vermochte;
1893 1082 2984 1155 Renaissance war das nicht, während man bei Frl. Falks Paola
1902 1126 2971 1199 in der That die Luft des Cinquecento verspürte. (Die Verwank¬
1898 1171 2859 1237 lung muß sich bei völlig dunkler Scene vollziehen.) —
2882 1182 2988 1238 Am
1895 1218 2987 1274 menschlich rührendsten und einfach ergreifend sind „Die
1907 1245 2991 1325 letzten Masken“. Herr Braatz zeichnete den sterbenden
1885 1299 2979 1339 Journalisten in schlichten, packenden Zügen und Herrn
1892 1329 2991 1370 Willhains schwindsüchtiger Schauspieler war von guter
1896 1362 2983 1427 Wirkung; ob man ihm freilich glauben konnte, daß er in acht
1895 1408 2939 1459 Tagen bereits „versterben“ werde, ist eine andere Frage. —
1894 1442 2173 1494 „Literatur“
2184 1454 2979 1493 das flotte Satyrspiel nach soviel Tragödien,
1895 1492 2996 1545 stieß beim Publikum auf volles Verständniß. Philistermoral
1893 1530 2983 1584 und Literatenwesen werden hier gleich lustig verspottet und
1893 1561 2989 1618 fanden in dem adligen Sportsman des Herrn Henry und Frl.
1889 1601 2992 1640 Winckler und Herrn Rohde ##s den „Dichtern“ ihres
1892 1644 3009 1708 Liebesromans gelungene typische Vertreter, die miteinander leb¬
1876 1677 2292 1748 hafte Heiterkeit weckten.
2811 1686 3073 1765 —A-
