3436 4224
2125 215 2574 298 box 21/2
1217 215 1398 285 und
298 228 1283 325 16.1. Lebendige Stu
1332 233 2008 312 LehVKiuS
477 1163 1734 1216 Modernen war, wird er ietzt von den Jüngsten bereits zum alten,
2377 1170 3373 1244 — ——0 Wungen etsch
485 1199 1707 1263 Eisen geworfen. In dieser humoristischen Auffassung der Erfolge
2960 1228 3374 1278 Ein zweites Edikt
1700 1225 2910 1286 ofort hatte Bisconti=Venosta, damals Minister des Aeußern, die
483 1243 1700 1300 und Kämpfe eines Schriftstellers, der am Cäsarenwahn leidet und
2888 1255 3377 1320 Ninghsiafn, in der Pr
1687 1257 2905 1319 Empfindung, daß hierdurch das Hinterland von Tripolis dem Ein¬
480 1287 1708 1341 sich im Mittelpunkt der Welt sieht, liegt eine sonnige Kraft und
1689 1311 2893 1361 verständnisse zwischen den beiden Westmächten preisgegeben wäre.
2898 1307 3372 1374 gekommen seien und
477 1331 1688 1379 Selbstbefreiung, für die wir Schnitzler aufrichtigen Dank wissen.
1686 1357 2903 1401 Visconti=Venosta sagte sich nun, es könnte Italien fortan in Tripolis
2902 1348 3384 1424 chinesischer Name Tun
479 1370 1700 1421 Einen köstlichen Griff in die Satire ohne alle ernste Beimischung
1688 1389 2902 1445 so ergehen wie früher in Tunis, wo durch die Besitzergreifung Frank¬
2895 1395 3283 1466 Wunden erlegen.
476 1409 1700 1460 hat er zum Schluß mit dem einaltigen Stück „Literatur“ ge¬
1684 1413 2909 1492 reichs die starke italienische Kolonie mit ihren hervorragenden Handels¬
479 1453 1696 1500 than, worin er eine unverstandene poesiesüchtige Frau nach ihrer
2973 1434 3372 1504 Yokohama, 5. Jan
1689 1457 2904 1523 interessen so unheilbar geschädigt ward. Visconti=Venosta wendete sich
480 1487 1694 1534 Trennung von einem nüchternen Fabrikanten und vo ihrer Wieder¬
2894 1478 3364 1547 Berichte ein über den
1696 1499 2903 1556 mit seinen Bedenken an die englische Regierung und wünschte von
477 1521 1698 1569 verheirathung mit einem eleganten Lebe= und Sportsmann schildert.
2906 1531 3373 1601 chinesischen und der ###
1700 1540 2910 1598 dieser eine Gewähr dafür zu erlangen, daß Tripolis von keiner
478 1567 1696 1619 Während sie anzügliche Gedichte und Romane schreibt, ist er von
2894 1575 3272 1635 den Chinesen an
1697 1586 2911 1640 Macht, England inbegriffen. je besetzt werden würde. Die englische
481 1609 1691 1652 einer unüberwindlichen Abneigung gegen diese Art von Schrift¬
2904 1615 3386 1689 dieselben Fischereirechte
478 1627 2902 1694 stellerei erfüllt und läßt das jüngste literarische Erzeugniß seiner Regierung glaubte sich bei aller Rücksichtnahme auf Italien und
2897 1665 3132 1738 genießen.
483 1665 2907 1729 Braut unverzüglich einstampfen. Nur ein Eremplar wird davon ge= dessen Interessen außer Stande, Italien die begehrten Garantien
2978 1691 3255 1773 Yokohama,
481 1705 2909 1766 reitet, aber dies wirst die Verfasserin selbst ins Feuer, als es sich betreffs Tripolis zu geben. Da wendete sich der italienische
475 1759 3384 1797 berausstellt, daß ihre darin abgedruckten Liebesbriefe aus der Zeit Minister des Aeußern an die französische Regierung, und zeigte diesejapanischen Eisenbahnc
475 1809 2914 1841 ihres Verhältnisses mit einem verbummelten Literaten von diesem sich ungleich entgegenkommender als die englische. In Paris be¬
489 1838 3377 1885 ebenfalls für eine Erzählung wörtlich benutzt worden sind. Mit aller= gehrte man nur die Erklärung, daß Italien in Marokko Frank= Neuem erwogen. Es
489 1879 3391 1933 lei geistvollen und lustigen Einfällen schnurrt dieser satirische Ein= reich würde frei schalten lassen, wenn dieses ein Interesse an diesem diese Maßnahme, nich
2913 1884 3384 1956 kommen, sondern aus
481 1903 2916 1959 atter in reizender Weise an den Zuschauern vorbei, denen literarische afrikanischen Territorium nehmen sollte. Italien hatte keine Ursache,
488 1950 2919 1998 Auswüchse als menschliche Verschrobenheiten vorgeführt und von betreffs Marokkos nicht die gewünschte Erklärung abzugeben, und
1686 1974 2922 2033 so kam zwischen Frankreich und Italien ein auf die
482 1985 1226 2054 Grund aus lächerlich gemacht werden.
2977 1984 3383 2053 X Aus Südafrika
576 2008 2922 2079 Leider erwiesen, sich die schauspielerischen Kräfte für die Auf=safrikanische Mittelmeerküste bezügliches Abkommen
2982 2048 3389 2106 Pretoria, 4. Jani
481 2056 2935 2124 gaben, die ihnen der Dichter gestellt hat, im Deutschen Theater nicht zu Stande, durch das sich einerseits Italien verpflichtet.
1694 2094 3379 2148 Frankreich in Marokko frei gewähren zu lassen, anderer=erlassen, welche bezüg
483 2115 1712 2173 überall als ausreichend. In den „Lebendigen Stunden“ gelang
475 2142 3373 2193 zwar die Figur des melancholischen pensionirten Beamten Herrn seits Frankreich es auf sich nimmt, nie seine Hand aufstischen Aerzten i
479 2190 3378 2248 Rheingardt, aber Herr Rittner sah in der Fülle seiner rund=[Tripolis zu legen. Damit soll keineswegs gesagt sein, daß einen Artikel enthält,
2914 2222 3388 2279 Besitzer von Diplome
484 2201 2919 2281 bäckigen Gesundheit so aus, daß man ihn niemals für einen dichte= Italien daran denkt, heute oder morgen Tripokis zu oltupiren.
2074 2244 2919 2305 seine Handelsinteressen daselbst schützen,
2914 2256 3360 2317 Gesetze des Landes,
480 2257 2093 2329 risch veranlagten Menschen halten konnte, der von einem tiefen Dagegen will es
487 2295 2922 2357 Gram zu Boden gedrückt ist und Trost von seinem nen erwachenden will es ferner, wie es der französischen Regierung zu erkennen
2920 2291 3380 2370 stammt, den qualifizir
487 2353 2923 2400 Talent erwartet. In der „Dame mit dem Dolch“ wirkte Fräuleinf gegeben hat, daß die Karawanen nicht von Tripolis nach
2907 2350 3389 2416 werthiges Vorrecht ein
489 2389 2928 2432 Triesch in der blonden Perrücke, durch welche die Aehnlichkeit der französischen Einflußsphäre abgelenkt werden. Die Confulta
2982 2396 3363 2452 Die Verfügung
480 2440 2933 2476 mit dem Gemälde in der Galerie erzielt wurde, vortheilhafter als in wollte weiters dafür sorgen, daß es den Italienern bei einer
2912 2425 3386 2504 weiter nicht verwunde
484 2436 2919 2515 manchen anderen Rollen, und fand auch, freilich nicht ohne etwaigen Besitzergreifung von Tripolis durch Frankreich nicht so
2914 2483 3385 2551 auch in der „südafrik
491 2489 2922 2551 Neigung zur Manier, den Ton der großen Leidenschaft. Aber neben erginge, daß die aus Italien kommenden Waaren Differential¬
2918 2525 3385 2594 prüfung bestehen, eb
484 2512 2923 2598 ihr stand in der Liebhaberrolle ein junger Mann auf der Bühne, zöllen unterlägen, was bei nach einem englischen Gebiete gehenden
2922 2563 3385 2625 Die Verfügung sprich
492 2590 2917 2626 der richtig zu empfinden scheint, aber in Gang, Haltung und Ge=Waaren nie der Fall ist. Italien hat demnach mit Frankreich ein
489 2630 2917 2670 sichtsausdruck hinter allem Künstlerischen so weit zurückbleibt, wieh auf Afrika bezügliches Separat=Abkommen getroffen, das inter¬
2922 2620 3390 2679 eines schon bestehen
489 2644 2913 2709 wir es im Deutschen Theater kaum je beobachtet haben. In den national so zu taxiren ist wie etwa das Separat=Abkommen
2915 2657 3379 2723 stens den Wunsch nach
494 2692 2929 2745 „letzten Masken“ glänzte Herr Fischer als schwindsüchtiger Schau= zwischen Rußland und Oesterreich = Ungarn betreffs des Balkans.
2923 2694 3390 2766 englische Aerzte müsse
489 2719 2921 2802 soicler durch seinen liebenswürdig maßhaltenden Humor. Hr. Rhein=Ist Oesterreich= Ungarn, indem es ein Abkommen mit Rußland,
493 2784 3385 2824 hardt entwickelte als Sterbender eine viel zu jugendliche Leiden=salso mit Compaciscenten einer anderen Allianzgruppe schloß, aus tiziren wollen, bei un
2913 2789 3391 2855 Ob auch von den im
485 2834 2935 2859 schaftlichkeit, während Herr Bassermann die Selbstgefälligkeit dem Dreibunde ausgetreten? Und hatte nicht Deutschland ein
1697 2830 3396 2902 Separat=Abkommen mit Rußland? Muß also Italien dem Drei=Aerzten, deren Zahln
489 2849 1710 2902 des berühmten Dichters und seine Klagen, daß ihm die jüngste Gene¬
1695 2880 2934 2927 bunde untreu werden, weil es sich betreffs seiner Mittelmeer¬
2915 2879 3392 2949 bation verlangt wird
496 2890 1710 2948 ration über den Kopf wachse, in seiner durch einen mächtigen schwar¬
1698 2913 2923 2970 Interessen mit Frankreich abgefunden hat? Nein. Italien wird
2914 2923 3120 2994 sichtlich.
490 2919 1715 2979 zen Bart charakterisirten Maske mit würdevoller Lächerlichkeit aus¬
500 2960 2928 3031 drückte. In „Literatur“ brachte Herr Rittner einen modernen im Dreibunde bleiben, dabei aber auch in gutem Einvernehmen
2987 2951 3382 3032 Nach einem Tel
1703 2999 2016 3056 mit Frankreich.“
2916 2999 3383 3071 [Pretaria wurde e
492 3010 1709 3080 Bohemetypus der Poesie in einer sprechenden, an Hartleben er¬
1784 3028 2930 3107 Der Wiener „Politischen Korrepondenz“ wird aus Rom
499 3051 1706 3106 innernden Physiognomie wirkungsvoll zur Gestaltung, während
2908 3050 3393 3126 auf demn Marsche von
1704 3069 1934 3144 berichtet:
498 3085 1709 3146 Fräulein Driesch ihrer Rolle, die jenseits von Wahrheit und
2909 3096 3375 3157 befand, von Boeren
1772 3103 2921 3168 Die Ansprache, die der französische Botschafter beim Quirinal,
502 3130 1724 3186 Lüge, von Sinn und Unsinn, von Tugend und Laster steht, nicht die
2925 3138 3389 3201 13 Verwundete; nach
496 3193 2935 3229 rechte Naivetät des Empfindens gab, sondern mehr ihrer selbst zu Barrère, anläßlich des Neujahrsempfanges der französischen Kolonie
499 3195 3376 3260 sootten, als an die lebensprühende Ueberspanntheit, die der Dichter gehalten hat, ist als eine Bekräftigung der Erklärungen zu be=[Feind, der ebenfalls
1519 3236 3393 3304 G. Z# #trachten, die aus dem Munde des italienischen Ministers des Ruch einer Mel
497 3250 1378 3327 vorgeschrieben hat, wirklich zu glauben schien.
