3392 4320
2108 143 2540 242 box 21/2
296 143 1948 235 16.1. Lebendige Stunden— ZykIus
2309 1000 2448 1081 555
1552 1003 1915 1081 Schicksalsminiaturen.
1038 1098 2447 1188 Schaudt in Hamburg den ersten Preis eingetragen hat. Ich glaube, nicht
1043 1159 2445 1238 einmal die Eberlein und die Begas von heute und der Zukunft. Und gerade,
1029 1204 2447 1276 wenn wir, vorgreifend, eine Perspektive von Jahrhunderten zwischen den Ham¬
1034 1261 2458 1332 burger Roland=Bismarck und den Berliner Minister=Bismarck legen, werden wir
1045 1321 2438 1378 den Wert und die Bedeutung dieser Denkmalskunst der Jungen erst recht er¬
1035 1362 2450 1422 messen können. Wie da die rhetorische Metapher vom „eisernen“ Bismarck ge¬
1044 1402 2432 1481 danklich und formal ins Künstlerische und gleichzeitig Geschichtliche übersetzt ist —
1038 1461 2458 1526 das macht die Größe des Entwurfs aus. Man denke sich nach zwei Jahr¬
1038 1529 2460 1580 tausenden die beiden Denkmäler ausgegraben — dann vielleicht umgekehrt von
1049 1552 2449 1635 kleinasiatischen Kunstgelehrten — wie werden sie wirken? Und wenn die Schul¬
1043 1598 2441 1685 jugend dann lernen wird: „Wilhelm II. ein prachtliebender, kunstsinniger Fürst“,
1046 1654 2457 1721 wird sie nicht beipflichten, obschon Begas das Bismarckdenkmal zu Berlin und
1045 1698 2451 1787 Lederer das zu Hamburg gemacht hat? Oder wird sie am Ende gar nicht ein¬
1053 1756 2465 1825 mal mehr die Namen der Schöpfer kennen, wie wir ja auch heute die Namen
1049 1799 2472 1877 der Künstler, die am Zeus=Altar arbeiteten, nur noch zum allergeringsten Teile
1052 1874 1229 1944 kennen?
1166 1888 2474 1972 Unsere kleinen Kunststreitigkeiten nehmen sich eben im Geiste der Geschichte
2171 1953 2425 2019 J. Norden.
1044 1963 1547 2057 so ganz, ganz anders ausf
1700 2057 1862 2221 S
1401 2315 2106 2428 Schicklalsminiaturen.
1072 2289 1242 2462 □0
1142 2448 2460 2538 ie Kleinkunst ist nun Trumpf. Die Maler und Bildhauer machen Vasen,
1156 2499 2473 2553 Schalen, Spiegel und sinnen den Linien schöngeführter Gürtelschnallen
1063 2549 2477 2601 nach. Und dies dekoratiye Bemühn, dies Dienen um den Schmuck des Daseins
1061 2587 2485 2659 bringt ihnen mehr Gunst als das Werben um die Ziele schöpferischer Großkunst.
1066 2640 2484 2703 Fast das gleiche begiebt sich auf dem Theater. Ich will hier nicht etwa noch einmal
1064 2685 2480 2761 vom Tandelmarkt der Ueberbrettel sprechen, davon sei nun für jetzt und künftig
1059 2760 2481 2801 geschwiegen, sondern von einer andern Gattung, die in viel treffenderem Sinne als
1059 2781 2481 2867 die Variétés eine Parallele zu den reizvollen Objekten der dekorativen Kunst
1054 2831 2476 2887 bietet. Die Einakter des Wieners Arthur Schnitzler meine ich, die unter dem
1056 2897 2486 2951 Rahmentitel „Lebendige Stunden“ im Deutschen Theater aufgeführt wurden.
1064 2944 1760 3011 (Buchausgabe bei S. Fischer, Berlin.)
1178 2979 2478 3052 Zierlich geschnittene Stücke sind's, subtil ziseliert, in knappem Raum gefügt,
1056 3033 2480 3092 in der Form Biionterien, doch dabei, ähnlich wie die Objets d’art unserer immer
1062 3082 2486 3160 zur Nachdenklichkeit neigenden dekorativen Künstler um eine Lebensbedeutsamkeit
1070 3125 2486 3201 ringend — Schicksalsminiaturen. Schnitzler hatte schon früher mit den Bijonx
1057 3198 2477 3265 indiserets seiner Anatoldialoge sein Spezialistentum angekündigt, mit littera¬
1060 3230 2480 3307 rischen Nippfiguren als „leichtsinniger Melancholiker“ den tieferen Sinn jener
1060 3268 2490 3342 Erlebnisse darzustellen, die für den unbefangenen Durchschnittsgenießer nur galante
1065 3322 2487 3402 Episoden sind. Er zeigte sich dabei in einer gewissen erotischen Monotonie be¬
1068 3396 2483 3462 fangen und in der Mischung aus Flaneur und Problemjäger häufig allzu bewußt.
1385 3802 2003 3902 Me ens
1422 3853 1787 3966 ed
