3484 4256
355 150 2008 260 16.1. Lebendige Stunden—Zyklus
2171 164 2618 259 box 21/2
705 463 1192 704 Ouuh
1508 634 1715 716 NEEN A
637 664 1443 811 Nr.16 ll. Jahrgang.
2368 744 3080 843 Bonner Zeitung.
1693 845 2779 910 inerer Drang hat ihn doch gewiß nicht dazu veranlaßt;
2804 864 3401 927 arbeneter Journalist harrt in
818 828 1378 939 Zweites Blatt.
1694 885 2776 957 denn sein neuestes Werk ist völlig nichtssagend und ober¬
2806 914 3411 977 auf sein Ende. Nichts ist ihm¬
1688 921 2779 1006 flächlich. Erstaunlich bleibt nur, wie ein Mann, der auf
2796 957 3405 1022 besonders nicht das Dichten, v##
1689 976 2782 1049 der Höhe seines Schaffens angelangt schien, so tief fallen
888 962 1341 1055 Neue Dramen.
2800 992 3379 1056 erhofft hat. Nun wartet er
1697 1017 2776 1084 konnte, und das ist auch der Umstand, der seinen zahl¬
561 1002 1658 1117 Gerhart Hauptmann: Der rote Hahn. — Arthur
2799 1032 3400 1109 Rache auf seinen Jugendgenof
1689 1059 2775 1147 reichen Freunden und Bewunderern einstlich zu denken
813 1077 1448 1148 Schnitzler: Lebendige Stunden.
2797 1079 3399 1140 gewordenen Antor, um diesem
1683 1103 1826 1167 giebt.
2796 1128 3405 1195 daß sein Ruhm eitel Schwinde
597 1135 1660 1205 K. S. In der letzten Novemberwoche des eben ver¬
1720 1139 2777 1225 Weit erfreulicher, weil auf dem Boden wirklicher Kunst
2799 1177 3379 1237 kopf gewesen ist und noch
561 1154 1659 1253 flossenen Jahres ging im Berliner Deutschen Theater
1691 1200 2780 1275 erwachsen, nehmen sich die neuen vier Einakter von
2796 1218 3407 1282 Mensch, weil er, der Sterbend
557 1232 1670 1285 zine neue Tragikomödie Gerhart Hauptmanns: Der
1681 1230 2771 1312 Arthur Schnitzler aus.*) Der Verfasser, der schon ein¬
2798 1261 3403 1325 Gattin betrogen hat. Mit ein
557 1275 1663 1335 Xote Hahn in Scene. Das Stück, dem schon allerlei
1681 1286 2779 1349 mal mit seinem Einakter=Zyklus: Der grüne Kakadu
2787 1298 3399 1369 im Spital dem Tode entgegen
555 1305 1667 1371 schlimme Gerüchte vorangeeilt waren, wurde von der
1683 1321 2783 1405 eine sehr bemerkenswerte Begabung für die dramatische
2798 1357 3409 1416 Probe dieser Abrechnungsszen
547 1363 1657 1430 Kritik und vom Publikum friedlich zu Grabe getragen,
1681 1366 2783 1453 Skizze bewiesen hat, zeigt sich auch in seinen neuen Ein¬
2796 1398 3407 1454 einen vollen Erfolg für die H
546 1389 1656 1470 Jnd einige besonders strenge Richter sprachen sogar die
1674 1415 2769 1493 aktern als ein Meister dieser Dichtungsform, zugleich
2793 1434 3398 1508 Aber siehe da! Als der beneid
548 1434 1660 1508 Befürchtung aus, Hauptmann sei endgiltig bankerott.
1684 1465 2781 1522 aber auch als der seine Kenner der modernen Menschen¬
2796 1480 3407 1551 tritt, ist die Wut schon verrauc
538 1479 1657 1565 SSelbstverständlich rief ein solches Urteil auch in der „Pro¬
1692 1505 2768 1582 seele, als der überaus kapriziöse Darsteller eigenartiger
2794 1524 3405 1595 was ihm auf der Seele brenn
543 1530 1665 1595 winz“ das größte Staunen hervor, und der ernste
1679 1554 2766 1627 feeltscher Konflikte. Ihren etwas unklaren Gesamttitel
2792 1579 3380 1638 tröstende Worte still über sich
540 1580 1664 1636 Pitteraturfreund empfand es schmerzlich, daß einer der
1677 1598 2778 1676 Lebendige Stunden verdanken die vier Dramo¬
2783 1612 3394 1680 daß der andere ihn glücklich p
536 1607 1652 1690 Fglänzendsten und erfolgreichsten Bühnenschriftsteller des
1663 1636 2771 1702 letts einer ganz bestimmten Lebensauffassung Schnitz¬
2787 1665 3400 1734 ein bedauernswertes Opfer de
546 1672 1654 1736 Jüngsten Deutschland abgewirtschaftet haben sollte. War
1674 1681 2769 1762 lers, nämlich der Ansicht, daß das Leben des Vergessens
2792 1699 3373 1772 Rollen sind damit vertauscht,
537 1723 1649 1786 Das denn möglich? Hauptmann, der noch vor wenigen
1674 1731 2762 1804 bedarf, um sich zu verjüngen, daß die Toten immer Un¬
2784 1752 3400 1816 getragen, und diese Tragikomi
542 1770 1652 1822 Mahren alle Welt mit seinen duftigen Märchen= und
1678 1778 2764 1842 recht haben, weil das Recht auf Seiten der Lebendigen
2785 1803 3394 1865 so nachhaltiger, als sie sich ange
539 1803 1660 1869 KTraumstücken, mit seinen stimmungsstarken Wirklichkeits¬
1665 1820 2765 1894 ist. Theodor Storm hat diese Auffassung vor Jahren
2834 1840 3398 1907 Im letzten Einakter, der
535 1859 1655 1924 sdramen entzückte und begeisterte — er sollte Schiffbruch
1667 1871 2771 1933 einmal in einem kleinen Verse seiner Frauen=Ritornelle
2783 1869 3399 1952 Liiteratur trägt, wird Sch
527 1882 1658 1962 Egelitten haben? Schlenthers Ausspruch vom deutschen
1673 1917 2761 1977 ausgedrückt: „Die Welt ist gar zu lustig; es wird
2783 1929 3393 1996 lustig sogar. Der böse Snobi
559 1935 1649 2002 Shakespeare sollte so bald schon Lügen gestraft worden
1664 1959 2766 2037 doch alles vergessen,“ und bei Schnitzler kehrt sie nun¬
2788 1979 3399 2033 bieten der Kunst sich breit mu
528 1974 1648 2054 zsein? Nun, ganz so schlimm liegt der Fall nicht, und
1669 1994 2768 2072 mehr in dramatischer Anwendung wieder. Der erste
2778 2015 3388 2086 ist als der Dilettantismus, we
543 2033 1647 2095 swenn die neueste Arbeit Hauptmanns auch viel zu denken
1665 2039 2771 2116 Einakter, der den Titel des Gesamtwerkes trägt, variiert
2785 2062 3400 2137 sein will, wird hier mit scharf
545 2069 1655 2146 kund manches zu befürchten giebt, so darf man von seinem
1673 2085 2758 2162 das Thema in etwas mathematisch konstruierter Form.
2784 2117 3376 2176 geißelt. Eine Frau, die vor
534 2094 1657 2174 schönen Talent doch erwarten, daß es sich aus der
1665 2127 2766 2197 Ein alter pensionierter Beamter, der vor den Thoren
2788 2150 3384 2222 hafte Schrifistellerin unter der
534 2166 1650 2221 Miederlage zu neuer Thalkraft emporrafft. Eine Nieder¬
1664 2179 2760 2255 Wiens in einem Gartenhäuschen lebt und den Rest
2775 2203 3397 2269 sehen und Liebe genoß, hat sich
526 2213 1657 2250 Tage, ein Fiasko unzweifelhaftester Art bedeutet der rote
1667 2213 2758 2293 seiner Tage mit der Pflege seiner Blumen verbringt,
2778 2243 3406 2310 lobt, der ihr zwar keine Lorbee
537 2256 1655 2333 Hahn freilich, und wer vorurteilsfrei und sachlich die
1664 2264 2764 2330 hat vor Jahren eine Hoftätin, die Mutter eines Dichters,
2786 2290 3389 2359 liches Leben zu bieten vermag.
529 2299 1652 2365 Buchausgabe*) des Werkes studiert, der muß sich oft be¬
1662 2327 2766 2370 geliebt, wie nur ein Einsamer eine Enttäuschte lieben
2772 2343 3397 2401 plötzlich ein einstiger Freund #
540 2350 1634 2396 sinnen, ob Hauptmann es ist, d. h. der Hauptmann der
1672 2364 2749 2422 kann, besonders wenn beide zusammen alt werden. Nun
2784 2384 3389 2446 und droht durch sein tolles Ge
545 2376 1639 2446 Weber und der Versunkenen Glocke, der solche unkünst¬
1672 2401 2754 2474 ist die Hofrätin tot, aber sie ist keines natürlichen Todes
2772 2421 3384 2490 Baron die wahre Natur seiner
530 2432 1647 2499 lerischen Dinge zustande bringen konnte. Unsere Leser
1668 2444 2753 2510 gestorben, sondern sie hat sich vergiftet, um ihrem über
2780 2461 3404 2530 Sache ist um so gefährlicher, a#
534 2478 1647 2535 wssen aus der kurzen Kritik unseres Berliner Mit¬
1654 2488 2754 2569 alles geliebten Kind durch ein langes Krankenlager im
2778 2514 3393 2584 Freund und die künftige Baron
544 2523 1648 2596 arbeiters, daß der rote Hahn eine Fortsetzung des Biber¬
1654 2543 2756 2610 Schaffen nicht hinderlich zu sein. Der Alte weiß das
2776 2556 3383 2621 haben, in denen sie, nach Art
600 2561 1643 2640 zes ist. Im Mittelpunkte der Handlung — sofern
1662 2579 2750 2655 und deshalb haßt er den Sohn, der seinerseits von dem
2780 2602 3398 2663 Liebesleben in seltsamer Ueb
615 2611 1645 2680 einer solchen gesprochen werden kann — steht die
1647 2627 2752 2700 Opfer der Mutter keine Ahnung hat. Um sich für die
2769 2652 3396 2719 haben. Wenn der Baron die
631 2654 1647 2725 ter Wolffn, die im Biberpelz als Holz= und Pelz¬
1660 2674 2750 2744 verlorenen Jahre zu rächen, die die Geliebte seiner Ein¬
2769 2695 3394 2759 mit der Heirat natürlich zu En
661 2695 1633 2759 die Behörden narrte und im roten Hahn ihr Haus
1659 2721 2755 2785 samkeit noch hätte schenken können, enthüllt der Alte dem
2778 2741 3384 2809 garnicht daran, seine litterarisch
678 2741 1642 2823 t, um aus der Feuerversicherung Kapital zu
1658 2768 2752 2833 Jungen die Wahrheit, aber der Schlag wird von diesem
2771 2788 3371 2854 Weise zu bereichern. Feind a
717 2790 1647 2853 Hier wie dort sind die Verbrecher die Schlauen
1656 2814 2756 2864 pariert: „Wir beide werden darüber hinwegkommen
2781 2826 3368 2895 stellerei, hat er die bereits
686 2834 1641 2900 Behörden die Thoren, aber während im Biber¬
1661 2860 2750 2919 müssen, um leben zu können“, sagte er zum Freund
2769 2870 3378 2937 Braut einstampfen lassen, un
685 2871 1636 2949 es auf einen lustigen oder wenigstens satirischen
1658 2897 2755 2956 seiner Mutter, „und wie ich dichten werde, so werden
2762 2917 3386 2986 Ramans aus der Feder des F
667 2906 1636 2976 stimmt ist, schaut in der Brandstistungs=Tragi¬
1654 2940 2744 3003 Sie im Frühjahr wieder Ihr Gärtchen bebauen.“ So
2763 2957 3390 3031 Frau schon selbst. Sie schleu
664 2968 1640 3039 ie an allen Ecken und Enden der nüchterne
1656 2977 2744 3057 triffen das arme geizige Alter und die reiche egoistische
2771 3006 3388 3080 tierende Exemplar, das der „Fl
530 2985 1630 3067 Moralist, der weitschweifig erzählende Epiker her¬
1658 3021 2752 3101 Jugend hart aufeinander, aber der Sieg ist auf Seiten
529 3043 1637 3124 vor. Ein Musterbeispiel, wie der echte Dramatiker
2775 3049 3362 3113 geschenkt hat, mit Anmut und
1649 3076 2752 3162 der Jugerd, die über den Tod hinaus mitten ins frische
2762 3093 3376 3165 schmiegt sich dann, ganz eifüllt
525 3093 1634 3157 nicht schaffen darf, bildet der erste Akt, mehr
1650 3112 1918 3173 Leben führt.
2770 3141 3385 3210 ihrer Schriftstellerei und ihrer
518 3136 1496 3211 noch der zweite und geradezu jämmerlich
1514 3156 1638 3213 vom
1694 3156 2737 3225 Fast noch eigenartiger als die gedankliche Zugespitzt¬
2765 3178 3378 3245 hat, sich innig an den Geliebter
532 3188 1631 3249 Standpunkt des Dramas stellt sich der letzte Akt dar.
1649 3195 2739 3281 heit dieses Stückes mutet der zweite Einakter: Die
2758 3226 3375 3289 „Wirst Du mir jetzt glauben,
519 3231 1633 3314 Mutter Wolffn, die inzwischen den Flickschuster Fielitz
1646 3252 2740 3327 Frau mit dem Dolche an. Schnitzler führt hier
2761 3270 3386 3341 der gute Baron glaubt ihr entz
528 3281 1624 3341 geheiratet hat, will ihr Haus anzünden, und damit die
1647 3303 2747 3379 eine junge Frau ins Treffen, die im Begriff steht,
2756 3313 3381 3383 vor sich gehen. So schließt #
529 3320 1631 3395 Polizei nicht Wind von der Sache bekommt, grübelt sie
1647 3350 2741 3415 ihren Gatten, einen hochbedeutenden, aber treulosen
2763 3357 3362 3433 einer übermütigen Farce: ein
516 3373 1628 3423 über die raffinierteste Art der Brandlegung nach. Mit
1649 3381 2739 3456 Dichter nach dem Gesetz der Wiedervergeltung mit einem
2759 3397 3194 3477 Tragödie des Lebens.
532 3407 1630 3486 Hilfe eines Kistchens, eines Lichtes und einiger Schwefel¬
1647 3431 2741 3502 hübschen Galan zu betrügen. In einer Bildergallerte, gegen¬
521 3451 1615 3516 schnüre soll die welterschütternde That vor sich gehen.
1645 3479 2741 3529 über einem Gemälde, das eine Frau mit dem Dolche dar¬
518 3508 1626 3578 Alles wird vorbereitet, und nachdem das Kistchen mit
1642 3514 2742 3574 stellt, treffen die Liebenden zusammen, aber während der
514 3542 1630 3616 dem brennenden Licht auf dem Speicher verborgen wor¬
3070 3524 3350 3615 Berliner
1648 3567 2734 3648 junge Mann in heißen Worten um ihre Gunst stehl,
510 3602 1627 3662 den ist, fährt die wackere Frau mit ihrem Eheherrn nach
2807 3579 3370 3673 (7. Z. Seit Jahren versucht
1651 3612 2722 3671 hat die Frau eine seltsame Vision. Sie durchlebt —
512 3638 1630 3700 Berlin, während daheim die Kerze tüfer und tiefer
2760 3654 3381 3716 Art von Karneval einzufühl
1652 3657 2730 3724 auf der Bühne szenisch dargestellt — das Schicksal jener
517 3669 1629 3756 brennt. Natürlich glückt das Verbrechen, aber weil die
2752 3695 3380 3760 keit, die Sie am schönen Rhein¬
1640 3695 2736 3780 Frau mit dem Dolche, sieht sich selbst im Kostüm der
519 3724 1628 3791 Wolffn in unzweideutigster Weise ihr Alibi nachweisen
2756 3740 3378 3809 schätzbare Gabe empfangen habe
1645 3744 2731 3817 Renaissance und ihn, den Geliebten, zu ihren Füßen.
513 3762 1616 3835 kann, so wird ein halbidioter Bursche der That verdächtigt
2750 3791 3383 3850 nicht im Blut, und der Karnev##
1633 3791 2729 3855 Was im Leben bisher nicht eingetreten, ist in ihrer
514 3813 1616 3882 und eingesperrt. Der Vater des Unschuldigen, ein aus¬
2744 3832 3373 3898 mit der Geschichte der römischen
1644 3835 2721 3900 Vision zur Thaisache geworden: Sie hat den Gatten
521 3856 1625 3925 gedienter Gendarm, ahnt zwar den wahren Sachverhalt,
2738 3857 3379 3938 einem rein protestantischen Lan
1635 3871 2735 3954 betrogen, während dieser auf einer Kunstreise war, und
522 3900 1614 3960 ebenso ein jüdischer Arzt und der Schmied des Dorfes,
2754 3923 3376 3988 wickelungsboden zu finden. So
1640 3927 2732 3994 wartet nun auf seine Rückkehr, um ihm alles zu ge¬
521 3946 1617 4017 aber der Amtsrichter Wehrhahn, der auch diesmal die
2750 3960 3369 4027 suche, rechte und echte Karnevan
1634 3970 2726 4037 stehen. Und als er zurückkommt, dem Schänder seiner
512 3998 1624 4060 Untersuchung leitet, wird jedesmal bös, wenn ein
2746 4014 3371 4081 erzeugen, den Charakter des
1643 4009 2731 4078 Ehre kalt die Thür weist und dieser, erbittert darüber,
516 4024 1620 4108 Schimmer des Verdachtes auf die „olle ehrliche
2743 4051 3359 4111 Kostümfesten, die alljährlich in
1630 4052 2724 4132 daß er den Mann seiner Geliebten im Zweikampf nicht
506 4071 1621 4152 Wolffn“ fällt. Und der Schluß dieser tiefsinnigen Ge¬
2747 4092 3357 4164 Winters veranstaltet werden,
1630 4094 2726 4171 treffen kann, ihn öffentlich brandmarken will, da greift
516 4126 1610 4191 schichte? Das Haus des Flickschusters ist neu er¬
2743 4140 3382 4214 ungen gemacht, kostspielige Dek
1634 4134 2721 4208 das Weib nach dem Dolche und stößt ihn kaltlächelnd
874 4166 1002 4217 haare
1742 4173 1938 4229 Riehhaher
2729 4192 3342 4257 bracht und geistreiche leitende
