3532 4384
383 168 2063 272 16.1. Lebendige Stunden zyklus
2197 176 2666 273 box 21/2
1022 751 1157 827 204
1417 766 2310 850 Hanns von Zobeltitz: Aus den Berliner Theatern.
1030 846 2710 935 noch in seiner letzten Stunde über sich selbst raten. Ihre Schriftstellerei ist ihm ein Greuel,
1026 886 1621 950 hinaus Gereifter, Gewachsener. —
1613 907 2712 964 Das alles ist und als sie ihm gesteht, daß sie noch einen Ro¬
1019 934 2714 1018 mit der höchsten psychologischen Feinheit und man geschrieben hat, den Roman ihres Lebens,
1028 969 2713 1047 Klarheit, in prägnantester Kürze, ergreifend vor= der demnächst erscheinen wird, begibt er sich
1022 1008 1203 1055 geführt —
1240 1004 1862 1072 so wenig . . . und so viel! Wirklich
1873 1026 2707 1094 stracks zu dem Verleger. Inzwischen bekommt
1016 1039 1864 1102 ein Stück Menschenleben, plastisch gestaltet, voll
1875 1065 2705 1131 Frau Margarete aber Besuch. Von einem frü¬
1014 1091 1861 1139 tiefer Wahrheit! Und überaus wahr, schlicht und
1872 1105 2704 1160 heren Freunde, auch einem echten, rechten Bo¬
1027 1124 1855 1185 echt wurde die kleine Seene auch gespielt von
1874 1144 2717 1218 hemien. Er, Gilbert (Herr Rittner), hat eben¬
1023 1158 1865 1224 Herrn Max Reinhardt als Journalist und Herrn
1867 1177 2707 1248 falls einen Roman geschrieben, der demnächst er¬
1012 1205 1858 1275 Bassermann als der große Dichter Alexander
1871 1224 2705 1281 scheinen soll; er bringt ihr das erste Exemplar;
1014 1239 1220 1300 Weihgast.
1865 1273 2702 1316 es ist auch der Roman seines Lebens. Während
1101 1268 1855 1343 Die „Frau mit dem Dolche“ ist eine
1869 1301 2714 1367 sie sich zanken und wieder versöhnen, kommt zu
1022 1322 1858 1389 phantastische und wie ich schon sagte, pikante
1864 1339 2707 1406 ihrem beiderseitigen Entsetzen heraus, daß sie
1017 1355 1849 1422 Kleinigkeit, die mir hauptsächlich auf eine schau¬
1858 1382 2714 1433 beide ihre Liebesbriefe in ihre Romane einge¬
1011 1394 1852 1455 spielerische Virtnosenleistung zugeschnitten erscheint.
1866 1420 2708 1486 flochten haben — wörtlich. Es ist überwältigend
1016 1439 1852 1507 Ein Traumspiel gewissermaßen. Pauline, eine
1867 1460 2699 1523 komisch, wie das auf sie wirkt, besonders als sie
1009 1493 1852 1545 elegante junge Frau, trifft sich mit ihrem bisher
1855 1495 2697 1561 konstatieren, daß beide die glühendsten, leiden¬
1006 1528 1848 1573 platonischen Verehrer Leonhard in einer Gemälde¬
1865 1535 2702 1606 schaftdurchglühten Episteln immer erst fein säuber¬
1013 1573 1840 1624 galerie vor dem Bilde der „Frau mit dem Dolche“,
1862 1577 2704 1644 lich ins Unreine geschrieben hatten, ehe sie sie
1011 1594 1849 1665 die ihr in merkwürdiger Weise ähnlich sieht. Hier
1855 1619 2695 1671 absandten, und wie sie sich gegenseitig dabei in
1008 1638 1851 1698 hat sie eine Art Vision; sie durchlebt, als wäre
1863 1654 2701 1724 ihrer ganzen Erbärmlichkeit erkennen. Nun kommt
1017 1675 1847 1743 sie selbst diese Frau mit dem Dolche, gleichsam
1849 1688 2699 1762 Baron Clemens von dem Verleger zurück. Er
1007 1708 1845 1778 die Episode eines früheren Lebens, in der sie als
1861 1735 2696 1799 hat die ganze Auflage gekauft, läßt sie einstampfen.
1003 1748 1845 1819 Gattin eines Florentiner Renaissancekünstlers ihre
1855 1772 2687 1839 Im Vertrauen hierauf hat Gilbert die Dreistig¬
998 1809 1842 1858 Seele zwischen einem Geliebten und ihrem Manne
1859 1798 2687 1875 keit, ihm seinen Roman zu überreichen. Aber
997 1834 1839 1891 teilt, welch letzterem sie doch nicht mehr als ein
1853 1857 2697 1905 Entsetzen — der Baron hat doch ein Exemplar
1000 1873 1844 1933 wunderbar schönes Modell ist; als solches dient
1850 1885 2698 1947 des Romans seiner Braut zurückbehalten. Was
1006 1921 1842 1972 sie auch dem Gatten im gleichen Augenblick, in
1845 1931 2696 1999 muß er sagen, wenn er die übereinstimmenden
998 1954 1834 2018 dem sie ihren Geliebten erdolcht, zur Vollendung
1843 1963 2681 2038 Liebesbriefe liest! Schnell entschlossen schleudert
1003 1992 1834 2054 eben seines Gemäldes, der „Frau mit dem Dolche“.
1838 2007 2689 2066 Margarete dies eine Exemplar in den Kamin,
1001 2027 1837 2096 Und als sich dann über dies Zwischenspiel der
1842 2047 2682 2121 und der gutmütige Baron ist thöricht genug,
1005 2070 1842 2126 Vorhang senkt und sich wieder hebt, sind wir
1842 2094 2680 2154 nichts zu merken, während Gilbert nur bedauert,
992 2117 1841 2169 wieder in der modernen Gemäldegalerie; Pauline
1853 2137 2679 2195 „daß ihm dieser Schluß entgehen mußte“. Diese
995 2149 1837 2213 ist die Frau des modernen Schriftstellers dem
1846 2171 2678 2224 knappe Inhaltsangabe kann freilich den tollen
1002 2185 1827 2246 sie auch nicht viel mehr als Modell ist bei seinem
1841 2204 2690 2261 Übermut der kleinen Posse nicht widerspiegeln,
1002 2231 1838 2287 Schaffen, und wir haben Grund zur Annahme,
1843 2242 2687 2306 in der doch eigentlich der beschränkte Aristokrat
997 2267 1835 2320 daß sie auch heute, wie es die Renaissancefrau
1843 2278 2675 2340 der Sieger bleibt und alle Sympathien für sich
1001 2311 1833 2371 that, Herz und Seele zwischen Gatten und Cicisbeo
1847 2315 1937 2368 hat -
1962 2327 2685 2393 meisterhaft dargestellt, gehört sie zu dem
1004 2348 1840 2409 teilen wird. — Alles in allem: ein in vielen Ein¬
1837 2361 2593 2425 Lustigsten, was ich je auf der Bühne sah. —
996 2390 1831 2446 zelheiten fein herausgearbeitetes, aber doch stark
1917 2402 2684 2467 Das Königliche Schauspielhaus brachte
994 2425 1830 2494 erkünsteltes Virtuosenstück, das für Fräulein Irene
1846 2432 2669 2512 Mitte Februar den „Herrn von Abadessa“
994 2457 1513 2513 Triesch wie geschaffen war.
1831 2477 2675 2530 heraus. Man sah diesem „Abenteurerstück“, wie
1081 2498 1821 2563 Es mag etwa acht Jahre her sein, daß ich
1838 2525 2680 2589 es der Verfasser, der Wiener Felix Dörmann,
997 2540 1826 2602 diese Schauspielerin zum erstenmale im Berliner
1831 2563 2675 2625 nennt, mit besonderen Erwartungen entgegen, war
991 2579 1822 2641 Residenztheater sah. Sie erschien mir damals
1828 2596 2670 2662 es doch kürzlich mit dem Bauernfeld=Preise ge¬
990 2609 1824 2681 als eine blutige, ziemlich temperamentlose An¬
1827 2635 2675 2702 krönt worden. Leider hat sich die alte Erfah¬
989 2665 1827 2720 fängerin, der ich nimmermehr eine irgendwie be¬
1825 2676 2128 2737 rung bestätigt,
2142 2683 2676 2742 daß derartige litterarische
986 2701 1828 2751 deutende Zukunft prophezeit hätte. Wie man sich
1832 2718 2674 2780 „Krönungen“, sobald sie vor der Erstaufführung
984 2730 1817 2799 doch täuschen kann! Denn Fräulein Triesch ist
1836 2742 2668 2821 stattfinden, sich im gefährlichen Bühnenlicht selten
989 2771 1815 2839 inzwischen, hauptsächlich an der Frankfurter Bühne,
1830 2796 2660 2869 stichhaltig erweisen. Der „Herr von Abadessa“
990 2820 1817 2876 wirklich zu einer sehr interessanten Schauspielerin
1830 2831 2311 2893 fand keinen rechten Erfolg.
982 2869 1824 2931 herangewachsen — ihre „Nora“ z. B. gilt mit
1903 2868 2671 2935 Das Schauspiel führt uns in ein phantasti¬
989 2898 1672 2958 Recht als eine hervorragende Leistung.
1824 2898 2667 2977 sches Mittelmeerreich zur Zeit etwa der Früh¬
1061 2925 1819 2999 War Fräulein Triesch in der „Frau mit
1835 2958 2665 3011 renaissance. Sein Held Valentino ist eine Con¬
973 2960 1817 3036 dem Dolche“ die eigentliche Trägerin des etwas
1820 2987 2664 3057 dottierenatur. Er zog übers Meer, vom unge¬
977 3011 1819 3068 verworrenen Stückes, so erst recht in dem letzten
1824 3029 2662 3098 stümen Drang nach Abenteuern, nach Krieg und
973 3042 1810 3113 der Einakter: „Litteratur“. Auch diese Pieceist
1831 3070 2669 3128 Liebe erfüllt. Am Gestade von Abadessa findet
983 3102 1817 3156 nichts mehr als eine Kleinigkeit, auch sie ist so
1820 3107 2666 3179 er ein heißes Mädchenherz, das sofort für ihn
980 3136 1822 3192 pikant, daß ich sie nicht gerade meiner Tochter
1815 3142 2647 3220 entflammt, Medusa, die Braut des schwachen,
974 3174 2650 3260 zur Lektüre empfehlen würde — aber sie ist von entnervten Fürsten. Mit Hilfe des greisen, auf
970 3213 2656 3293 einer unbezahlbaren Drolerie. Die junge hübsche einsamem Turme hausenden Begründers der Dy¬
978 3248 2648 3323 geschiedene Frau Margarete (Frl. Triesch) ist in die nastie, des Jutromir, der in ihm den Helden,
971 3282 2658 3375 Münchener Boheme hineingeraten, dichtet, schreibt den gewaltigen Kämpfer erkennt, erringt er sich
979 3326 2656 3393 Romane. Da hat sie Baron Clemens (Herr Basser= Medusa und das Reich. Aber kaum ist die Ge¬
974 3369 2654 3453 mann) kennen gelernt; ein bissel thöricht, guter, bra= liebte sein und die Herrschaft, so überkommt ihn
976 3404 2649 3470 per Kerl, vor allem korrekt bis in die Fingerspitzen, wieder der unwiderstehliche Drang nach dem
964 3440 2662 3532 hat er sich von ihr einfangen lassen, wird sie hei= weiten Meere, nach neuen Fahrten, neuen Aben¬
