3392 4224
2009 272 2479 384 box 21/3
221 293 1889 382 16.1. Lebendige Stunden Zuklus
2264 476 2723 576 Telephon 12801.
1895 564 3118 663 Alex. Weigl's Unternehmen für Zeitungs-Ausschnitte
369 588 668 685 Datum
672 599 1406 727 Sühen Tauu¬
2893 632 3124 721 Ausschnitt
553 669 683 745 7%
1541 689 1639 771 111
2130 643 2814 798 „OBSERYER“
2944 694 3193 786 Nr. 47
1790 768 3222 846 I. österr. behördl. conc. Bureau. für Zeitungsberichte u. Personalnachrickten
849 805 1317 927 —Telephon 12801.
2016 835 3026 907 Wien, IX/1, Türkenstrasse 17.
2202 904 2830 980 Filiale in Budapest: „Figyelö“ -
469 882 1688 1017 Alex. Weigl’s Unternehmen für Zeitungs-Ausschnitte
1806 963 3216 1047 Vertretungen in Berlin, Chicago, Genf, London, Newyork, Paris, Rom, Stockholm.
1462 1007 1694 1091 Ausschnitt
1385 1006 1451 1074 820
683 989 1370 1138 „OBSERYER“
1503 1066 1760 1167 Nr. 44
350 1085 1787 1229 L österr. behördl. conc. Bureau für Zeitungsberichte u. Personalnachrichter
1798 1097 3050 1238 Ausschnitt aus: Salzburger Zeitung
563 1152 1569 1271 Wien, IX/1, Türkenstrasse 17.
740 1227 1394 1333 Filiale in Budapest: „Figyelöt —
1805 1251 2276 1358 vomis 4 1770:
344 1252 1784 1428 Vertretungen in Berlin, Chicago, Genf, London, Newyork, Paris, Rom, Stockholm.
329 1432 1784 1549 Ausschnitt aus: Vafahnzen Scre dameenge
332 1536 629 1628 vom: 7%%
623 1551 847 1665 7227
2336 1555 2834 1667 Stadttheater.
2089 1624 3122 1732 Lebendige Stunden. Erst vor Kurzem hat
2020 1695 3112 1781 ein Burgtheater=Ensemble einige Male an unserer
2024 1736 3113 1825 Bühne gastiert, und nun hat sich bereits eine zweite
2018 1796 3113 1872 kleine Künstlerschar vom k. k. Hofburgtheater als
644 1801 1643 1904 eine glanzbblisten Leistungen delcundel
2022 1834 3108 1931 Gast eingefunden, über welche sich abermals nur das
503 1873 1634 1938 Stadttheater. Trotz des schönen Wetters, trotz der
2014 1882 3100 1980 Beste sagen läßt. Am ersten Abend vermittelte uns
403 1924 1628 1986 vielen Konzerte und Varietees gelang es Herrn Direktor
2018 1926 3092 2027 das Ensemble, bestehend aus den Herren Heine,
415 1958 1636 2008 Weiß vorgestern einen ziemlich guten Besuch zu erzielen. Das:
2015 1969 3205 2078 Biesantz, Waschatko und den Damen Rabitow und gzive
409 2005 1614 2074 Hofburgtheaterensemble machte uns mit einer Novität
1798 2002 1902 2080 Für
1917 2007 3189 2116 50 2 Moncza, die neuesten Einakter Schnitzlers „Lebendige irto.
1916 2058 2010 2109 100
421 2050 1634 2116 Arthur Schnitzlers bekannt, mit einer Individualität, welche
2024 2081 3197 2172 Stunden. So gut auch die Darstellung war, die lbar
1901 2099 2020 2149 200
401 2097 1624 2148 der Dichter in den letzteren Jahren mit besonderer Vorliebe
1906 2138 2015 2185 500
2018 2124 3212 2190 hohle und gesuchte Romantik des Schauspiels „Die soraus.
406 2139 1633 2193 pflegt. Seit Schnitzler in seinen „Liebeleien“ getändelt,
1829 2185 3236 2266 " 1000 Frau mit dem Dolche“, konnte sie nicht verhüllen. sit das
413 2175 1633 2260 hat er einen ganzen Cyklus von Einaktern geschaffen, mit
416 2231 1625 2292 eigenartigen pikanten Reizen. Tugendgestalten sind es nicht,
1926 2232 3248 2299 Im (So schön die Künstler auch die Verse Schnitzlers ge¬ es den
408 2274 1615 2324 die Schnitzlers vor uns entwirft, er holt seine Stoffe stets
1806 2256 3105 2358 Abonnemen sprochen haben, es blieb ihnen versagt Plastik in die.
274 2274 393 2370 Für
1809 2310 2883 2390 Abonnentenglatten Sentenzen des Stückes zu treiben.
410 2316 1623 2387 aus lockerer Gesellschaft und geht mit scharssinniger Be¬
413 2350 1615 2429 obachtung an die Analysezergliederung seiner Charaktere.
2087 2349 3245 2454 Leichter war es der mit ziemlich krassen Effekten iend die
289 2398 356 2445 „
420 2414 1667 2476 „Lebendige Stunden“ nannte Schnitzler diese drei Ein=se
3060 2417 3239 2466 irgen¬
1924 2386 3242 2492 Der ausgestatteten Spital=Komödie „Die letzten Mas=zeitung“)
287 2434 329 2477 „
1814 2422 2024 2480 Inhaltsang
416 2449 1627 2519 akter mit denen uns das Hofburgtheaterensemble gestern
286 2466 380 2535 „
1820 2470 3248 2542 blätterken; zu einer tief gehenden Wirkung zu verhelfen„haftliche
410 2495 1683 2583 bekannt machte. Der erste Einakter „Die Frau mit dem .
1817 2520 3262 2600 wodurch e obwohl auch dieses Schauspiel an krankhafter Erfindiese Mit¬
254 2536 412 2601 Abonne
430 2538 1612 2606 Dolche“ konnte zwar keinen tieseren Eindruck auf die Thea¬
1824 2547 3080 2643 Leben des dungssucht nichts zu wünschen übrig läßt. Die Herrer
249 2588 416 2643 Abonne
420 2584 1697 2653 terbesucher machen. Ein überspanntes Weib, das ihrem flas
1818 2592 3071 2684 theilungen Heine (Rademacher) und Biesantz (Jackwert) zeigter
411 2631 1707 2706 Sinnestaumel unterliegt, eine psychologische Studie, die sen
2002 2650 3061 2725 sich darin als vollendete Schauspieler realistische:
412 2665 1617 2736 trotz der großartigen Darstellung des Fräulein Clara Ra¬
2010 2696 3076 2760 Darstellungskunst. In dem Lustspiel „Literatur
242 2696 1626 2775 Inbalts biton als Pauline, Herrn Albert Biesantz als Leonhard;
2003 2735 3078 2809 hat sich Schnitzler wieder zur Lustigkeit und zum
247 2756 1682 2804 blätt und Albert Heine als Remigo, nicht „lebendig“, sondern sie
2004 2784 3072 2863 sprühenden Humor seines „Anatol“ erhoben, und sich
240 2790 1651 2886 wodurch nur langweilig wirkten Die Dialoge sind mit der Schnitz¬
236 2824 1665 2927 Leben eler eigenen Eleganz geführt und voll tiefgründender Geist= he
1999 2836 3065 2916 damit den zweifellos stärksten Erfolg unter diesen
246 2868 420 2933 theilung
404 2889 1676 2964 reicheleien.“ Der zweite Einakter „Die letzten Masken"it¬
1997 2873 3061 2973 Einaktern erworben. Gespielt wurde dieser Scher#
407 2935 1626 2998 führt in ein jodosorm geschwängertes Spitalszimmer, in
1995 2920 3058 3029 von den Herren Heine (Gilbert), Biesantz (Cles
403 2981 1639 3024 dem Journalist Rademacher (Albert Heine) mit dem
1990 2986 3074 3085 mens) und Frl. Rabitow (Margarethe) einfach
1989 3015 2198 3087 brillant.
401 3041 1620 3101 Tode ringt. Großartig ist es, wie Schnitzler den tief¬
400 3059 1632 3140 traurigen Eindruck, durch den munteren, an sein Ende
2053 3059 3082 3176 Das Publikum folgte den Einaktern mit größtem
407 3111 1638 3189 absolut nicht glaubenden Schauspieler Jackwert (Albert
1990 3100 3060 3196 Interesse und zeichnete die tadellose Darstellung mit
405 3166 1622 3202 Biesantz) auszugleichen versteht. Die letzten Masken benützt
1990 3167 3069 3259 starkem und lebhaften Beifalle aus. Der Besuch man
403 3202 1621 3269 Schnitzler eigentlich dazu, um der Wiener Kafseehaus¬
1992 3208 2336 3276 zufriedenstellend.
409 3255 1628 3314 Literatur=Klique gründlich an den Leib zu rücken. Einen
2058 3249 3061 3330 Für das literarisch gebildete Publikum war ge¬
401 3288 1610 3351 Bombeneffekt erzielte der Dichter mit seinem Einakter
1988 3286 3066 3375 wiß der zweite Abend des Ensemble=Gastspieles noch
403 3337 1604 3397 „Litteratur“. Dieses Lustspiel sprüht von geistreichen
1991 3355 3058 3435 interessanter, nachdem Max Dreyers Erstlingswerk,
406 3391 1623 3454 Witzen und tollen Einfällen, es ist fast unmöglich all den
1987 3395 3074 3480 das Schauspiel „Drei“ zur Aufführung gelangte, ein
406 3423 1604 3477 verblüffenden Bockssprüngen seines Humors zu folgen.
1982 3442 3061 3505 Schauspiel, welches bereits vor zehn Jahren ge¬
401 3471 1624 3529 Die Beifallsstürme, die vorgestern durch das Theater tobten,
1983 3493 3067 3570 schrieben wurde, bisher aber trotz seiner Gediegen¬
408 3523 1623 3555 wollten kein Ende finden. Die Darstellung auch dieses
1977 3539 3055 3610 heit und seines literarischen Wertes den Weg über
397 3562 1618 3607 dieses letzten Einakters gestaltete sich zu einer Glanzlei¬
1987 3585 3052 3647 die deutschen Bühnen nicht finden konnte. Erst vor
412 3594 1629 3651 stung. Herr Heine als Gilbert, Herr Biesantz als Cle¬
1992 3634 3056 3712 Kuczem kam von demselben Autor das Stimmungs¬
405 3652 1610 3707 mens und Frl. Rabitow als Margarethe waren ein
1976 3680 3051 3772 schauspiel „Winterschlaf“ durch das erste Hof¬
408 3687 1611 3751 Kleeblatt wie es sich schöner und kunstgerechter nicht zu¬
409 3735 1615 3793 sammenstellen ließe. Herr Heine spielte mit einer Vir¬
1985 3730 3047 3808 Purgtheater=Ensemble mit starker dramatischer Wir¬
407 3784 1609 3837 tuosität und Natürlichkeit, die ihres gleichen sucht. Doch
1979 3752 3052 3839 Jung zur Aufführung. Auch der „Winterschlaf“ teilt
405 3829 1622 3890 die Fähigkeiten des Einen des Hofburgtheaterensembles
1973 3818 3044 3908 hit Drei“ dasselbe Schicksal und doch sind dies
404 3855 1615 3931 loben, hieße das Können des Anderen schmälern, und das
1972 3865 3048 3954 höchst spannende und großzügige Werke, welche eine
407 3914 1614 3972 liegt mir fern, denn sie alle haben Vortreffliches geleistet
1973 3928 3038 3998 ganz andere Beachtung verdienen würden, wie sie
391 3962 1612 4024 und wer sich diesen genußreichen Abend entgehen ließ,
1975 3973 3048 4041 ihnen zuteil geworden ist. Die Schuld liegt entschieden
399 4001 1546 4064 mag zusehen, ob er noch einmal Gelegenheit hat, i
1972 4020 3044 4110 auf Seite unserer heutigen Theaterdirektoren, welche
394 4048 1611 4107 denselben zu verschaffen. An diesem Experiment des Di¬
1980 4068 3034 4142 von Literatur meistens so viel wie nichts verstehen;
406 4099 1642 4177 rektor Weiß dürfte wohl auch unsere Theaterintendanz
1971 4108 3036 4189 sonst wäre es wohl unmöglich, daß solche Komödien
406 4136 746 4213 Freude haben.
1972 4162 3037 4258 wie die beiden Dreyers so lange unbeachtet links
