3484 4256
348 115 2012 221 16. 1. Lebendige Stunden—Zyklus
2166 121 2616 221 box 21/2
1192 1224 1660 1328 Telephon 12801.
801 1312 2041 1419 Alex. Welgl’s Unternehmen für Zeitungs-Ausschnitte
1815 1375 3151 1479 Ausschnfenden eidige Daller zu verleihen. In dem zweiten Einacter,
1974 1434 3157 1507 e Frau mit dem Dolche“, rührt Schnitzler an das Problem
1031 1391 1735 1542 „OBSERYER“
1869 1468 3143 1536 Mi Seelenwanderung: für die junge Frau Pauline verbinden
689 1510 3143 1595 I. österr. behördl. conc. Bureau für Zeitungsberichte u. Personalisich Stunden der Gegenwart mit anderen, die sie in ferner Ver¬
1898 1572 3139 1645 gangenheit durchlebt zu haben meint. Frau Pauline, die mit
929 1591 3137 1666 Wien, IX1. Trirkenstnasse 12. ihrem Liebhaber in einer Gemäldegalerie flirtet, glaubt plötzlich,
1906 1659 3143 1718 in dem alten Bild einer Frau mit einem Dolch in der Hand sich
1106 1656 1744 1741 Filiale in Budapest: „Flgyelö“-
1916 1707 3138 1776 zu erkennen. Und sie versinkt in Sinnen und sieht sich leben im
695 1713 1918 1815 Vertretungen in Berlin, Chicago, Genf, London, Newyork, Paris, Rom
1916 1748 3145 1816 Italien der Renaissance. Da heißt sie Paola und hat, während
1906 1792 3146 1856 lihr Gatte, der Künstler, abwesend war, sich dem jungen Lionardo,
1917 1839 3151 1900 hingegeben. Der Gemahl kehrt heim, und sie gesteht ihm ihre
696 1849 1221 1947 Ausschnitt aus:
1913 1886 3157 1958 Schuld; aber er lehnt es ab, den Schänder seiner Ehre zu,
1913 1940 3145 1999 strafen. Da stößt Paola selbst Lionardo den Dolch in die
1918 1959 3156 2039 Brust. Ihrem Gatten aber giebt die That nur die Auregung
1912 2011 3018 2084 zu einem Gemälde, der „Frau mit dem Dolche".
703 2000 1235 2126 voms 2 1/ 7 7202
1912 2053 3150 2123 Pauline wacht aus ihren Träumen auf und verabredet mit
1921 2111 3152 2163 ihrem Liebhaber ein Stelldichein. Schnitzler ist mit diesen
1912 2150 3132 2212 beiden Einactern in Gedankengebiete gedrungen, die seinem künst¬
1908 2206 3127 2252 llerischen Vermögen, das wesentlich aus dem Boden der Wirklich¬
1918 2228 3137 2302 keit seine Kraft zieht, fern liegen; so blieb er im Abstracten
832 2269 3135 2328 ec Wron orzezze#stecken, seine Gedanken gewannen keine plastische Form, und
1916 2329 3129 2384 Vieles erscheint gekünstelt und construirt. Dagegen steht
1914 2366 3142 2431 Schnitzler's dichterische Gestaltungsfähigkeit in den beiden letzten
1912 2413 3137 2488 Einactern des Cyklus auf voller Höhe. „Die letzten Masken“
1900 2454 3141 2524 ##as werthvollste der vier Werke, führt uns in ein Krankenhaus,
775 2510 3148 2564 Das neue Jähr hat endlich auch den ersten Premiérenabendim dem der Journalist Rad##nacher im Sterben liegt. Vor seinem
696 2568 3153 2611 in dieser, an Enttäuschungen und Mißerfolgen reichen Spielzeit!Tode möchte er seinen einstigen Freund, den jetzt berühmten
710 2583 3145 2675 gebrachts an dem man sich an guter literarischer Kost erfreuen Schriftsteller Weihgast, noch einmal sehen, um ihm ins Gesicht zu sagen,
704 2642 3142 2710 konite. Das war, als im Deutschen Theater Arthur Schnitzler's ldaß er ein Hohlkopf, daß sein Ruhm Schwindel ist und daß seine Frau
1928 2693 3138 2746 ihn schmählich betrogen hat. Als Weihgast dann aber konimt und alle
707 2694 1926 2755 Einacter=Cyklus „Lebendige Stunden“ zum ersten Mal gespielt
1922 2729 3141 2793 seine kleinlichen Sorgen und Leiden vor Rademacher auskramt,
692 2722 1936 2807 wurde. Es ist keine große, in die Tiefen des Lebens hinein¬
1925 2776 3141 2831 da schweigt der Sterbende in weiser Erkenntniß: Wie armselig
703 2769 1937 2848 kleuchtende Kunst, die der melancholische und ironische Wiener
1930 2804 3140 2876 sind doch die Lebenden! Was gehen ihn, den dem Tode Geweihten,
705 2829 1933 2883 Poet, der mit einem milden, klugen Lächeln auf die Tragikomödie
708 2877 3143 2923 des Lebens blickt und mit weicher Hand kleine Bildchen aus ihr die Sorgen derer an, die morgen noch sind? Den drei ersten
1929 2905 3145 2957 Stücken folgt als Abschluß ein überars lustiges: „Literatur“.)
714 2913 1936 2982 heraushebt, in den „Lebendigen Stunden“ bieret; aber es ist eine
1935 2946 3157 3013 In den Scenen, die sich da zwischen dem Baron Clemens mit
707 2951 1930 3009 geistreiche, in gefällige Form gekleidete Kleinkunst nach Art der
677 2997 3139 3049 Afrüheren Einacter Schnitzler's und seiner Anatolscenen, die gutelden „wohl gepflegten Händen und dem ungepflegten Verstand“!
675 3012 3152 3113 AGedanken neu gefaßt hat und dem Leben immerhin einen Spiegel seinem Schatz Margarete und dem Schriftsteller Gilbert abspielen,
705 3075 3156 3150 vorzuhalten versucht. In dem Titel des Cyklus darf man nichts der einst mit Margarete sehr lebendige Stunden verbracht hat,
707 3128 3160 3195 Tiefsinniges suchen; er bedeutet nicht mehr, als er sagt: in jedes die jeder von ihnen dann in einem Roman verarbeitet hat, das
682 3165 3153 3223 kr Menschen Dasein giebt es einmal wahrhaft lebendige Stunden . .. lfunkelt und blitzt es von Witz und Grazie, und aller Spott, den
686 3216 3161 3266 d In dem Leben des alten Hausdorfer — im ersten Stück des ein moderner Dichter über die entarteten Genossen seiner Zunft,
684 3266 3162 3343 PCyklus waren es die, die er mit der eben verstorbenen Mutterdie Kaffeehausgenies und die selbstgefälligen Helden der Bohème,
679 3303 3160 3388 Zeines jungen Dichters verbracht hat. Die Frau war sein einzigerlausgießen kann, rauscht hier in klingendem Geplätscher an unser
705 3354 3168 3416 Egamerad und Freund, und mit ihrem Tode hat er alles verloren. Ohr und weckt behaglichstes Gelächter. „Literatur" und „Die
707 3389 3170 3456 Dem vergrämten Alten tritt der junge Dichter mit der Spann=letzten Masken“ gehören zu den „lebenoigsten“ Einactern, die in
720 3435 2625 3509 kraft der Jugend gegenüber. „Lebendige Stunden? Sie lebenden jüngsten Jahren entstanden sind.
710 3490 1954 3548 doch nicht länger als der letzte, der sich ihrer erinnert.“ Und er
718 3526 1968 3615 schätzt sich glücklich, daß sein Beruf ihn befähigt, vergangener¬
