3436 4384
2084 244 2538 326 box 21/3
280 233 1941 351 16.1. Lebendige Stunden zuklus
756 1247 1215 1351 Telephon 12801.
2266 1315 2730 1406 Telephon 12801.
368 1333 1600 1440 Alex. Weigl’s Unternehmen für Zeitungs-Ausschnitte
1896 1393 3104 1506 Alex. Weigl’s Unternehmen für Zeitungs-Ausschnitte
1369 1418 1597 1501 Ausschnitt
1258 1428 1350 1515 (C
600 1448 1292 1563 „OBSERYER“
2888 1480 3112 1557 Ausschnitt
317 1457 540 1568 a
1415 1475 1671 1572 Nr. 89
2105 1493 2837 1619 „OBSERVER“
268 1528 1714 1625 I. österr. behördl. conc. Bureau für Zeitungsberichte u. Personalnachrichten
2927 1538 3188 1641 Nr. 90
1781 1595 3227 1694 I. österr. behördl. conc. Bureau für Zeitungsberichte u. Personalnachrichten
468 1610 1498 1700 Wien, IX/1, Türkenstrasse 17.
1994 1667 3023 1775 Wien, IX/1, Türkenstrasse 17.
667 1679 1308 1763 Filiale in Budapest: „Figyelö“ —
2167 1741 2826 1815 Filiale in Budapest: „Figyelö“ —
259 1715 1691 1837 Vertretungen in Berlin, Chicago, Genf, London, Newyork, Paris, Rom, Stockholm.
1777 1790 3209 1881 Vertretungen in Berlin, Chicago, Genf, London, Newyork, Paris, Rom, Stockholm.
263 1860 789 1970 Ausschnitt, aus:
1775 1941 2311 2028 Ausschnitt aus:
532 1948 907 2068 17170 —
253 2019 543 2113 vom: „
1771 2044 2415 2154 Sere. 7 W 179 ——
2841 2070 2992 2176 ME
2155 2408 3106 2509 Im Deutschen Schauspielhaus Bürden heute
711 2425 1288 2544 Theater und Mnsik.
1988 2474 3120 2579 Abend die seit der Berliner Première lebhaft erwarteten
561 2484 1469 2594 Deutsches S###pielhaus. Der Schnitzler'sche
2002 2543 3109 2606 vier Einakter, die Arthur Schnitzler unter dem Ge¬
529 2568 1485 2639 Einacter=Cyelns „Lebendige Stunden“ ist mit starkem
2011 2585 3123 2673 sammttitel „Lebendige Stunden“ vereinigt hat, dem
537 2602 1453 2683 äußeren Erfolg zum ersten Male in Hamburg in
2014 2631 3125 2697 Hamburger Publikum zum ersten Mal vorgeführt. Der
538 2660 1463 2734 Seene g gangen. Ueber die Aeußerlichkeit des Er¬
2020 2680 3123 2765 Erfolg der Stücke war nicht gleichmäßig. Nach dem ersten,
541 2693 1470 2782 folges kann das lauteste Klatschen nicht hinweg
2019 2735 3119 2815 etwas breit angelegten und im ganzen ein wenig monoton
531 2757 1469 2822 täuschen, und die geringe Erwärmung des Publicums
260 2764 318 2832 FU
388 2784 532 2843 50 Zeit
2026 2765 3126 2844 verlaufenden Einakter „Lebendige Stunden“ war der
539 2784 1458 2861 bleibt trotz des Bei alls erkennbar. Zudem sind
1460 2789 1639 2886 Inclusive
1743 2807 1861 2899 Für
1868 2825 3118 2889 50 Zeit Beifall lau. Bei dem zweiten „Die Frau mit dem Dolch“
537 2828 1461 2899 den Schauspielern glänzende Rollen geboten, und
242 2865 454 2947 200
1471 2869 1620 2917 Porto.
1853 2883 1963 2928 100
2016 2874 3119 2964 ließ sich das Publikum außerordentlich durch die Beschaffen¬
544 2871 1450 2959 das vortreffliche Spiel, das dadurch zu Stande
351 2902 456 2947 500
1862 2909 1971 2968 200
532 2918 1638 3004 kommt, hat wohl den Hauptantheil am Applaus, Zahlbar
2030 2932 3137 3001 heit des Bildes stören, das im Mittelpunkt des Interesses
331 2938 456 2994 1000
1231 2946 1656 3020 — „ Voraus.
1848 2952 1963 3007 500
2033 2955 3128 3047 steht. Noch während der ersten Verwandlung herrschte eine
1829 2997 1968 3058 1000
362 2985 1675 3060 Im Gegtusatze zu änderen Bureanx für Zeitungsausschnitte ist das
1864 3013 3126 3087 Im Ger bedenkliche Heiterkeit. Später aber zog das Stück die Zu¬
248 3010 1681 3113 Abonnement durch keine bestimmte Zeitdauer begrenzt; — auch stcht es den
239 3082 1554 3141 Abonnenten frei die aufgegebenen Themen zu ergänzen oder zu ändern.
2034 3078 3184 3148 schauer in seinen Bann. Nach dem Schluß des zweiten wie #
1749 3067 2038 3138 Abonnement d
1759 3125 2028 3190 Abonnenten fr
2042 3119 3162 3189 nach dem des dritten Einakters, der den Titel „Die letzten n
350 3119 1671 3223 Der „OBSERVER“ veranstaltet täglich einen Auszug enthaltend die
2040 3170 3134 3241 Masken“ führt, wurde sehr lebhaft applaudirt. Die Be¬
236 3183 1686 3267 Inhaltsangabe aller wichtigen Mittheilungen der Wiener Morgen¬
1853 3192 1983 3257 Der
2041 3211 3151 3286 geisterung erreichte aber ihren Höhepunkt bei dem prachtvoll
249 3234 1672 3305 blätter (Tagesjournale ausser „Neue Freie Presse“ und „Wiener Zeitung")
1747 3239 2044 3303 Inhaltsangabe
2034 3265 3190 3349 gespielten und überaus lustigen letzten Stückchen „Lite¬
252 3277 1670 3350 wodurch eine Uebersicht über das gesammte politische und wirthschaftliche
1754 3287 2033 3350 blätter (T:
238 3298 1665 3402 Leben des In- und Auslandes in drastischer Kürze geboten wird. Diese Mit¬
1755 3325 2023 3379 wodurch eine
2041 3317 3178 3394 ratur". Jede Pointe erregte laute Heiterkeit und nach dem )
242 3346 1271 3431 Stheilungen werden in Wien um 9 Uhr Früh verschickt.
1821 3367 2041 3417 en des In
2035 3363 3188 3447 Schluß mußte sich der Vorhang immer wieder heben. Wir
1818 3402 2036 3477 ilungen wer
2027 3415 3166 3501 werden morgen ausführlich über das Werk Arthur Schnitzler's.
558 3419 1343 3537 Prospecte graris und fnanco.
2032 3475 2846 3600 berichten, gere gratis und frange.
