3484 4256
262 222 2411 319 16.1. Lebendige Stunden Zyklus box 21/5
2576 805 2983 899 Telephon 12801.
1827 982 2967 1097 * Minm trntrnirereernnnen
1836 1069 2984 1152 O l. österr. behördl. konz. Unternehmen für Zeitungs-Ausschnitte
1844 1132 1934 1181 6
1997 1132 2891 1225 Wien, I., Concordiaplatz 4.
407 1131 530 1243 6
696 1094 1295 1263 Tessing=Theater.
2234 1202 2662 1279 Vertretungen
384 1215 1566 1335 Neu einstudiert: „Lebendige Stunden“, vier Einakter
1849 1245 2992 1306 G in Berlin, Budapest, Chicago, Christiania, Genf, Kopen¬
696 1289 1262 1365 von Arthur Schnitzler.
1830 1285 3002 1369 hagen, London, Madrid, Mailand, Minneapolis, New-Vork,
1942 1337 2965 1405 Paris, Rom, San Francisco, Stockholm, St. Petersburg.
409 1308 1605 1422 M. J. Die neue Ernte scheint leider keinen guten Geschmack zu ver¬
2249 1381 2646 1443 (Quellenangabe ohne Gewahr.)
345 1358 1598 1464 heißen. Sonst würde der Direktor des Lessing=Theaters sich schwerlich
343 1403 1601 1509 dazu entschließen, zum zweiten Male einen älteren Jahrgang aus
1862 1424 2354 1517 Ausschnitt aus:
2654 1421 3061 1542 #ung, Berlin
343 1440 1611 1566 dem Keller zu holen. Dieser Repetitionskursus, der mit dem
1834 1504 1941 1555 12
345 1485 1608 1589 „Tal des Lebens“ beganu, brachte uns gestern Schnitzlers seit
2153 1516 2377 1592 3 1908
352 1532 1601 1626 sechs Jahren bekannten Einakterzyklus „Lebendige Stunden“.
1848 1547 2070 1617 E vom:
345 1577 1602 1671 Nicht doch, der Zyklus ist ja zersprengt. Denn das erste Drama, das
334 1621 1041 1696 den symbolischen Titel deutete,
1028 1647 1589 1714 ist inzwischen kurzerhand
2184 1665 2893 1741 Theater und Musik. 1977.
333 1654 1590 1776 gestrichen worden. Dafür wurde der Puppenspieler“
1869 1712 3059 1781 Im Lessing=Theater wurden gestern abend Arthur Schnitzlers
1835 1769 3055 1820 „Lebendige Stunden“ mit sehr starkem Erfolg wieder auf¬
1849 1816 3055 1869 genommen. Das melancholische Herbstück, das unserem geist¬
1849 1844 3047 1906 reichsten und literarisch dauerhaftesten Einakter=Cyklus den
372 1827 1632 1919 gleichfalls ein alter Bekannter, an den Anfang gesetzt. Das braucht
2411 1885 3051 1948 nun definitiv durch den in¬
1838 1888 2309 1947 Namen gegeben hat,
366 1885 1625 1951 weiter nicht tragisch genommen zu werden. Denn Einakter, die sich
1840 1920 3062 1986 teressanten, vor allem schauspielerisch lohnenderen „Puppen¬
373 1938 1630 2020 auf der Bühne zusammenfinden, pflegen meist in wilder Ehe zu¬
1841 1963 3052 2016 (pieler“ ersetzt worden. Auch das folgende Schauspiel „Die
363 1958 1623 2065 leben, und das Gesetz, das ihre Gemeinschaft zum Schein abstempelt,
1838 1998 3054 2063 Frau mit dem Dolche“ obgleich durch lebhaften Beifall
364 1998 710 2071 heißt der Zufall.
1839 2025 3053 2096 anerkannt, hätte ich gerne ersetzt gesehen. Seelenwanderung,
430 2035 1623 2123 Schnitzlers Grazie, die dem Pathos und der Flachheit gleich fern!
1840 2082 3057 2141 in diesem Falle aus einem modernen Museum zu einer
359 2089 1616 2166 zu bleiben weiß, ist vor dem Schicksal des Veraltens geschützt.
1838 2121 3055 2174 Renaissancerevision, ist ein dankbares Motiv, aber gerade wenn es
376 2138 1615 2209 Gerade seine kleineren Bühnenwerke können eine Wiederholung alter
1604 2143 1676 2226 *
1837 2156 3062 2214 sich vor unseren Augen versinnlicht, erstickt es die angeregte Phantasie.
363 2179 1686 2239 Eindrücke am besten vertragen, ohne zu enttäuschen. Gestern ver=
1846 2203 3057 2251 Auch wenn das Lessingtheater seine Maschinerie gewandter handhabte,
360 2227 1620 2302 sagte nur das Schauspiel „Die letzten Masken“, die Spitalszene,
1844 2239 3050 2295 sie drückt zu stark auf diesen dramatischen Einfall, setzt ihn zu
368 2267 1624 2344 in der ein Entgleister seine Nache an dem erfolgreichen Rivalen
1849 2284 3055 2326 langsam und umständlich auseinander. Eine Bühnenminute kann
1841 2314 3055 2370 eine Ewigkeit veranschaulichen; werden aber zehn Minuten hinterher
364 2309 1621 2383 so künstlich vorbereitet, um zum Schlusse auch auf diesen
1843 2352 3052 2398 für einen Augenblick halluzinatorischer Abwesenheit ausgegeben,
367 2351 1621 2417 letzten Trumpf in der Verklärung der Todesstunde zu verzichten.
1853 2390 3059 2443 so kann mein Verstand allenfalls zustimmen, während meine
361 2390 1623 2453 Albert Bassermann mag an diesem lauen Erfolge die Schuld
1840 2422 3054 2476 Phantasie sich weigert. Ein anderes Vergehen gegen die
358 2432 1614 2496 tragen. Denn er hat sich verleiten lassen, die salbungsvolle Nichtigkeit
1852 2469 3060 2536 poetische Illusion verschuldet die mangelhafte Sprechkunst,
360 2489 1614 2546 des Glückskindes allzu aufdringlich zu karikieren. Zum Ausgleich ließ
2533 2497 3059 2565 musikalische Leben des
1849 2504 2543 2567 wenn alles auf das sinnliche,
357 2513 1614 2586 er seine Kunst in den beiden anderen Rollen, die er beibehalten hat,
1843 2534 3075 2606 Verses ankommt. Herr Stieler, der sich im ersten Stück
357 2571 1617 2612 desto verschwenderischer leuchten, Als „Puppenspieler“, der sich als
1843 2586 3062 2631 durch seine schlichte Herzlichkeit ausgezeichnet hatte, eben¬
363 2608 1614 2672 Schicksalslenker seiner Mitmenschen aufspielt, um seine Ohnmacht an
1847 2612 3058 2679 so wie seine Partnerin Frau Hofmann hat nie einen Vers
353 2639 1612 2701 einem rührsamen Exempel zu erkennen. Vor allem aber als
1848 2660 3070 2713 sprechen können, und Herr Decarli, vom Dresdener Hoftheater er¬
366 2689 1614 2736 fendaler Sportsman in der köstlichen Satire „Literatur", deren
1853 2694 3064 2751 zogen, spricht wieder den Vers so reinlich, daß er sich auch von aller
359 2733 1611 2793 Bosheiten gestern so herzlich wie am ersten Tage belacht wurden.
1838 2722 3073 2794 Bestimmtheit des Affekts gereinigt hat. Der Dialog der beiden folgenden
360 2780 1617 2835 Die lässige Grazie dieses Aristokraten, der seine bedächtige Ruhe auch
1852 2782 3056 2841 Stücke: „Die letzten Masken“ und Litteratur“ der geistigste,
1847 2816 3058 2867 anregendste, funkelndste, den ein deutscher Dramatiker unserer Zeit
362 2810 1613 2867 im Moment der Erregung nicht einbüßt, spielt ihm so leicht niemand
1848 2845 3070 2901 geschrieben hat, wurde mit anderer Sicherheit und mit allen Lannen
348 2868 1618 2938 nach. Nur ein subtiles Können darf es wagen, barbarisch und doch
1852 2892 3071 2938 von zarter Melancholie bis zur spitzbübischsten Satire wiedergegeben.#
346 2895 1611 2966 nicht unliebenswürdig, banausisch und doch nicht lächerlich zu scheinen.
1855 2936 3059 2981 Die Hauptrollen sind in den bewährten Händen geblieben, und sief
419 2942 1613 3010 Irene Triesch sekundiert ihrem Partner nach wie vor in diesem
1844 2969 3066 3029 können in keine besseren kommen. Herr Reicher exzellierte wieder
357 2985 1616 3050 Einakter, der seinem Antor allein schon den spät errungenen Grillparzer¬
1853 3005 3059 3067 mit seinem sterbenden Literaten. Herr Bassermann prangte durch
350 3023 1610 3083 Preis hätte erobern sollen. Sie nuanciert ein wenig greller als früher,
1856 3051 3064 3101 drei Stücke mit seiner geistreichen Erfindung, mit seiner unerschöpf¬
359 3067 1613 3133 ohne die Eindringlichkeit ihrer Wirkungen zu schmälern. Die
1852 3081 3075 3134 lichen Wandelbarkeit, und Frau Triesch gab ihre entschlossene
357 3114 1609 3177 Leidenschaft, die sie hier als gerettete und rückfällige
1847 3123 3074 3185 Wärme dazu. Die Rittnerschen Rollen hat Herr Forest geerbt, der?#
347 3149 1611 3222 Aesthetin so launig parodiert, darf sie ohne Ironie als „Frau
1855 3166 3056 3217 sich eine würdige Nachfolge, namentlich in Literatur", mit
341 3196 1606 3256 mit dem Dolch“ austoben. Dieses Traumstück, das nach¬
1848 3202 3059 3267 seinem bedächtigen Humor erstritt. Bis die guten neuen
340 3243 1605 3300 denklich an das Problem der Seelenwanderung rührt, könnte
1852 3239 3061 3297 Stücke kommen, soll man es nur mit den guten älteren
345 3273 804 3330 in der Inszenierung
2303 3267 3070 3331 in dem theatralischen Mißvergnügen
795 3281 1608 3346 ein kräftigeres Aufgebot an drama¬
1854 3284 2312 3338 versuchen. Es war,
1848 3324 3062 3369 dieses Winters, ein lustvoller, erfrischender, abwechslungsreicher
343 3322 1605 3391 turgischer Phantasie vertragen. Doch seine zarte Mystik
1859 3364 3049 3409 Abend, dem man doch eine Einheit der Stimmung zuerkennen muß.
341 3354 1512 3425 errang gestern einen lebhafteren Beifall als früher,
1503 3374 1602 3430 da
1855 3398 3055 3454 Man hört feine Dinge über Leben und Sterben, man gerät in den
346 3394 1611 3486 der unzulängliche Liebhaber der Uraufführung jetzt von dem
1854 3438 3058 3485 angenehmen Zustand unangestrengten Sinnens man weiß nicht
347 3457 1607 3512 erfreulich gereiften Kurt Stieler abgelöst ist. Von den
1850 3475 3056 3530 recht worüber, und damit bewährt sich gerade das dichterische Gemüt,
353 3490 1602 3537 übrigen Ersatzmännern sind Emanuel Reicher und Karl
1848 3501 3065 3556 daß es trotz so viel Geist doch nicht zu Geist wird, daß es Un¬
346 3535 1617 3607 Forest zu nennen. Reichers sterbender Journalist in den
1854 3559 3068 3623 ausgesprochenes, leise weiter Wirkendes in den Untergründen zurück
341 3585 1630 3642 „Letzten Masken“ läßt die Illusion der verbitterten Seele nicht¬
1839 3587 2161 3664 behält. A. E.
