3436 4320
2050 180 2527 279 box 21/3
245 193 1917 289 16. 1. Lebendige Stunden - zuklus
1248 1588 1393 1680 eee
2597 1634 3349 1694 nalist im Spitale zu sterben. Er hat
1553 1649 2592 1710 der aufgezogen wird, sehen wir Paula und Leonhard
2608 1689 3343 1753 reund, den Modedichter Weihgast, der
1560 1683 2595 1749 im Renaissancecostüm in einem Gemache, er leiden¬
426 1547 1445 1785 Hr Lahendiges hindcst.
2590 1733 3343 1783 und geschickte Mittel berühmt und mit
1543 1739 2596 1802 schaftlich zu ihren Füßen nach einer heißen Liebes¬
446 1757 1538 1825 (Einacter=Cyelus von Arthur Schnitzler. Zum erstenmale
2592 1776 3349 1845 ein glücklicher und geachteter Mann
1542 1769 2592 1842 nacht zu ihr emporstammelnd, sie kalt abwehrend und
619 1818 1421 1894 aufgeführt im Franzenstheater am I. April.
2582 1816 3353 1876 Diesem will er noch vor seinem T#
1541 1824 2584 1881 als echtes Weib der Renaissancezeit ihm erklärend,
2586 1848 3349 1931 und Neid, den er gegen ihn hegt, ins
1550 1873 2596 1937 dass nicht Liebe, sondern nur Sinnenglut sie für
517 1857 1535 1932 Der erste Einacter: „Lebendige Stunden“, erzählt
2588 1892 3362 1966 dern und in sein unverdientes Glück
1533 1907 2590 1968 diese Nacht ihm zugeführt habe, und dafs sie weiter
490 1907 1544 1981 uns von der todkranken Mutter eines jungen Dich¬
2593 1951 3349 2022 durch das Geständnis werfen, dass de
1540 1956 2593 2023 mit ihm nichts gemeinsam haben wolle. Er will sich in
486 1951 1529 2019 ters, die sich das Leben nimmt, um ihren Sohn durch
2589 1994 3359 2057 Gattin durch zwei Jahre seine, des elen
1544 1987 2597 2062 Verzweiflung vor ihrer Thüre mit einem Dolche ent¬
485 2006 1542 2068 den Anblick und den Schmerz über ihr Leiden nicht
2594 2044 3350 2104 sten, Geliebte gewesen ist. Er lässt ihn
1546 2044 2581 2101 leiben, da kommt der Gatte hinzu, begrüßt gleich¬
487 2040 1544 2125 im künstlerischen Schaffen zu behindern. Aber die
2596 2084 3338 2147 und dieser erscheint gutmüthig und
1545 2090 2585 2143 giltig und ahnungslos seinen Schüler und seine Frau
496 2094 1542 2155 Pointe des Stückes liegt nicht in diesem Opfertode
2592 2115 3353 2179 klagt ihm zugleich, wie der Neid an sein
1552 2131 2602 2187 und geräth auch nicht viel aus seinem Phlegma, als
503 2138 1496 2191 selbstloser Mutterliebe — wir hören nur davon —
2591 2171 3354 2235 Ruhm greift und wie Kummer und So
1546 2174 2582 2228 ihm diese alles erzählt und der verzweifeinde Lieb¬
502 2189 1541 2236 sondern in der Antwort, die der erschütterte Dichter
2594 2203 3365 2271 und um seine theilweise missrathene#
1540 2216 2590 2277 haber ihn bittet, ihn zu tödten. Aber auch davon will
491 2225 1542 2281 dem alten treuen Freunde seiner Mutter auf dessen
2591 2251 3348 2313 quälen. Staunend hört ihn der Ster
1533 2261 2590 2313 der phlegmatische Künstler nichts wissen, bis die Frau
502 2258 1538 2330 Frage, ob er durch all sein Dichten und Schaffen
2592 2301 3352 2357 als er sieht, wie das vermeintliche Gl
1543 2293 2596 2364 selbst ihren Liebhaber erdolcht, worauf der Maler
499 2310 1545 2369 die Mutter wieder zum Leben erwecken könne, und ob
2581 2331 3351 2398 beneideten Freundes sich recht fadensch
1542 2339 2599 2409 sofort ins Nebengemach eilt, um Pinsel und Palette
490 2352 1534 2419 eine einzige lebendige Stunde, wo sich seine Mutter
2584 2388 3348 2452 da verschweigt er, was er auf dem H
1533 2389 2600 2460 zur Aufnahme dieser schönen Gruppe, die Frau mit
483 2398 1537 2461 im Garten der Sonne erfreute, nicht mehr wert sei,
2593 2439 3357 2489 erwidert auf die Frage des Jugendfrei
1540 2438 2583 2501 dem Dolche in der Hand vor dem Leichnam des Ge¬
500 2436 1540 2499 als seine ganze poetische Arbeit, im stotzen Selbst¬
2587 2457 3330 2531 er ihn eigentlich holen ließ, nur: „#
1543 2471 2596 2538 liebten, zu holen. Der Vorhang sinkt, und als er sich
497 2479 1544 2576 gefühle gibt: „Dessen Arbeit ist auch etwas wert, der
2594 2501 3365 2577 noch einmal seh'n“. Und darauf stirbt
1542 2535 2599 2582 hebt, sind wir wieder in der Bildergallerie, Leonhard
490 2529 1539 2601 diese lebendige Stunde zur ewig dauernden zu machen
2595 2549 3348 2628 letzten Worte lauten: „Was hat ein
1544 2580 2594 2632 sitzt zärtlich nahegerückt bei der geliebten Frau und sie
763 2576 1541 2641 Der zweite Einacter: „Die Frau mit
504 2570 784 2646 vermag.“ —
2593 2593 3354 2677 zu sagen, der morgen noch weiter leb
1553 2610 2592 2675 erklärt plötzlich: „Ich komme!“ Um das, was sie
494 2619 1537 2690 dem Dolche“ führt uns in eine Bildergallerie. Leon¬
2642 2640 3350 2698 Eine geistvolle Literatur=Komödie
1542 2654 2585 2717 eben in Vision vor dem Bilde durchlebt, nun auch
492 2660 1542 2739 hard und Paula, die von ihm heißgeliebte Gattin
2594 2675 3364 2743 Stück: „Literatur“ und von dem Verfa
1537 2694 2587 2763 leibhaftig zu erleben? Darüber schweigt der Dichter.
490 2703 1547 2766 eines Malers, stehen vor dem Bilde einer Frau im
2594 2724 3361 2788 tol“ mit französischem Esprit gemach
1538 2730 2599 2797 Oder hätten wir es hier mit occulistischen und spiri¬
485 2743 1535 2820 weißen Gewande mit einem Dolche in der Hand, die
2597 2773 3358 2832 kommene Literatur=Mondaine hat ein
1544 2783 2593 2842 tistischen Neigungen des Varfassers zu thun? Nur
497 2790 1533 2849 mit Paula Aehnlichkeit hat. Sie will der gefährlichen
2596 2818 3356 2875 nen Lebemann und Baron, der ihre Ve
1544 2819 2591 2890 schade! dass derlei Dinge das helle Bühnenlicht so
492 2832 1546 2908 Nähe des Geliebten entfliehen, und mit ihrem Gatten
2600 2864 3360 2927 seiner Einfalt nicht zu durchschauen ver
1542 2870 2599 2935 schlecht vertragen. Originell in der Erfindung und
502 2882 1545 2943 auf lange Zeit, vielleicht auf immer verreisen. Leon¬
2597 2900 3354 2955 Entschlusse sie zu heiraten, gebracht. D
1536 2910 2596 2963 von einer bei Schnitzler nicht eben häufigen dramati¬
506 2923 1546 2985 hard beschwört sie, noch einmal zu einem Stelldichein
2580 2949 3361 3015 Besuch ihres früheren Geliebten, eine
1548 2950 2594 3018 schen Wucht ist das dritte Stück, das in einem Spitale
500 2964 1542 3026 zu kommen. Sie verweigert es. Da fällt ihr Blick
2590 2988 3339 3064 abgekommenen Schriftstellers, bringt
1528 3002 2599 3071 vor sich geht: „Die letzten Masken“ Ein begabter
502 3012 1537 3073 wieder auf das Bild. „Leonard.“, fragt sie plötzlich,
1360 3047 1431 3114 7
2600 3037 3346 3102 denkliche Situation, aus der sie sich al
1533 3035 2590 3108 Dichter, Rademacher, hat es trotz Fleiß und Mühe
1408 3051 1551 3123 Ein
498 3057 1396 3115 „haben wir das nicht schon einmal erlebt?“
497 3084 3359 3160 Schleiervorhang fällt über die Bühne und als er wie= nicht weiter im Leben gebracht, wie als armer Jour= schickt herauszuwinden versteht. Die A
