3484 4320
1980 190 2427 299 box 21/5
262 192 1984 310 16.1. Lebendige StundenZukins
1370 1363 2450 1457 werter Leichtlebigkeit zu bezeichnen, die nicht unähnlich ist
1376 1447 2452 1494 jener, die im Schmerze Trost sucht im Champagnerkelche
1359 1495 2448 1557 oder in der Schnapsflasche, die eine große, hoffnungslose
1365 1526 2445 1606 Liebe zu überwinden und zu ermorden imstande ist in den
1364 1572 2448 1642 Armen der Dirne ... Jawohl, jene Umwertung kann
1360 1640 2436 1711 etwas Großes oder etwas Verächtliches sein, — es kommt
1357 1697 2240 1752 auf den Menschen an, in dem sie sich vollzieht.
1487 1717 2446 1794 In den „lebendigen Stunden“ zeigt der
1371 1755 2440 1839 Dichter an vier Fällen sowohl die Größe als auch die Ver¬
1358 1833 2438 1905 ächtlichkeit dieser Umwertung, — im ersten Akte läßt er es
1362 1875 2442 1951 sogar dem subjektiven Empfinden anheimgestellt, zwischen
1360 1916 2447 1994 Verächtlichkeit und Größe zu entscheiden. Denn wir zaudern
1355 1979 2448 2044 und schwanken, ehe wir uns entscheiden, den Jüngling zu
1360 2031 2436 2089 beneiden oder zu beklagen, der das große Opfer seiner
1366 2081 2439 2134 Mutter annimmt, die sich selbst tötet, um ihrem Sohne die
1368 2121 2435 2182 Schaffensfreudigkeit wiederzugeben, die durch ihre lang¬
1364 2174 2437 2223 wierige Krankheit in mitleidende Unfruchtbarkeit versunken
1369 2232 2436 2285 war. Dem Lebenden gehört die Welt! Aber Anton Haus¬
1361 2272 2440 2317 dorfer, der Freund der bewunderungswürdigen Mutter, ist
1357 2317 2441 2385 der Meinung, daß eine Stunde des Lebens mehr wert
1364 2370 2431 2446 ist, als das schönste Gedicht. Wer wollte dieser schlichten
1357 2416 2191 2479 Meinung sein Herz so ganz verschließen? —
1444 2464 2426 2538 „Die Frau mit dem Dolche“ ist eine litera¬
1365 2508 2436 2574 rische Bijoutterie von seltener Zartheit, die, um ganz aus¬
1359 2568 2432 2633 gekostet zu sein, von den feineren Nerven eines literarischen
1353 2618 2439 2674 Publikums aufgenommen sein will. Aus der Traumwelt
1352 2674 2428 2736 einer sensiblen Frau, die eben daran ist, der menschlichen
1355 2723 2420 2780 Bürde ihrer weiblichen Natur zu erliegen und einen Treu¬
1360 2767 2426 2820 bruch zu begehen, löst sich plötzlich ein Erlebnis auf trans¬
1359 2812 2439 2886 zendentalem Gebiete los. „Er“, mit dem sie eben die schiefe
1354 2858 2438 2923 Ebene betreten will, und „sie“ stehen in einem Museum
1354 2911 2437 2961 vor dem Bilde eines unbekannten Meisters: „die Frau mit
1344 2959 2439 3027 dem Dolche“ sieht ihr so merkwürdig ähnlich. Was deutet
1352 3014 2425 3073 die erhobene Hand, die den Dolch nach vollbrachter Tat
1348 3059 2432 3119 emporhält? So hat der unbekannte, vergessene Meister
1349 3106 2441 3159 dereinst seinen großen Schmerz um die Treulosigkeit seines
1356 3146 2419 3209 Weibes — umgewertet, so, in diesem grausam=schönen, ge¬
1356 3206 2432 3269 heimnisvollen Bilde, hat der Meister sein Weib verewigt,
1360 3250 2433 3318 als es den Geliebten einer schwachen Nacht ermordet hatte.
1343 3303 2431 3378 Sie liebte ihren Gatten, — und war doch schwach. Nun
