3392 4224
207 226 2474 328 16. 1. Lebendige Stunden Zuklus box 21/4
2267 1003 2746 1108 Telephon 12801.
1898 1112 3120 1203 Alex. Welgl’s Unternehmen für Zeitungs-Aussohnitte
2776 1166 3077 1269 2ce Ausschnitt
2153 1219 2844 1328 „OBSLHYEN
2894 1218 3152 1317 Nr. 5
1743 1301 3237 1373 1#4#hördl. conc. Bureau für Zeitungsberichte u. Personalnachrichtes
677 1352 1166 1457 Telephon 12801.
2056 1370 2987 1450 Wien, I., Concondiaplatz 4.
1786 1428 3232 1518 Vertretungen in Berlin, Budapest, Chicago, Genf, London. Newyork, Paris, Rom,
322 1444 1539 1514 Alex. Weigl's Unternehmen für Zeitungs-Ausschnitte
2155 1485 2884 1556 Stockholm, Kristiania, St. Petersburg.
224 1512 1545 1666 FCE „OBSERYER“ (Wichnit
1346 1575 1627 1673 Nr. 96
2500 1603 2712 1685 Fusie
1784 1605 2342 1719 Ausschnitt aus:
212 1651 1650 1730 österr. behördl. conc. Bureau für Zeitungsberichte u. Personalnachrichten
2332 1630 3090 1744 Moas: Toie 1. 0233, Guden
421 1706 1438 1796 Wien, IX/1, Türkenstrasse 17.
1793 1738 2397 1855 vom: 70 11 100
598 1780 1251 1864 Filiale in Budapest: „Figyelö“ —
198 1838 1647 1908 Vertretungen in Berlin, Chicago, Geuf, London, Newyork, Paris, Rom, Stockholm.
1141 1968 1354 2063 cen
189 1950 1122 2078 Ausschnitt aus: snlecter
2088 2006 2950 2073 — Theater= und Kunftnachrichten.—
2716 2055 3126 2126 Wien, 14. März.
2022 2086 3132 2175 [Deutsches Volkstheater.] „Lebendige Stunden“
206 2060 885 2215 vom #####70
1949 2131 3126 2217 der Einacter=Cyklus von Arthur Schnitzler, der bei dem
1948 2187 3137 2260 letzten Gastspiele des Berliner Deutschen Theaters eine so warme
1932 2234 3149 2314 und andauernde Theilnahme fand, weckte auch heute großen
480 2234 1167 2324 Fragen und Antworten.
366 2298 1168 2375 Du stannst, mein Freund, daß in der „Burg“
1941 2317 3139 2392 Beifall. Der literarische Werth dieser vier Stücke — er wurde
363 2357 871 2427 Die Retty jetzt sei aktive?
1946 2364 3113 2432 wiederholt eingehend in diesem Blatte gewürdigt — ist derselbe
364 2394 1099 2484 Jawohl, hast recht — 's ist wunderbar:
1937 2387 3114 2481 geblieben, und auch die Darstellung war heute rühmenswerth.
1943 2449 3113 2517 In dem ersten Vorstadtschauspiel gefiel Herr Geisenbörfer
358 2459 984 2532 So jung und schon — Naive...
1941 2486 3108 2573 durch die warme Ueberzeugungskraft seines jungen Schriftstellers,
792 2504 864 2567 *
1943 2528 2947 2599 während Herr Martinelli trotz aller Natürlichkeit zu
363 2547 1095 2640 Mußt' Mahler wirklich durch ein Refus
3086 2551 3217 2632 isive
1817 2574 1866 2632 F
1937 2565 2929 2634 in Ton und Haltung, mehr Amtsdiener als Ministeric
3105 2618 3189 2662 t0.
367 2607 989 2677 Den Meister Goldmark verletzen?
1922 2608 2917 2680 1 Die mystische, vielleicht absichtlich unklare „Frau mit der
3103 2643 3202 2701 Ibar
1918 2651 2922 2716 wird von den Wienern phantastischer und stimmungsvoll
360 2641 1231 2734 Mein Freund, in der Oper gibt's keinen „Götz“,
3097 2681 3241 2749 Voraus.
1912 2687 2913 2770 als von den der Prosa zuneigenden, im Costüm ungelenken
368 2707 1088 2783 Weil dort zuviel sind der — Götzen...
1845 2747 2896 2802 "1 In den „Letzten Masken“ war Herr Weisse als
3069 2739 3255 2808 st das
1932 2767 2886 2849 Journalist von schlichter tragischer Kraft, die Herre
3094 2795 3246 2867 es den
353 2806 1048 2884 Werden die Einakter Schnitzlers jetzt¬
1815 2815 2895 2899 Abom Eulendorfer und Fräulein Josephi von wirklic
3036 2761 3101 2891 5
368 2869 1046 2922 Wohl größ're Begeist'rung entfachen?
1818 2856 2883 2925 Abon treue, während Herr Brandt durch die völlig orig
3014 2884 3101 2938 luf¬
181 2867 302 2957 Für
1944 2910 2878 2976 fassung eines heiseren, tuberkulosen, vom Tode berührt
368 2899 1170 2988 Die „Lebendigen Stunden“ rufen wohl heut:
2998 2905 3260 2978 ikers ind die
1382 2900 1604 2984 inclusive
1945 2955 2868 3015 sich in die Reihe unserer besten Bühnenhumoristen ei
3006 2957 3250 3019 In irgen¬
1408 2969 1577 3017 Porto.
361 2960 1031 3034 „Ach, wenn wir Toten erwachen ...“
1822 2985 2861 3049 Inhal Literatur“, der Burleske, die dem düsteren Spitalsbilk
3001 2996 3257 3062 tten situng")
1392 2994 1578 3057 Zahlbar
3086 3039 3259 3097 aftliche
1834 3027 2869 3104 d1ä Masken“ folgt, ist Fräulein Sandrock Anfangs ein
1317 3018 1618 3116 im Voraus.
270 3040 362 3117 100
3017 3051 3094 3107 rb,
3086 3080 3254 3142 sse Mit¬
365 3040 1184 3136 Wie's kommt, daß den „Unnatürlichen Sohn“.
1827 3070 2867 3143 wodu um dann vom besten Lustspielgeiste beseelt zu ersch
2999 3093 3094 3153 Herr
1826 3100 1976 3154 Lebe
1294 3100 1642 3165 schnitte ist das
363 3121 991 3178 Von Jarno die Leute so schätzen?
1851 3117 2874 3195 thein Kramer secundirte ihr vortrefflich, und Herr Kut
187 3113 340 3190 Abonne
2965 3134 3072 3188 a ist
1289 3146 1640 3214 ich stcht es den
1935 3172 3099 3248 durchaus originell in seiner übermüthigen Auffassung eines
366 3149 1036 3236 Der Knirps kam in Paris zur Welt
189 3175 358 3247 Abonnej
1290 3185 1506 3260 u ändern.
1935 3201 3096 3272 der bekannten Jongleure, die unsere Literatur unsicher machen.
361 3206 866 3283 Und ließ sich über'etzen ...
1920 3241 3109 3302 Er erregte Stürme von Heiterkeit. Man wird die „Lebendigen
1308 3256 1631 3332 Fenthaltend die
1914 3280 3100 3357 Stunden“ auch in ihrer neuen Fassung häufig wiederholen, sie
189 3267 362 3355 Inhalts
1300 3307 1634 3368 er Morgen¬
366 3300 1095 3396 Wer ist der Mann, der „an der Wien“.
191 3339 354 3396 blätt
1915 3321 3095 3399 verdienen, gesehen zu werden. Herr Director Weisse, der, wie
1295 3350 1626 3412 Viener Zeitung“)
362 3368 1020 3433 Die vielen Hörer zur Stell' schafft?
191 3379 363 3447 wodure!
1921 3361 3106 3455 cheute angekündigt wird, ihre Aufführung durch eine Geschäftsreise
1314 3395 1625 3447 wirthschaftliche
187 3411 337 3465 Leben
367 3393 1104 3492 Girardi natürlich! — Er ist Präsdent
1912 3410 3098 3477 unterbrechen muß, wird gut thun, diese abzukürzen oder ganz zu
1303 3426 1631 3501 vird. Diese Mit¬
186 3451 360 3523 theilung
1913 3449 3099 3541 unterlassen. Er kann sein Repertoire nicht besser auffrischen als
376 3455 886 3545 Der Operettungsgesellschaft.
1091 3480 1260 3572 Caliban.
1917 3502 3100 3560 durch die kleinen Meisterwerke eines Autors, der das Publicum
1922 3536 3101 3628 in wirksamer Steigerung fesselt, rührt, erschüttert und in an¬
1902 3572 2406 3656 genehme Heiterkeit versetzt.
1999 3607 2084 3672 Ch.40
