3436 4256
303 174 1950 281 16.1. Lebendige stunden Zyklug
782 1207 1073 1287 I
1293 1202 1572 1299 —
1969 1223 2177 1313 SA
156 1264 1139 1343 räumerischer Wahn geschildert werden. „Scene
1159 1273 2167 1353 Verhältnisse. Frellich in sehr traurige. Da ist
141 1304 1139 1389 ine Bildergallerie, in der sich eine junge Frau,
1159 1331 2166 1408 das allgemeine Krankenhaus der Schauplatz.
142 1350 1132 1430 Pauline genannt, ein Stelldichein mit einem Ver¬
1144 1374 2162 1450 Der Journalist Karl Rademacher ist ein Sterbender,
140 1399 1140 1471 khrer giebt. Sie ist die Gattin eines Dichters,
1149 1419 2164 1505 er hat ein Leben der Arbeit, Noth und
148 1444 1139 1513 der immer aus den eigenen Eheconflicten ein
1152 1461 1599 1533 Anfeindung hinter
1595 1471 1715 1527 sich
1837 1477 2166 1548 natürlich des
154 1491 1147 1564 erfolgreiches Stück macht; sie vergiebt ihm viel,
1149 1503 2157 1588 Mißerfolges. Ein früherer Freund, eine
141 1529 1134 1601 enn sie liebt ihn trotz aller Stoff-phasen, die er
1142 1563 2154 1634 kleinliche Seele, trug den Erfolg davon,
153 1576 1141 1645 berbeilockt und bei denen sie als feelisches Modell
1157 1599 2159 1671 Ehre und irdische Güter. Er haßt ihn noch
147 1605 1135 1694 kgurirt. Der Salonheld in der Bildergallerie
1153 1646 2156 1712 auf seinem Sterbelager und er hat nur ein
148 1662 1136 1742 esteht ihr seine Liebe und macht sie auf ein Bild
1153 1688 2156 1767 brennendes Verlangen, diesem Alexander Weihgast
155 1709 1133 1773 ufmerksam, das dreihundert Jahre alt ist, von
1150 1735 2163 1803 gegenüber seine Brust zu erleichtern, ihm seine
146 1750 1142 1813 inem unbekannten Meister gemalt. Es hat
1154 1779 2155 1851 ganze Verachtung ins Gesicht zu schleudern. Der
141 1791 1129 1865 ehnlichkeit mit ihr und heißt „Die Frau mit
1145 1813 2147 1890 menschenfreundliche Arzt verspricht ihm, den be¬
146 1844 1136 1924 em Dolche“. Nun war die Mutter der diese
1140 1857 2150 1934 rühmten ehemaligen Freund an sein Lager zu
147 1885 1132 1961 ehnlichkeit auch empfindenden Dichtersgattin eine
1153 1905 2153 1978 führen. Inzwischen bewegt ihn sein Nachbar, der
140 1929 1121 2002 Florentinerin. Und plötzlich meint die Be¬
1148 1954 2146 2016 Schauspieler Jackwerth, nach dem auch der Tod
144 1972 1127 2052 schauerin, daß sie den todten Mann da im Hinter¬
1137 2000 2145 2067 schon die Hand ausgestreckt hat, eine Art Probe
138 2017 1116 2086 rund auf der Leinwand auch kennt — „das
1146 2044 2147 2112 mit ihm abzuhalten — er macht Menschenstudien.
140 2063 1133 2134 nd Sie, das bin ich!“ Die Scene verdunkelt
1134 2072 2149 2162 An den hin schleudert also Rademacher all seine
143 2105 1126 2175 ch, minutenlanges Glockengeläute ertönt und
1140 2128 2143 2204 Anklagen, seine Verachtung, auch die herbe Wahr¬
138 2144 1131 2219 ls sich der Vorhang wieder hebt, sind wir in
1134 2181 2151 2245 heit, daß ihm das Herz von Weihgasts Frau ge¬
135 2192 1119 2264 Florenz im Cinquecento, im Atelier eines damals
1132 2209 2145 2293 hörte, daß der Kleinling und Eitelkeitsheld gar
144 2236 1117 2308 erühmten Meisters Remigio. Seine sehr im¬
1138 2267 2151 2342 nicht verstand. Die Briefe sollen sogar seine
143 2287 1124 2355 ulsive röthlichblonde Ehehälfte Paola hat
1142 2303 2150 2375 Erbschaft bilden. Dann kommt der wirkliche
140 2324 1116 2392 ährend seiner Abwesenheit — ein Medici ist sein
1126 2356 2143 2420 Weihgast. Sprickt von seinem Leben, zeigt
139 2368 1121 2444 Mäcen — ein Liebesabenteuer mit seinem Schüler
1127 2389 2145 2466 sich in seiner ganzen Richtigkeit, jammert über
141 2412 1116 2486 keonardo gehabt. Als ihr Gatte zurückkommt, ge¬
1136 2445 2132 2512 Enttäuschungen, dens aun kommen die Jungen
141 2456 1114 2531 eht sie ihm — den sie doch allein liebt — ihre Schuld
1187 2480 2131 2559 und des Sterbenben Lippen bleiben stumm.
135 2503 1118 2572 und ersticht Leonardo vor seinen Augen. Auf
1132 2517 2135 2600 Er erkennt, wie unwichtig das alles ist, auch
127 2543 1122 2624 er Staffelei steht ein Bild von ihr, ihr Gatte
1128 2568 2130 2643 sein Rachegefühl erlischt. Was ist Angesichts des
137 2590 1110 2660 ollendet es mit ihrer letzten Pose — giebt ihr
1127 2616 2129 2666 Todes Erfolg oder Scheitern, mit dem Glücks¬
133 2630 1117 2711 en Dolch in die Hand. Seine Künstlerschaft,
1117 2644 2134 2731 rade rollen oder entgleisen? Homo bullo! Und
129 2667 1117 2752 in Ehrgeiz geht ihm über alles, selbst über die
1120 2693 2129 2784 die Seifenblase zerplatzt — er läßt den hohlen
132 2727 1113 2798 ugenblickliche Rache. Der Vorhang fällt, das
1132 2742 2132 2822 Gecken gehen und legt sich zurück — zum
124 2755 1107 2824 aus verdunkelt sich. Ein neues Glockengeläute
1125 2787 2128 2859 Sterben. Der Einacter mit dem traurigen Facit,
124 2807 1109 2881 nd aus dem Reiche der Medicäer sind wir
1118 2834 2126 2898 dem tiefen philosophischen Gedanken ist eine echte
114 2841 1110 2927 ieder in die Jetztzeit versetzt. Frau Pauline
1127 2880 2120 2949 dichterische Gabe. Die Darstellung war aus¬
122 2893 1105 2961 keibt sich die Augen, vielleicht ist das Glocken¬
1118 2929 2116 2993 gezeichnet. Max Reinhardt als Rademacher,
129 2937 1110 3014 eläut ein Ohrensausen der Betäubung bei ihr
1119 2958 2129 3033 Albert Bassermann als Weihgast, Hanns Fischer
123 2978 1098 3048 ewesen meint man hie und da im Publikum
1122 3004 2125 3065 als Schauspieler boten prächtige Charakterbilder
126 3029 1103 3097 nd — sie, als wiedergekehrte Paola, giebt dem
1183 3050 2129 3134 das Grollen mit dem Schicksal, das Ueber¬
126 3067 1101 3142 keonardo — Leonhard modern, die Zusicherung
1121 3086 2128 3184 wältigtsein von der großen Lüge Dasein. brachte
129 3107 1097 3186 nes Stelldicheins. Also ist nach Schnitzler
1116 3133 2116 3214 der Erste vortrefflich zum Ausdruck. Ihm
129 3155 1094 3231 ne Wiederkehr nach hunderten von Jahren
1106 3178 2115 3260 gegenüber malte Bassermann den Contrast, den
126 3199 1100 3285 öglich mit den Instincten. Reigungen
1117 3222 2114 3295 salbungsreichen Ton, die Aufgeblasenheit, den
134 3230 387 3298 on damals
513 3253 1094 3316 keine Läuterung, keine
1113 3273 2116 3346 erbärmlichen Dünkel ganz meisterlich. Diesen
117 3282 1090 3360 ufsteigende Phase — die Menschen bleiben
1108 3316 2120 3386 öligen lächelnden Geschöpfen sind wir ja alle
123 3330 1099 3404 ach erneuter Re-Incarnation dieselben unter
1104 3359 2113 3434 schon begegnet, diesen an sich beneidenswerthen
125 3380 1085 3446 odernen Bedingungen. Paola, die Florentinerin,
1105 3403 2115 3479 Gestalten, bei denen der Glaube an sich selber
129 3415 1083 3492 dtete ihren Liebhaber. Pauline, die Moderne,
1109 3437 2111 3520 das Beste ist. Und der Todescandidat, der da
123 3459 1091 3538 kist mit ihrem betrogenen Gatten nach Italien
1106 3476 2109 3563 fröhlich herumgaukelte, war nicht minder echt
119 3502 1088 3576 nd er wird aus ihrer Beichte ein erfolgreiches
1104 3530 2105 3598 von Hanns Fischer gestaltet. Ergriffen verdoppelte
120 3544 1091 3625 tück machen. Und in aber dreihundert Jahren?
1103 3584 2110 3658 und verdreifachte das Publikum seinen Beifall
122 3595 1088 3666 bermalige Seelenwanderung, fleischliche Er¬
1102 3612 1658 3689 für Dichter und Darsteller.
117 3633 1091 3727 ehung? Es giebt für einen dramatischen Ballamy
1130 3664 2105 3733 Dann kam „Literatur“ — eine ganz Schnitzler'sche
120 3680 491 3744 fflichen Ausblich.
1090 3700 2113 3787 allerliebste Dialogführung. Eine Schriftstellerin
134 3720 2108 3810 Das Schauspiel „Die letzten Masken“ bringt! macht aus all ihren Erlebnissen, wie es an der 1
126 3765 2112 3890 is nach der mystischen Darbietung in reale 1 Tagesordnung, ein Gedicht oder einen Roman —
2105 168 2555 267 box 21/2
2181 1315 3190 1400 und schwindelt den Kristokraten, der sie heirathet,
2174 1365 3198 1431 an, daß das nur Phantasie ist. Eine Episode ihrer
2173 1407 3202 1481 Vergangenheit tritt lebendig in der Gestalt des
2169 1453 3202 1528 Dichters Gilbert auf, der Rudolf Rittner die
2168 1481 3193 1571 Maske von Otto Erich Hartleben zum Ergötzen
2167 1536 3189 1623 des Publikums verliehen. Irene Triesch als
2182 1578 3199 1658 Dichterin erlebter, unverfroren hüllenloser Lieder,
2171 1628 3177 1700 gefiel besser, als wie als „Frau mit dem Dolch“
2169 1667 3191 1730 weil sie hier natürlicher wirkte und das Spiel
2173 1714 3191 1781 mit den allerdings schönen, mächtig großen Augen
2166 1754 3189 1829 weniger aufdringlich war. Albert Bassermann
2166 1803 3185 1878 war als bornirter, vornehmer Sportsmann von
2166 1842 3186 1920 eminent drastischer Wirkung. Das Lustspiel hatte
2158 1879 3183 1944 noch größeren Erfolg, als „Die letzten Masken“.
2214 1936 3185 2029 Schnitzler mußte unzähligen Hervorrufen Folge
2156 1966 2332 2036 leisten.
2200 2020 3184 2098 Im Lessingtheater hatte das Schauspiel „Das
2157 2053 3176 2137 schwarze Schäflein“ von Skowronnek einen
2166 2097 3184 2187 Erfolg des Abends, denn es ist mit großem
2156 2151 3168 2225 theatralischem Geschick aus des Autors Roman
2156 2202 3169 2273 „Die Frau Leutnant“ bühnengerecht gemacht. Es
2149 2232 3181 2318 richtet sich gegen die Duellfrage und bringt viele
2151 2290 3175 2359 Anklänge an jüngste Vorgänge, die vielfach die
2149 2323 3171 2414 Oeffentlichkeit beschaftigt haben. Ein jähzorniger,
2145 2366 3163 2461 seicniger, trinkender Leutnant ist der Held.
2153 2416 3161 2498 das „schwarze Schäflein“, ist seine Frau. Sie
2144 2456 3171 2541 findet nicht die Szmpathien der Regimentsdamen.
2152 2510 3165 2588 weil sie aus einem anderen Milieu stammt, als
2141 2552 3163 2628 dem meist herkömmlichen. Daß aber e Pro¬
2151 2596 3163 2661 fessorstochter, deren Vater eine Leuchte der
2146 2631 3178 2723 Wissenschaft war, von ihnen, von dem Obersten
2139 2674 3171 2767 selber als „Roturière“ bezeichnet wird, ist doch
2145 2728 3157 2794 eben kaum möglich. Wie denn Skowronnekunsnur
2141 2758 3165 2833 eine Reihe geschwärzter Offiziersgestalten vorführt,
2146 2808 3159 2896 seine Heldin aber mit ganz unglaublicher Jurcht
2143 2857 3149 2943 vor ihrem Manne ausstattet, dem sie nicht ein¬
2136 2901 3153 2981 mal rechtzeitig gestehen mag, daß sie den viel¬
2134 2947 3159 3023 besprochenen Gutsnachbar, um den sich der Con¬
2138 2995 3156 3067 flict dreht, die Klatscherei entsteht, schon seit
2127 3033 3153 3110 ihren Kinderjahren kennt. Er, ein Wittwer, hal
2133 3067 3153 3144 sie einst heirathen wollen. Dieser Herr v. Lenski
2129 3118 3154 3203 lehnt dann endlich, als „das schwarze Schäflein“,
2175 3169 3143 3246 u dem seine Beziehungen tadellos waren,
2126 3208 3149 3295 zu ihm flüchtet, sie sich ihre Liebe gestanden,
2134 3262 3144 3327 das Duell ab — weil er für sie zu leben
2133 3293 3150 3375 hat. Im Roman liest sich wohl das eine und
2133 3347 3138 3409 andere glaubwürdiger, im Stück fehlt die
2135 3381 3152 3461 Motivirung. Einzelne Gestalten und Episoden
2122 3426 3148 3509 sind ganz hübsch gezeichnet, die Commandeuse
2123 3473 3136 3554 und die Sportsdame sind darunter, für das
2127 3518 3132 3601 Liebespaar, das sich zum Schluß findet, faßt man
2120 3547 3139 3632 keine Theilnahme. Der Autor wurde sehr viel
2111 3600 3113 3674 gerufen. Aber mit dem „schwarzen Schäflein“
2120 3643 3139 3745 hat er keine Löfung der brennenden Frage
2119 3690 2345 3764 gebracht.
