3392 4224
991 93 1257 157 W
974 129 2292 290 Ausschnitt aus; #r#2r2e Jerdeng
991 310 1482 450 vomt /77707
1242 502 2267 570 Leipzig, 8. Oct. Schauspielhaus. Der gestrige
1089 567 2266 635 Abend brachte uns den Einacter=Cyklus „Lebendige Stunden“
1090 611 2264 660 von Arthur Schnitzler, von dem wir ein Stück „Literatur“
1096 647 2277 712 hier schon gesehen haben, da es aus Anlaß einer Matinée des
1091 695 2280 766 Vereins Leipziger Presse im Carola=Theater mit Frl. Serda und
1099 751 2288 798 den Herren Grelle und Huth gegeben wurde, ein anderes, „Die
1095 783 2278 855 letzten Masken“, gehört haben, an einem Recitationsabend
1091 827 2275 900 von Leopold Adler, der eine Vorliebe für den Dichter und seine
1099 881 2291 926 Richtung besaß. Der Cyklus besteht außer den genannten noch
1096 922 2283 978 aus den Einactern „Lebendige Stunden" und „Die
1096 965 2291 1012 Frau mit dem Dolche". Ob so viele Einacter an einem
1101 1000 2289 1051 Abend beliebt sind, ist eine Frage. Nach unserer Erfahrung
1090 1047 2285 1099 scheut man sich davor, mehrmals die Anstrengung zu machen, die
1105 1090 2275 1145 dazu gehört, sich in ein neues Thema hineinzudenken. Dazu
2268 1094 2412 1160 lusive
1003 1125 1102 1203 Für
1100 1138 2387 1191 kommt, daß die Atmosphäre, die wir athmen, nicht immer er= rto.
1053 1192 1091 1232 „
1097 1182 2395 1239 frischend ist. „Die letzten Masken“ z. B. ist ein Krankenhaus= albar
1102 1220 2439 1285 stück und der Eindruck, den es hinterläßt, ist, bei aller Kunst der Voraus.
1037 1265 1092 1316 9
1107 1278 2284 1326 Fein= und Kleinmalerei, die wir willig anerkennen, nicht ein
2291 1274 2457 1343 ist das
1040 1304 1078 1352 „
1090 1310 2287 1389 befreiender, wie ihn unter Umständen ja wohl auch ein in
2286 1334 2468 1396 es den
1118 1368 2280 1412 einem Lazareth spielendes Werk hervorrufen könnte, sondern ein
1011 1379 1103 1428 Abe
1114 1393 2296 1453 niederschlagender. Die kraftstrotzende Mittelmäßigkeit, die Erfolg
1017 1419 1101 1471 Ab
1109 1434 2456 1509 hat, siegt, und der Mensch, der ein besseres Loos verdient hätir, end die
1106 1484 2461 1543 siecht dahin und stirbt. Dafür entschädigt allerdings „Literatur",rgen¬
1027 1535 2451 1587 Inh das eine tolle Lustigkeit entfaltet, im grellen Gegensatz zu dem eitung")
1113 1578 2471 1633 vorhergehenden Stück. Stimmungs= und schwermuthsvoll setzt jaftliche
1032 1584 1098 1632 b1
1032 1620 2476 1675 wod der erste Einacter ein, nach dem das Ganze seinen Namen er= ese Mit¬
1113 1673 2293 1728 halten hat, etwa so, wie man einen Band Novellen nach der
1119 1715 2290 1765 ersten betitelt, da man sonst keinen Titel weiß. Denn die Bezüge
1109 1762 2296 1815 zu dem Begriff Lebendige Stunden sind bei den drei letzten Ein¬
1119 1801 2288 1848 actern kaum vorhanden. Freilich ist das Erölfnungsstück kein
1117 1831 2298 1888 Stück, sondern eine Scene. Ein noch seltsameres Etwas ist der
1104 1874 2297 1956 Einacter „Die Frau mit dem Dolche“, ein phantastisches, im
1111 1922 2288 1979 Psychologischen gewagtes Gemälde oder Doppelgemälde, das die
1115 1986 2299 2027 Vergangenheit und Gegenwart durch eine Scenenverwandlung
1102 1997 2311 2078 mit einander verbindet. Ob ein Jeder im Publicum begriffen
1112 2055 2307 2114 hat, um was es sich handelt? Nach dem, was wir im Gespräch
1110 2101 2309 2146 gehört haben, bezweifeln wir es billig. Auch in Betreff des
1123 2143 2302 2192 Schlusses der „Letzten Masken“ herrschte vielfach Unklarheit.
1113 2181 2306 2238 Dagegen ist dem Eröffnungsstück Sinn und Zusammenhang
1120 2236 2304 2301 und psychologische Unantastbarkeit nachzurühmen; es ist neben
1121 2275 2305 2335 „Literatur“, das die Krone davonträgt, das Beste des Ganzen.
1126 2310 2304 2380 Daß der Cyklus als solcher dauernd auf das Publicum eine
1126 2354 2310 2420 anziehende Wirkung ausüben wird, glauben wir nicht; dazu ist
1115 2407 2303 2459 Einzelnes zu sehr für eine sog. freie Bühne berechnet. Wahr¬
1113 2451 2300 2523 scheinlich wird das Ganze bald wieder verschwinden und da der
1116 2480 2298 2542 erste Einacter sich für sich nicht halten wird, geben wir der
1118 2531 2311 2595 Direction den Rath, den letzten, „Literatur“, allein auf dem
1120 2574 2308 2636 Spielplan zu behalten, in den er mit Fug und Recht gehört,
1130 2617 2312 2677 im Verein mit einigen anderen den Abend füllenden Sachen;
1131 2674 2307 2725 so wird dies des Erhaltens werthe Stück gerettet. Die gestrige
1131 2703 2306 2767 Vorstellung war übrigens viel zu lang, was auch durch die
1123 2763 2312 2829 langen Pausen bewirkt ward, die darin ihren Grund haben, daß
1133 2810 2317 2860 augenscheinlich die Theaterarbeiter noch nicht so recht eingewöhnt
1124 2838 2320 2898 sind. Das Spiel verdiente vielfach Anerkennung, auch die Regie
1131 2888 2308 2940 von Arthur Eggeling. In Max Brückner (Heinrich, Leonhard)
1120 2925 2309 2979 besitzt das Schauspielhaus einen guten jugendlichen Liebhaber
1124 2984 2321 3024 und Helden, der sympathisch berührt und auch ein wohllautendes
1130 3025 2317 3071 Organ besitzt. In den „Letzten Masken“ gefiel uns Ernst Born¬
1125 3058 2309 3119 stedt, der den Journalisten Karl Rademacher gab, der dem reich
1123 3106 2323 3163 gewordenen und zu Ruhm gekommenen ehemaligen Freunde in
1122 3145 2309 3220 seiner letzten Stunde die Wahrheit sagen will, es aber nicht
1130 3187 2305 3242 kann, wohl deshalb, weil er sich noch schuldiger fühlt als dieser.
1123 3243 2303 3306 Es war fast die beste Leistung, die wir von dem Künstler bisher
1132 3278 2316 3339 gesehen haben. Robert Forsch als schwindsüchtiger Schauspieler
1139 3321 2309 3380 Florian Jackwerth charakterisirte gut, doch hatte er zu wenig das
1133 3361 2316 3432 Aeußere des Phthisikers; er war zu kräftig und lebendig dazu.
1141 3408 2320 3463 Lob verdient Georg Wittmann als Dr. Halmschlöger; der Dar¬
1142 3445 2310 3513 steller traf sehr gut den Ton des menschenfreundlichen Arztes,
1129 3499 2316 3579 der Erbarmen mit seinen Patienten besitzt. Völlig einwandsfrei
1140 3538 2326 3596 war das Spiel in „Literatur“. Es traten auf Margarethe Frey
1136 3594 2323 3660 als Margarethe, Lothar Mehnert als Clemens, Arthur Eggeling
1140 3629 2318 3687 als Gilbert. Halten wir dagegen das Spiel der eingangs ge¬
1132 3673 2305 3728 nannten Künstler, die die Aufführung schon einmal bei uns ermög¬
1138 3714 2324 3787 lichten, so ist der Unterschied der: damals flott, wirkungsvoll,
1145 3758 2315 3821 aber etwas nach der Schablone, diesmal viel feiner, abgewo¬
1133 3806 2322 3867 gener, für das große Publicum vielleicht minder effectvoll, weil
1133 3863 2336 3945 weniger auf die Lachmuskeln wirkend, mehr das bloße Lächeln
1130 3914 2316 3973 erweckend, dabei aber tiefer einwirkend. Das Schauspielhaus hat
1129 3969 2328 4016 den Beweis seiner Fähigkeit erbracht, solche kleine Cabinetsstücke
1127 3985 2319 4067 geben zu können. Das Publicum war ganz bei der Sache und
1133 4048 2324 4116 spendete Beifall; das Pathologische des dritten Einacters war aber
2134 4091 2282 4143 J. R.
1132 4089 1763 4155 wohl nicht nach seinem Geschmack.
1651 4135 1727 4169 im
