3392 4224
227 195 2385 303 16.1. Lebendige Stunden zyklus box 21/5
2429 535 2961 630 für das übrige Inland:
902 494 1665 659 Worgen=Musgabe.
2380 609 3001 674 Mit täglich einmaliger Postversendung
2333 622 3035 712 Lmonatlich 4 K
2342 687 3032 727 Ppierteljährig 12 K
2347 716 3027 761 halbjährig 24 K
2346 747 3029 806 ganzjährig.... 48 K
2387 777 2997 846 Mit täglich zweimaliger Postversendung
2341 818 3024 884 vierteljährig  „ 14 K
2331 856 3029 905 halbjährig  28 K
2336 889 3037 958 ganzjährig„ 56 K
2455 940 2897 1039 „Für das Ausland:
2374 997 2982 1075 Mitk täglich einmaliger Postversen dung
2340 1047 3027 1108 für „Deutschland vierteljährig 15 K, für alle
2190 1078 3022 1174 auberen dem Weltpostwereine angehörigen Länder
1518 1050 2115 1162 Aeh.
414 1042 1253 1180 „ads
2516 1111 2852 1183 vierteljährig 18 K.
2464 1194 2934 1285 Check=Conto 810.721.
2741 1353 3011 1437 1902.
733 1355 1864 1431 Wien, Donnerstag, 26. Juni.
694 1481 1875 1553 „Das Stärkere“ von L' Arronge (Aronches) dem Jüngeren,
1866 1473 3059 1541 L'Arronge (Aronches) mit einigen jüdischen Virtuosen
141 1481 553 1605 onat Juli
712 1524 3049 1593 „Ein glückliches Paar“ von Hermann Faber (Hersch (Friedmann, Barnay 2c.) gegründet und der jetzige Director
1868 1575 3067 1640 Dr. Brahm heißt Abrahamson. Sein ganzes Bureau
706 1556 1869 1632 Goldschmidt), „Das große Licht“ von Felix Philippi
144 1577 704 1677 Zustellung des Blattes
1875 1601 3110 1695 ist jüdisch, seine Hauptkräfte sind Juden. Das „Lessing= /
697 1630 1868 1686 (Philippsohn), „Ledige Ehemänner“ von Leo Stein und
149 1649 699 1733 te, zum rechtzeitige Er¬
1877 1665 3145 1748 Theater“ des Herrn Blumenthal gehört jetzt Herrn Neu¬
709 1678 1869 1739 A. Lippschitz, „Nacht und Morgen“ von Paul Lindau,
1866 1720 3062 1772 mann=Hofer, dem jüdischen Kritiker des „Berliner Tage¬
703 1703 1866 1786 „Die Zwillingsschwester“ von L. Fulda, „Die lieben
149 1743 670 1836 „Deutschen Zeitung“.
1870 1739 3153 1825 blatt", das Berliner Theater leitet Paul Lindau, das
695 1765 1866 1829 Feinde“ von Hugo Lubliner 2c. 2c. Alles Jud'! Was
1867 1820 3139 1885 Residenz=Theater Siegmund Lautenburg, das Schiller=—
708 1821 1871 1886 hat die Firma Letsch auf Lager? „Lebendige Stunden“
701 1856 1865 1921 von Schnitzler, „Der Hochzeitstag“ und noch vier andere
1870 1865 3138 1945 Theater Raphael Löwenfeld, im Neuen Theater herrscht?
137 1877 709 1982 odernen Theaters.
699 1919 1866 1978 Stücke von W. Wolters (Wolfsohn, Rabbinersprössling), „Die
1869 1917 3061 1968 die Nukha Butze (Frau Dr. Bermann), und das geht so
700 1963 1874 2032 Collegin“ von H. Katsch, „Das Ewig=Weibliche“ von Misch,
1880 1961 3068 2034 fort bis zum letzten Saaltheater in den Berliner Vororten:
307 1956 676 2033 Wien, 25. Juni.
691 1990 1883 2080 „König Harlekin“ von R. Lothar (Dr. Spitzer), Der
1869 2013 3072 2068 Alles Jud! Die Hoftheater aber sind so ziemlich!
144 2005 711 2092 ird im Niederöster¬
700 2061 1874 2122 Leibalte“ von Lothar Schmidt (Levy Schmolkes!), „Man¬
1857 2047 3061 2126 rein von diesen Elementen in ganz Deutschland,
163 2067 712 2132 ein Antrag eingebracht
701 2112 1865 2164 danika“ von Julius Freund, Musik von G. Lazarus 2c.
1873 2104 3077 2169 namentlich in der Leitung und im Bureau. Auf der 4
170 2112 705 2184 eines Wiener Theaters
707 2144 1885 2220 Alles Jnd'! Und was kündigt der Wiener Verleger
1868 2156 3057 2223 Bühne allerdings blüht das Judenthum auch dort.
170 2160 705 2222 heimatlichen historischen
708 2201 1878 2260 Dr. O. F. Eirich an? „Der Gemeine“ von F. Salten
1947 2197 3060 2257 Au den Wiener Hofbühnen hat man dieses con¬
139 2211 706 2279 stens zu begrüßen. Jeder
695 2236 1880 2321 (Salzmann), „Nach Sibirien“ von Lippschitz, „Der Weg
1869 2237 3072 2316 servative Princip gerade in den letzten Jahren durch¬
138 2245 698 2332 serer öffentlichen Körper¬
1872 2285 3068 2361 brochen und auch in den Privattheatern fanden schlimme
706 2283 1881 2366 zum Licht“ von G. Hirschfeld, „Die Lügenbrücke“ von
139 2302 612 2388 cultureller Fortschritt.
696 2360 1874 2411 Raoul Auernheimer, „Liese Grubener“ von Ludolf Wald¬
1875 2353 3060 2411 Verschiebungen nach dem Osten statt. Der Burgtheater¬
137 2359 708 2426 blicum hat so gar keine
1876 2387 3141 2463 director hat einen Dr. Rosenbaum zum Secretär, der 1
708 2393 1879 2462 mann, „Fee Caprice“ von O. Blumenthal, „Der letzte
157 2396 702 2472 sich im deutschen Theater¬
705 2446 1879 2515 Knopf“ von Gans v. Ludassy, „Bartel Turaser“ von
1879 2443 3129 2523 Nachfolger Herbecks und Jahns in der Hofoper ist
151 2445 711 2528 pflegte, allmählich vollzogen
707 2500 1874 2570 Langmann, „Der Herr im Hause“ von Paul Lindau,
1882 2485 3121 2572 Mahler, und auch in der Generalintendanz bereiten
141 2486 712 2573 ibüne des internationalen
710 2543 1881 2608 „Das gewisse Etwas“ von Leo Stein und Weinberger
1866 2538 3113 2618 sich ähnliche Wandlungen vor. Director Bukovics hat 1
139 2550 714 2622 wie die Presse der ganzen
696 2577 1878 2649 „Das süße Mädel“ von Stein, Landesberg und Reinhard
1867 2588 3082 2667 früher im Deutschen Volkstheater einen Börseaner zum
138 2598 713 2667 r ist, so ist es heute auch
705 2640 1879 2709 (Stern!), „Der rothe Kosak“ von Louis Hermann, Hirschel
1882 2639 3060 2708 stillen Compagnon gehabt, jetzt hat er einen sehr lauten,
133 2642 707 2726 man wird nicht länger die
708 2694 1875 2750 und Holländer, „Der Spatz“ von Buchbinder, „Der neue
1873 2667 3127 2750 den Herrn Weisse. Auf dem Directionsstuhl des Herrn—
160 2695 702 2770 der Gefährlichkeit dieses
710 2744 1877 2795 Simson“ von C. Karlweis (Karl Weiß), „Die neue
1873 2732 3087 2799 Jauner im Carl=Theater sitzt Levy Meiseles (Leopold —
132 2742 710 2806 en ist bereits ein Rück¬
705 2785 1872 2840 Richtung“ von Engel und Brociner 2c. 2c. Alles Jud'!
1866 2783 3058 2866 Müller!) und Fräulein v. Schönerer, die frühere
143 2794 704 2862 des internationalen Juden¬
702 2834 1876 2899 Ist etwas aus dem Französischen, hat es ein Rappaport
1867 2847 3125 2919 Eigenthümerin und Directorin des Theaters an der Wien, 1
160 2839 710 2910 Gebiete der Kunst und
713 2887 1876 2945 übersetzt, stammt es aus dem Italienischen, heißt der
1870 2883 3066 2949 verkaufte das Haus an die Juden Simon und Kubinsky“
133 2894 708 2959 nfalls erfolgen, wenn die
707 2935 1881 2993 Uebersetzer Eisenschitz, kommt em Werk Calderons zu
1871 2930 3064 2997 und diese verpachteten es an Herrn Karczag (Karpeles!).
130 2936 719 3009 unheimliche Umklammerung
707 2978 1878 3039 Wort, hat es ein Adler übertragen, entdeckt man einen
1876 2979 3051 3044 Die altwienerische Volksbühne in der Josefstadt die durch
135 2994 706 3059 el vereitelt werden soll.
702 3026 1876 3089 holländischen Dichter für die deutsche Bühne, so heißt er
1871 3024 3042 3094 den jüdischen Theateragenten Wild zum „pikanten“
134 3044 706 3111 htet in allen Sprachen, er
707 3077 1878 3147 Heyermans („Die Hoffnung“) und ist ein Jude. Das
1869 3068 3055 3143 französischen Repertoire kam, erhielt in Herrn Jarno
132 3087 703 3160 Volkes, bei dem er zu
705 3125 1872 3191 ganze deutsche Volk hat gegenwärtig nicht zehn christlich¬
1875 3115 3053 3187 (Kohner!) einen Director, der den jüdischen Apotheker
137 3132 708 3201 prachen Komödie, und will
714 3170 1880 3235 arische Dramatiker, deren Werke von der verjudeten
1875 3161 3057 3245 Pserhofer als Geldmann hinter sich hat, und das Volks¬
140 3189 711 3252 anderer scheinen. Es ist
705 3205 1876 3281 Presse, den jüdischen Agenten oder den jüdischen Direc¬
1861 3221 3068 3286 theater im Prater kam von dem Urwiener Jantsch an
138 3227 713 3303 ls ein Versuch, den Juden
700 3263 1875 3330 toren poussiert werden. Und jedes ideale Streben ist er¬
1867 3272 2300 3357 Herrn Ranzenhofer.
156 3284 716 3353 mit Hilfe der polizeilichen
707 3317 1885 3384 loschen in unseren Bühnendichtern, weil keiner beachtet
1965 3297 3060 3384 Hier ist der Sitz des Uebels: Die Regierung ist zu
131 3331 709 3389 nen könnte man eine bei¬
701 3370 1879 3438 wird, der nicht nach dem Geschmack derer schreibt, die
1884 3353 3069 3436 freigebig mit Theaterconcessionen an Inden. So lange
134 3382 708 3449 kationalen Judenthums ver¬
705 3416 1478 3498 das Theater nun einmal beherrschen.
1879 3418 3061 3482 nicht darauf gesehen wird, die Juden von der Leitung
164 3429 709 3498 der arischen Wirtsvölker
1868 3466 3071 3529 und allen einflussreichen Posten bei unseren großen
788 3451 1887 3530 Und wie sieht es mit den Schauspielern und Sängern
150 3469 714 3558 n der Zerstörung desselben
1883 3501 3079 3580 Kunstinstituten fern zu halten, so lange wird der jüdische 2
709 3523 1883 3585 aus? Das Publicum wäre sehr erstannt, wenn man bei
1877 3575 3113 3642 Geschmack, der jüdische Geist, die jüdische Profitgier¬
713 3563 1891 3635 all seinen „Lieblingen“ die Masken lüften wollte! Nur
137 3549 708 3642 des Gebiet für die Wirk¬
1876 3608 3068 3673 beim Theater blühen. Heute wird eine jüdische Literatur,
705 3619 1890 3693 eines kann uns in Wien trösten über diesen Zustand: in
178 3617 705 3689 ist allmählich das Theater
1994 3665 3057 3727 es niemals in der Welt gegeben,
710 3669 1884 3735 Berlin ist es noch schlimmer, dort sind die Bühnen fast
224 3676 701 3739 der großen Berliner
1870 3713 3059 3781 künstlich gezüchtet und mit Hilfe der jüdischen Presse
712 3717 1893 3789 ausnahmlos in Judenhänden, und die Künstler sind fast
212 3717 703 3789 wir finden nur Stücke
1890 3762 3057 3821 auf jede Weise gefördert, und da man sich bereits sicher
172 3744 707 3830 blättern wir im Theater¬
709 3764 1894 3843 durchwegs Juden. Nur dadurch ist es erklärlich,
1881 3804 3070 3879 fühlt im Besitze des deutschen Theaters, wird neuestens an
705 3814 1905 3878 dass der Naturalismus, die Darstellung des
153 3812 710 3891 tausendfältigen Masken die
1869 3856 3062 3918 allen Ecken und Enden auch der Ruf nach Aufhebung
184 3867 711 3936 en, wir finden 90 Percent
706 3863 1888 3923 Gemeinen, von Berlin seinen Ausgangspunkt ge¬
1880 3902 3065 3965 der Censur erhoben. Fällt auch diese, dann hat das
712 3912 1890 3966 nommen. Was uns z. B. das „Deutsche Theater“ aus
151 3920 711 3989 die Berliner Firma Bloch
696 3950 3052 4023 Berlin alljährlich in Wien darbietet, ist specifische Judenthum, dem die Presse der ganzen Welt zur
143 3963 710 4033 Bühnen? „Ledige Leute“
143 4007 3066 4076 wir“ von Leon Leipziger, Judenkunst. Diese Bühne wurde seinerzeit von Verfügung steht, ein Machtmittel in die Hände bekommen,
