3436 4224
1089 155 1173 222 S
2084 155 2539 240 box 21/2
629 172 700 223 e
271 161 1933 255 16.1. Mbandige unden Zyklus
1625 558 2042 621 Telefon 12801.
1158 641 2513 730 Alex. Weigl's Unternehmen für Zeitungs-Ausschnitte
2185 708 2391 765 Ausschnitt
1500 743 2512 872 „OBSERVER“ Nr. 43
1098 860 2574 952 I. österr. behördl. conc. Bureau für Zeitungsberichte u. Personalnachrichten
1295 924 2407 1014 Wien, IX, Türkenstrasse 17.
1481 1006 2188 1085 — Filiale in Budapest: „Figyelé“ —
1108 1073 2583 1145 Vertretungen in Berlin, Chicago, Genf, London, Newyork, Paris, Rom, Stockholm.
1117 1145 2670 1281 Aussen aus Unde Magen Zun
1116 1376 1574 1468 vom '/7 „.
1729 1679 2033 1763 Theater.
1309 1737 2509 1804 B—4. Se.=Direktion des Deutschen Theaters veranstaltete
1256 1780 2495 1838 gestern einen Arthur Schnitzler=Abend. In nicht weniger als
1253 1823 2504 1883 vier Einaktern, die unter dem Gesammttitel „Lebendige Stun¬
1259 1856 2498 1912 den“ zusammengefaßt waren, kam der beliebte Antor zu Worte.
1249 1903 2497 1948 Wollte man den Erfolg desends nach der Stärke des
1260 1937 2509 1985 Applauses beurtheilen, man müßte von einem großen Erfolge sprechen,
1258 1976 2506 2027 und Niemand wird es dem Antors#erübeln, wenn ihn dieser starke
1242 1999 2490 2067 Applaus in einen Freudenrausch versetzt hat. Auf einen Rausch pflegt
1250 2054 2497 2103 aber der Jammer zu folgen, und wir fürchten gar sehr, daß dieser Jammer
1254 2089 2495 2132 auch diesmal nicht ausbleiben, und daß Herr Schnitzler zu der Einsicht
1241 2126 2489 2179 gelangen wird, daß es nur ein Talmierfolg wan, den ihm seine
1247 2163 2572 2233 guten“ Freunde am Premierenabend dadurch vorgetäuscht haben, "
1247 2204 2501 2242 daß sie nach jedesmaligem Fallen des Vorhangs gar gewaltig
1257 2243 2500 2288 die Hände rührten. Da erwies sich die Direktion als viel
1249 2268 2552 2330 klüger und diplomatischer. Gestützt auf ihre Erfahrung hatte sie die er
1246 2296 2588 2362 einzelnen Stücke genan nach ihrem Werth, d. h. nach ihrer Bühnen= us.
1244 2350 2483 2393 wirksamkeit abgeschätzt und dann den Abend mit dem schwächsten beginnen
2498 2364 2621 2431 das
1254 2391 2487 2425 und mit dem wirksamsten schließen lassen. Und das Publikum war der
2498 2421 2626 2473 den
1241 2425 2499 2476 Direktion für diese Reihenfolge dankbar,wirksamste der Einatter
1155 2438 1235 2499 Ab
1767 2466 2494 2514 So ikonnte mian Ende des Stückes doch
1256 2466 1744 2517 war nämlich ein Schwank!
1165 2490 1235 2547 Ab
1809 2500 2492 2551 sein, und das that wohl, nachdem man
1251 2502 1692 2556 einmal aufathmen undfi
1248 2533 1684 2590 dem Autor willig durch
1822 2538 2480 2586 tücke gefolgt war, von denen jedes
2504 2543 2617 2598 die
1252 2575 1698 2622 seinen Todten hat; ob fr
1819 2577 2479 2629 if diese drei Todten der Generaltitel
2488 2591 2606 2640 ien¬
1242 2612 1740 2664 „Lebendige Stunden“ zurück
1802 2619 2622 2686 ihren sein dürfte, ist dem Autor nicht ing")
1251 2651 2088 2708 gelungen, dem Publikum ganz klär zu machen.
2474 2664 2627 2730 eben
1283 2694 2480 2747 Doch gehen wir nun zu den Todten seibst über. Im ersten Stück,
2485 2707 2629 2773 igen
1250 2720 2087 2783 dem Schauspiel „Lebendige Stünden“
2079 2717 2478 2788 ist's eine Hofräthin.
1248 2763 2486 2822 Wir lernen die Dame nicht mehr persönlich kennen, sondern nur
1246 2805 2494 2867 ihren Sohn und ihren Freund. Wohl aber erfahren wir,
1244 2834 2494 2894 daß sie nicht eines natürlichen Todes gestorben ist. Sie
1244 2873 2070 2918 litt an einer unheilbaren Krankheit:
2158 2880 2493 2933 konnte einmal
1241 2911 2482 2968 sehr schnell mit ihr Ende gehen, ebensogut aber konnte es
1248 2943 2483 2989 noch zwei, drei Jahre dauern. Sie sah, daß ihr Sohn, ein Dichter,
1245 2983 2492 3031 durch die Pflege, die er ihr widmete, in seinem Berufe zurückkam.
1248 3023 2493 3082 So opferte sie sich denn, indem sie ihren Leiden durch eine über¬
1250 3060 2482 3122 große Dosis Morphium ein Ende machte. Ihren Freund setzte sie
1245 3102 2486 3151 durch einen Brief davon in Kenntniß, daß ihr Tod ein
1248 3137 2487 3179 Opfertod gewesen — selbstverständlich „unter Diskretion“.
1247 3178 2511 3220 Dieser Freund ist aber indiskret geung, dem Sohn das
1244 3211 2502 3263 Geheimniß zu verrathen, ohne diese Gemeinheit genügend zu
1240 3246 2489 3290 motiviren. Dem Sohn bleiben nur zwei Möglichkeiten übrig, enzt¬
1239 3289 2491 3337 weder der Mutter in den Tod zu folgen oder durch seine Arbeiten
1247 3327 2497 3365 zu beweisen, daß seine Mutter das Opfer nicht umsonst gebracht.
1241 3358 2509 3440 Welchen der beiden Wege er wählt, überläßt der Autor dem Publikum,
1233 3401 1495 3451 zu errathen.
1283 3423 2420 3490 In dem zweiten Stück, dem Schauspiel „Die Frau mit de
1242 3474 2420 3524 Dolche“ ist der Todte ein verliebter Maler. Der Einakter spielts
1238 3516 2485 3574 seinem ersten und letzten Theile in der Gegenwart, in seinem zweiten
1244 3547 2426 3601 Theile dagegen ein paar Jahrhunderte früher. Frau Pauline un
1242 3585 2478 3644 Leonhard haben sich in einem Saale der Gemäldeausstellung ein
1249 3624 2478 3686 Rendezvons gegeben. Dort hängt ein Bild „Die Frau mit dem Dolche“
1244 3666 2471 3714 von einem unbekannten Maler des sechzehnten Jahrhunderts. Die Frau
1245 3700 2480 3752 mit dem Dolche trägt unverkennbar Paulinens Züge, und bei ihrem
1234 3736 2474 3771 Liebesgeplänkel mit Leonhard ist's ihr mit einem Male, als habe sie
1239 3770 2480 3811 die nämliche Situation schon einmal erlebt. Sie verfällt in tiefes
1249 3811 2468 3866 Sinnen, die Bühne verdunkelt sich, und als es wieder hell
1243 3847 2473 3909 wird, sehen wir die Beiden im Atelier des Malers
1239 3888 2481 3945 Remigio zur Florenz wieder: Paula als dessen Gemahlin,
1243 3927 2478 3987 Leonardo als des Meisters Schüler. Leonardo hat während
1244 3952 2475 4015 der Meister abwesend war, Paulas Gunst genossen, und diese gesteht
1240 3997 2476 4054 dem Gatten bei seiner Rückkehr ihr Vergeyen. Remigio verschmäht
1229 4038 2479 4096 es, den Schüler zu strafen, doch Päula thut's, indem sie ihm den
1240 4071 2521 4139 Dolch in die Brust stößt. Diesen Moment hält der Meister in seinem.
1244 4111 2475 4157 Gemälde fest: die Frau mit dem Dolche! Wieder verdunkelt sich die
1246 4145 1893 4206 Szene, und als es wieder hell wird
1929 4143 2051 4213 W
