3392 4224
190 201 442 285 da quella
200 286 440 343 mezzo di
178 339 437 407 , ma ad
189 398 438 461 uando sia
191 451 433 515 e almeno
191 503 428 575 , colmare
192 574 427 648 nerale, a
190 631 435 706 prendere,
191 692 430 751 priamo le
181 738 434 815 sizioni. E
188 798 422 867 la parte
185 852 427 929 aquesta
182 917 430 994 eco delle
191 982 430 1043 ta perfino
187 1026 445 1104 aula del
196 1093 429 1161 crano ab¬
198 1152 419 1223 essero di¬
192 1208 424 1279 ostra eco¬
186 1282 427 1389 se si sono
192 1383 431 1457 ti rappre¬
199 1450 438 1510 principio
203 1504 427 1569 si difeso
187 1551 425 1628 b? E que¬
188 1621 432 1687 rendere o
199 1677 403 1741 bene.
196 1723 418 1814 cosi radi¬
199 1799 434 1861 portà un
202 1855 423 1912 della no¬
180 1911 425 1982 proviamo
185 1972 436 2045 he per un
185 2025 425 2099 te si an¬
199 2085 433 2154 bitazione
196 2148 433 2219 proteste
186 2208 423 2269 sta scusa,
198 2264 438 2335 sostanza
186 2345 437 2450 hnvolgere
182 2444 426 2503 a una no¬
186 2494 429 2560 nsiderare
188 2563 431 2622 tra in cui
182 2603 417 2684 e si tem¬
185 2680 435 2740 ene come
195 2731 423 2801 necessità,
199 2797 419 2860 impiego.
199 2856 422 2914 riconosca
203 2898 426 2966 iusto an¬
205 2960 447 3055 Drocuri
194 3051 423 3138 el nostro
198 3121 426 3194 o allora
199 3179 432 3252 ile, nella
195 3240 429 3304 mento di
200 3309 432 3370 anche gli
197 3347 424 3427 L’esame
190 3412 434 3503 te la mi¬
224 3486 429 3553 potesse
212 3539 416 3603 ielle sue
234 3602 412 3663 dispo¬
219 3655 405 3733 per in¬
205 3722 416 3785 superare
218 3776 419 3845 che pur
210 3840 412 3892 avevano
190 3887 423 3947 bllero far
194 3937 411 4015 cilità che
209 4008 415 4075 e quella
198 4069 402 4131 ceva im¬
474 225 1391 292 conducono a questa curiosa conclusione,
476 281 1401 353 che moltissimi giudicati medioeri assai,
469 341 1400 398 in tutte le loro ordinarie manifestazioni,
477 398 1394 465 acquistano in un giorno, a giudicare da
476 443 1399 529 ció chie uno affidato agli ampi fogli
477 505 1383 578 dell’ ese“ inale, una dottrina che nes¬
469 551 1180 640 suno ar in loro supposto.
511 625 1380 688 Ma intanto i piccoli espedienti con¬
477 692 1384 755 ducono allo scopo desiderato, che &
479 743 1401 804 quello di #assare, di #assare a tutti i
475 803 1390 859 modi, rimpinzandosi di notizie acquistate
475 858 1392 943 alla lesta per essere smaltite subito,
467 930 1386 993 strappando concessioni di ogni specie,
476 969 1392 1050 calcolando sull’ indulgenza di tutti, spe¬
470 1032 1398 1105 cialmente dei Ministri, sui cui animi
474 1090 1390 1180 essi pensano che i depütati di ogni parte
472 1158 1374 1222 possano egualmente e sempre influire.
519 1211 1394 1271 E gli onorevoli rappresentanti della
472 1272 1399 1330 nazione italiana han dimostrato (se la
477 1319 1399 1392 narrazione concorde dei giornali é esatta)
479 1381 1394 1448 che essi hanno sentito vivamente questa
471 1446 1400 1504 loro missione di difendere l’ ignoranza,
479 1518 1396 1577 e la poltroneria, e un membro del Go¬
469 1575 1399 1630 verno ha creduto che possa essere senza
462 1632 1387 1690 pericolo il fare dichiarare che egli é
472 1673 1393 1756 contrario ad un provvedimento che tende
459 1740 1294 1806 a ristabilire la serietà degli studi.
517 1793 1386 1872 Ma v’é di piü ancora. Poiché, per
477 1859 1382 1925 quella particolare ipocrisia o improntitu¬
470 1914 1394 1987 dine politica che consiste nel voler salve
469 1982 1392 2036 le apparenze almeno a parole, molti sen¬
477 2029 1396 2106 tono che non é conveniente confessare
468 2095 1382 2170 che si vuole incoraggiare l' ignoranza;
463 2151 1398 2210 cosi si é pensato di dichiarare che la
463 2203 1381 2276 riforma voluta dal Ministro Nasi avreb¬
473 2280 1389 2348 be ferito gravemente le famiglie e i
466 2325 1385 2386 professori. Per le famiglie l’argomenta¬
460 2385 1392 2449 zione é giusta; ed é appunto ferendo
464 2440 1394 2510 gli insani interessi di queste famiglie
465 2495 1385 2577 che gli stüdi in Italia possono ritornare
463 2554 1389 2635 äd esseré una seria preparazione alla
475 2610 1394 2682 vita. Ma per i professori, no. Crediamo
484 2696 1392 2739 che sia difficile, se non impossibile, tro¬
483 2733 1392 2797 Färe fra essi uno solo che non lamenti
469 2774 1381 2855 questo odierno andazzo, e che non si
472 2849 1397 2934 senta in grado di giudicare, senza gli
471 2910 1398 2991 gsami, anzi contro di essi, il valore dei
475 2968 1389 3027 woi alunni. E i professori avrebbero
475 3016 1394 3093 gesmenun-questa Sccasiöne far sentire
469 3066 1393 3148 anch'essi la loro voce. Essi che si son
471 3140 1386 3212 agitati, or non é guari, per una que¬
466 3202 1394 3263 stiöne che ingiustamente feriva i loro
465 3262 1396 3307 legittimi interessi economici, avrebbero
473 3308 1394 3383 dovuto cogliere questa occasione per
470 3376 1397 3442 dimostrare che a loro non stanno meno
472 3430 1386 3509 #cuore quelli della nostra coltura e
473 3475 1382 3564 della nostra educazione. La loro agita¬
438 3560 1393 3617 ziöne poteva essere per il Ministro una
460 3616 1386 3683 ferza morale grandissima per opporre al
472 3657 1378 3745 =Ccolo e basso segno al quale oggi par
469 3707 1379 3802 che miri l'istruzione ufficiale in Italia,
466 3778 1378 3861 la méta altissima alla quale il nostro
464 3833 1382 3903 paese devertehdere per la grandezza del
463 3899 1394 3965 suo avvemire & per la gloria della sua
472 3946 739 4032 tradiziohe.
974 3995 1343 4091 II Marzocco.
1440 205 2356 285 i personaggi non vi tengono fede e se pre¬
1442 285 2358 352 feriscono di morire, di scomparire nell’ombra,
1429 354 2362 410 anzi che dibattersi nell’agitazione vigorosa e
1441 396 2354 460 crudele della vita, I drammi in un atto dello
1434 455 2368 516 Schnitzler sono assai diversi nella forma, ora
1444 515 2363 579 prosastica ed ora poetica, e nella sostanza,
1437 585 2366 650 ora crudamente reale ed ora imaginosamente
1441 636 2358 697 fantasiosa. Mi manca lo spazio di parlare
1440 685 2360 742 con qualche minuzia dei quattro lavori, e mi
1427 741 2358 804 limiteró quindi ad occuparmi solo di Le ul¬
1435 799 2366 868 kime maschere. Questo drammino mi sembra
1429 877 2365 940 essere il piü serrato e pid amaro dei quattro
1439 919 2354 1001 lavori scenici, che lo Schnitzler volle con¬
1434 987 2348 1052 fondere in un'unica denominazione, chiaman¬
1431 1032 2362 1119 doli: Ore viventi (Lebendige Stunden): viventi,
1432 1098 2361 1178 piü che vive, perché quelle“ ore hanno il
1444 1169 2358 1226 respiro certo e i loro minuti, piu che tra¬
1437 1221 2344 1283 scorrere, precipitano giü, giü, prima di riu¬
1443 1274 2354 1344 scire a suonare nella nostra anima e di an¬
1433 1333 2355 1388 nidarvisi rotondamente sviluppati, fissati nella
1433 1388 2329 1480 consistenza d’una solidità bronzea o ferrea.
1476 1477 2359 1567 In un ospedale di Vienna agonizza il gior¬
1437 1558 2357 1625 nalista Carlo Rademacher. Sta per chiudere
1439 1616 2353 1686 nella miseria un’esistenza faticosa; egli scrisse
1440 1673 2364 1747 migliaia di articoli e di saggi; verso nei gior¬
1441 1725 2350 1810 nali goccia a goccia il sangue del suo intel¬
1428 1783 2348 1859 letto, le argute e rapide invenzioni del suo
1438 1850 2358 1921 spirito, e sulla carta passarono fischiando le.
1434 1908 2354 1981 freccie della sua polemica vivida ed ardita,
1429 1977 2353 2038 e mormorarono le sue ironie d’ intelletto
1437 2074 2362 2139 tano, obliato, e Carlo Rademacher muore in
1427 2147 2353 2217 uno stambugio di ospedale stanco e sfatto
1434 2202 2362 2274 nel corpo e nell'anima. Qualche magro con¬
1434 2247 2358 2320 forto gli da un suo compagno nei tristo
1445 2323 2357 2393 ospizio dei morbie della morte; & questi il
1438 2393 2350 2452 comico Floriano Jackwerth, che non abban¬
1432 2435 2358 2504 dona i suoi versi e i suoi lazzi, e che forse
1438 2506 2342 2564 attende di mirare in faccia la Morte, per imi¬
1438 2547 2360 2606 tarne l’aspetto, come ora rifa i gesti del
1432 2605 2343 2677 medico che lo cura e che lo proclama mo¬
1431 2663 2349 2742 ribondo. Carlo Rademacher, vedendolo, pensa
1427 2725 2351 2802 ad altri commedianti meno avversati dalla
1435 2791 2363 2857 Fortuna; ricorda la carriera del suo amico
1424 2840 2351 2902 d’ infanzia Alessandro Weihgast, lo scrittore
1435 2893 2357 2987 ricco che non si nutri con le briciole del
1425 2955 2357 3025 giornalismo, ma che guadagno lautamenje con
1439 3009 2350 3073 le sue commedie, coi suof drammite Die dai
1438 3072 2350 3132 contatti coi pubblici, con gli uomini, con le
1434 3133 2360 3204 donne, seppe trarre i piu proticui vantaggi.
1478 3192 2350 3258 II contrasto, che lo Schnitzler istituisce fra
1426 3248 2352 3324 i due, fra il giornalista dannato alla dimen¬
1434 3307 2350 3382 ticanza e alla povertä e lo scrittore, conse¬
1427 3362 2355 3425 crato dal successo e reso felice dal danaro e
1427 3421 2354 3478 dalle lusinghe, & veramente interessante. Se
1433 3492 2344 3547 le stelle stanno in alto, e vigilano sui de¬
1432 3549 2350 3617 stini umani, esse sbagliano qualche volta le
1424 3602 2346 3676 teste con la luce bianca dei loro raggi. In¬
1431 3658 2358 3726 fatti, il trionfatore della vita avrebbe dovuto
1427 3723 2337 3792 essere il giornalista Rademacher, non il com¬
1422 3771 1896 3857 mediografo Weihgast.
1464 3836 2311 3914 II primo si fece macerare — é vero —
1427 3896 2339 3971 le carni e lo spirito dalla macchina tipogra¬
1428 3960 2360 4026 fica, ma la mise in movimento con la foga
1428 4011 2346 4085 della sua fatica quotidiana, con la rapida,
1430 4066 2359 4132 istantanea percezione della sun mente, con la
2410 224 3320 285 del Weihgast, il morente Rademacher sente
2408 276 3312 355 il fiele spargerglisi per tutte le vene. Ah,
2406 340 3316 405 egli vorrà compire, prima di dar l'ultimo
2397 403 3319 472 rantolo, la sua vendetta suprema! Egli dira
2404 455 3314 516 in faccia al Weihgast tutta la sua nullità,
2398 505 3314 585 gli aprirà gli occhi, gli rivelerà anche ilstra¬
2402 563 3320 641 dimento della moglie. II Rademacher prega
2406 619 3324 708 perció il medico di fargli vedere il Weihgast.
2403 680 3315 740 In un dialogo col comico Jackwerth il gior¬
2402 739 3316 816 nalista pronunzia le terribili parole 'che egli
2398 795 3322 878 scaglierà in faccia al rivale prediletto dalla
2402 862 3316 938 sorte; l' istrionismo del comico s’esalta in
2407 918 3322 987 questo sfogo come si trattasse d’una prova a
2401 971 3323 1035 teatro, Arriva il Weihgast con a dosso una
2408 1034 3324 1108 costosa pelliccia, elegantissimo negli abiti,
2401 1090 3317 1155 meschino nelle ipocrisie che ostenta, nelle
2397 1141 3325 1223 generosità grette che professa di voler usare
2391 1213 3316 1281 in favore dell'amico. II Rademacher balbetta
2402 1270 3318 1343 qualche accento; il comico Jackwerth perde
2404 1328 3303 1397 l’atteso effetto della scena e della contro¬
2405 1375 3316 1459 scena. Perché ammutoli il Rademacher? A
2403 1442 3305 1522 pena uscito il Weihgast, il silenzio dell’ago¬
2405 1505 3309 1575 nizzante ha la sua spiegazione dalle stesse pa¬
2404 1552 3318 1637 role di lui. Egli pensa: g la morte & vicina;
2403 1613 3318 1690 che m’ importa della sua felicità e delle sue
2402 1671 3315 1748 sventure? Che cosa ha da fare uno di noi
2405 1729 3315 1800 con quelli che domani saranno ancora sulla
2401 1789 3310 1858 terra? Odi ed amori che riguardano i vivi! „
2396 1850 3324 1922 Carlo Rademacher muore e cosi finisce la
2398 1904 3318 1975 vicenda drammatica di Le ultime maschere,
2405 1972 3245 2055 uno dei frammenti di Lebendige Stunden.
2441 2073 3317 2149 Di solito un riassunto da un assai scialbo
2389 2157 3317 2215 concetto d’una favola sceneggiata; non é
2403 2201 3305 2279 questo il caso di Le ultime maschere, un po'
2396 2249 3324 2343 monche, per la strettoja di un solo atto, nel
2397 2321 3322 2398 loro svolgimento e nella piena esplicazione
2389 2388 3318 2445 dei caratteri principali; al dramma dello
2403 2429 3317 2516 Schnitzler il lettore deve aggiungere parec¬
2405 2491 3313 2563 chio del suo; ei deve poetarvi un po’ den¬
2389 2547 3321 2637 tro col proprio cervello e con la própria
2394 2606 3318 2675 sensibilità. Ció vuol dire semplicemente che
2403 2668 3306 2739 l’angustia delle cornici va infrantà ed allar¬
2388 2733 3317 2800 gata, perché il soggetto e le maschere di
2395 2793 3304 2879 contratte e spudorate facce umane, che co¬
2405 2848 3313 2931 stituiscono l'azione, inducono a meditare, a
2395 2906 3313 2985 prolungare la vita del dramma oltre la rap¬
2396 2959 3342 3044 presentazione, oltre la lettura; inizio inne¬
2397 3027 3316 3079 gabile della sua superiorità su tanti frivolie
2395 3078 3317 3150 dilettevoli passatempi di teatro, su tante cupe
2410 3134 3306 3210 ed incorporee astrazioni dialogiche e mono¬
2388 3195 2576 3271 logiche.
2438 3238 3316 3334 Arturo Schnitzler ha avuto del suo prota¬
2391 3306 3313 3382 gonista una visione originale e vera; Carlo
2402 3371 3313 3447 Rademacher non appartiene alla stereotipa
2401 3446 3317 3500 famiglia dei pennaiuoli quotidiani, che in
2391 3505 3322 3573 cosi numerosi romanzi e drammi moderni
2387 3569 3312 3625 sono stilati sotto i nostri occhi in giornéa
2388 3608 3318 3694 di cronisti insulsi, di ricattatori furfanteschi,
2398 3662 3313 3745 o di ribaldi intriganti alle prese con i poco
2387 3728 3318 3800 onorevoli membri d’ un parlamento qualsiasi
2399 3781 3309 3853 alla vigilia d’ un’elezione; Arturo Schnitzler
2402 3843 3314 3918 non ha avuto certo uno scarso coraggio nel
2395 3910 3316 3981 tirar fnori da una realtà, che egli conosce, un
2399 3969 3299 4021 valore intellettuale logorato delle aspre ne¬
2392 4010 3312 4090 cessità d’un diuturno travaglio; egli ha sol¬
2391 4069 3320 4135 levato in alto questa sua figura di lavoratore
