3392 4224
756 1030 1212 1115 ISlophion 12801.
370 1096 1595 1194 Alex. Weigl’s Unternehmen für Zeitungs-Ausschnitte
1312 1176 1544 1250 Ausschnitt
618 1186 1322 1325 „OBSERYER“
1389 1231 1647 1332 Nr. 3
205 1219 431 1321 NNA1O
259 1296 1721 1385 I. österr. behördl. conc. Bureau für Zeitungsberichte u. Personalnachrichten
530 1388 1450 1458 Wien, I., Concondiaplatz 4.
278 1431 1722 1517 Vertretungen in Berlin, Budapest, Chicago, Genf, London, Newyork, Paris, Rom,
628 1500 1344 1549 Stockholm, Kristiania, St. Petersburg.
257 1618 793 1703 Ausschnitt aus:
1426 1676 1624 1805 Wen
981 1689 1431 1822 Fremdenblatt,
265 1759 916 1907 vose 5/10 7 90
648 1987 1303 2085 Theater und Kunst.
376 2048 1669 2143 (Deutsches Volkstheater.) Der gestrige Abend der
269 2111 1664 2195 Schnitzler'schen Einakter „Lebendige Stunden“ brachte dem Dichter
273 2182 1655 2243 und seinen Darstellern einen warmen Erfolg. Das Publikum kam
276 2208 1662 2295 jedoch erst nach und nach in diese Wärme yinein. Das erste Stück
268 2260 1664 2314 berührte gar nicht angenehm. Das zweite („Die Frau mit dem
270 2296 1661 2375 Dolche“) gesiel trotz der Retortendämpfe, die aus der Dichterarbeit
272 2354 1656 2413 emporstiegen, trotz der gewaltsamen Architektonik und des jähen
265 2405 1656 2485 Stimmungswechsels. Aber die Sandrock und Herr Kramer
259 2455 1655 2520 waren in Wirklichkeit und Traum so hinreißend daß sich das
267 2483 1645 2564 Publikum wahrscheinlich weiter keine Gedanken machte und mitging.
270 2547 1655 2605 Im dritten Stücke („Die letzten Masken“) bot Herr Weisse als
266 2587 1659 2668 Rademacher eine interessante Krankheits= und Todesstudie, während
261 2633 1658 2727 Herr Brandt wahrhaft ergreifend den Spitalshumor verkörperte.
269 2688 1657 2769 Nach diesem Stücke mußte Arthur Schnitzler einigemale erscheinen.
1652 2724 1706 2772 3.
268 2725 1643 2808 Am kräftigsten schlug das „Literatur“=Stück ein. So war es ja
1642 2781 1720 2847 *
261 2773 1645 2851 auch, als das deutsche Theater des Direktors Brahm diese Einakter
262 2820 1652 2894 im vergangenen Frühjahre in Wien zum erstenmale aufführte.
264 2870 1647 2949 Kramer war die Liebenswürdigkeit selbst, von herzgewinnender
265 2914 1693 3012 Bornirtheit. Kutschera stellte als Literatur Bursche Gilbert die
266 2966 1706 3025 kraftvolle Heiterkeit bei. Ein überraschendes Debut feierte aber #1
272 3011 1640 3093 Fräulein Sandrock. Kein Zweifel, sie hat viel Humor. Freilich
1666 3064 1723 3123 6
276 3057 1645 3139 ist auch Ironie dabei. Aber noch immer reine Komik genug, um
1676 3119 1721 3164 —
262 3117 1649 3195 ihr zu wünschen, daß sie noch lange, lange keinen Gebrauch davon
255 3149 751 3236 zu machen nöthig habe.
605 3229 1381 3320 Prospecte gatis und franco.
1921 106 3090 176 Alex. Weigl’s Unternehmen für Zeitungs-Ausschnitte“
2138 159 3040 307 „OBSERYER“
2888 221 3161 318 Nr. 16
1757 276 3208 374 I. österrähekäfdl. conc. Bureau für Zeitungsberichte u. Personalnachrichten
2048 360 2955 427 Wien, I. Concondiaplatz 4.
1776 430 3210 497 Vertretungen in Berlin, Budapest, Chicago, Genf, London, Newyork, Paris, Rom,
2139 477 2849 537 Stockholm, Kristiania, St. Petersburg.
2448 552 3137 673 Vaterland, Wien
1763 593 2304 675 Ausschnitt aus:
1775 740 2624 869 vo 161 7005
2055 1107 2802 1217 Theater und Kunst.
1928 1203 2989 1259 (Deutsches Volkstheater.) Was Arthur
1849 1272 2989 1319 Schnitzler mit seinem heute zur Erstaufführung ge¬
1852 1310 2986 1353 langten Einactercyclus, welchem er den Gesammttitel:
1852 1355 2992 1414 =Lebendige Stunden= gab, eigentlich sagen
1852 1405 2987 1452 will, ist für einen schlicht denkenden Sterblichen wohl
1845 1448 2989 1515 schwer zu ergründen: wir wollen uns auch nicht
1844 1499 2995 1565 weiter den Kopf darüber zerbrechen, und die
1784 1548 3181 1629 Fü vier einzelnen Stücke, aus welchen der Cyclus besteht, juclusive
1851 1582 2975 1669 als phantastische, in ganz secessionistischem Style gehaltene
2977 1618 3142 1663 Porto.
1850 1633 3167 1701 Gemälde aus dem Leben abnormaler Menschen betrachten. Zahlbar
1907 1694 3193 1748 Der erste Einacter, der den gleichen Titel wie der ge= im Voraus.
1853 1748 3203 1812 sammte Cyelus führt, soll offenbar die Exposition des zte ist das
1856 1787 3202 1840 Ganzen bilden. Im demselben erzählt ein pensionirter lieht es den
1786 1832 3077 1891 Ab Beamter (Herr Martiuelli) einem jungen Dichter, flern.
1846 1889 2972 1945 (Herr Geisendörfer), zu dessen Mutter er in freunb¬
1784 1917 3200 2000 Int schaftlichen oder vielleicht auch intimeren Beziehungen ge= haltend die
2950 1962 3201 2018 Morgen¬
1785 1969 3196 2058 d1 standen, daß sich diese Frau, die schwer erkrankt war, F Zeitung“)
1781 2029 3195 2092 wo schließlich selbst den Tod gegeben habe, damit ihr Sohn ##schaftliche
1773 2077 1855 2127 Lei
2977 2082 3190 2155 Diese Mit¬
1859 2081 2969 2144 ihre Leiden nicht länger mitansehen müsse und fernerhin
1863 2129 2981 2184 hiedurch an seinem Schaffen nicht gehindert werde.
1854 2167 2972 2230 Der vorgenannte Darsteller der Hauptrolle bot eine
1857 2215 2337 2296 vortreffliche Leistung.
2480 2218 2982 2296 Das zweite Stück,
1852 2270 2991 2351 =Die Frau mit dem Dolche=, enthält
1852 2334 2980 2383 eine Vision, die eine Dame sehr zweifelhaften Charakters!
1861 2360 2981 2432 infolge der Betrachtung eines räthselhaften Bildes in einer
1855 2409 2978 2479 Gemäldegalerie hat. Ob der in diesem Gesichte vorgeführten
1860 2464 2977 2524 anwidernden Seenen sei uns eine eingehendere Schilderung
1855 2516 2970 2564 desselben erlassen. Trotzdem, oder am Ende gar des¬
1858 2558 2986 2633 halb, fand dieses Stück den lautesten Beifall. Die
1851 2616 2979 2672 weibliche Rolle desselben gab Fräulein Sandrock,
1856 2656 2978 2719 ihre besten Kräfte einsetzend, die beiden männlichen Rollen
1855 2704 2980 2775 die Herren Kramer und Eppens, Letzterer in sehr kraft¬
1861 2754 2986 2818 vollem Spiele. — Das dritte Glied der Kette, =Die
1852 2799 2978 2869 letzten Masken=, führt uns ins Krankenhaus, an
1863 2851 2973 2901 das Sterbelager eines Journalisten (Herr Weisse). Der¬
1852 2903 2986 2962 selbe hat unmittelbar vor seinem Tode nur noch den einen
1856 2960 2984 3017 Wunsch, seinen einstigen Jugendfreund, den nunmehrigen
1861 2999 2974 3047 berühmten Dichter Weihgast (Herr Kramer), welchen
1857 3037 2979 3111 er glühend haßt, zu sprechen, und zwar nur deshalb,
1853 3090 2978 3157 um demselben zu sagen, daß des Dichters Frau
1861 3141 2972 3203 dereinst seine, des Journalisten, Geliebte gewesen sei. Es
1855 3189 2970 3246 kommt aber nicht dazu, obgleich der Dichter des Sterbenden
1857 3231 2974 3295 Wunsch, ihn zu besuchen, erfüllt hatte. Mit hoher Voll¬
1857 3274 2983 3346 endung spielte in diesem Stücke Herr Weisse, auch Herr
1854 3336 2971 3378 Kramer löste seine Aufgabe sehr gut, nicht minder be¬
1853 3370 2975 3461 friedigte das Spiel Herrn Brandt's in der Episoden¬
1856 3436 2973 3495 rolle eines Schauspielers. — Den Schluß bildete das
1858 3468 2980 3560 einactige Lustspiel: =Liieratur=, es gewährte eine
1852 3517 2975 3606 wahre Erlösung aus der dumpfen Schwüle, welche die
1865 3569 2976 3639 drei vorangegangenen Schauspiele erzeugt hatten. Das¬
1856 3627 2977 3697 selbe bietet eine, wenn auch ziemlich derb gezimmerte,
1860 3677 2976 3725 so doch im Ganzen sehr gelungene Satyre auf das aller¬
1855 3716 2972 3779 modernste Literatenthum. Die Hauptrolle, die einer Schrift¬
1860 3765 2980 3825 stellerin höchst zweifelhaften Charakters, lag in den Händen
1861 3820 2977 3887 des Fräulein Sandrock, Herr Kramer hatte eine
1863 3867 2972 3937 Caricatur eines Aristokraten zu geben — dies scheint augen¬
1854 3929 2976 3980 blicklich auch hochmodern zu sein —, Herr Kutschera
1851 3963 2410 4028 einen Literaten der Bohême.
2474 3959 2974 4024 Nach dem dritten und
1858 4016 2964 4075 vierten Stücke wurde der Autor gerufen, welcher auch
1857 4061 2480 4113 dankeud an der Rampe erschien.
2791 4061 2957 4125 Wgr.)
3173 181 3260 248 —
