3484 4224
2064 184 2515 276 box 21/2
247 208 1909 308 16.1. Lebendige Stunden Zukius
1319 511 1728 591 Telefon 12801.
836 573 2192 733 Alex. Weigl’s Unternehmen für Zeitungs-Ausschnitte
1868 642 2063 722 Ausschnitt
1184 664 2211 832 „OBSERVER“ Nr. 18
791 789 2254 928 I. österr. behürdl. conc. Bureau für Zeitungsberichte u. Personalnnchrichten
994 867 2108 1008 Wien, IX/ Türkenstrasse 17.
1215 957 1897 1078 Piliale in Budapest: „Figyele“ —
818 1003 2274 1148 Vertretungen in Berlin, Chicago, Genf, London, Newyork, Paris, Rom, Stockhohn.
823 1196 1365 1287 Ausschnitt aus:
1531 1255 2159 1399 batiiner Pörzen-Taöung
851 1355 1083 1469 vom
1079 1423 1376 1516 □7
1916 1446 2282 1602 ((wual
1277 1734 1938 1817 Kunst und Wissenschaft.
1242 1790 2092 1863 Deutsches Theater. Zum ersten Male:
1155 1837 2088 1901 „Lebendige Stunden“ von Arthur Schnitzler.
1242 1893 2093 1947 7½ bis 10½ Uhr genau wurden vier
1139 1932 2100 1990 Elkacter gespielt, die der bekannte, erfolgreiche
1129 1955 2103 2027 Dicheer unter dem oben angeführten Titel verz¬
1127 1999 2086 2060 einte. Läge der Scherz nicht gar so nahe, man müßte
1139 2053 2078 2088 als ehrlicher Mensch sagen, es waren keine — leben¬
1136 2086 2088 2134 digen Stunden. Der Dichter hat sich über die Pfendo¬
2111 2104 2333 2175 inclusive
1142 2123 2081 2175 Dichter lustig machen wollen, die sich einreden, der
2126 2161 2310 2212 Porto.
1136 2171 2082 2212 „Gott in ihnen“ stehe höher als das natürliche
920 2183 1079 2245 Für 5
2123 2193 2317 2253 Zahlbar
1133 2204 2081 2274 Menschenempfinden darum setze sich jedes Ge¬
1023 2217 1122 2270 100
1135 2243 1331 2293 fühl in
1326 2219 2361 2299 Schaffensdrang um. Sie seciren ihres im Voraus
1013 2263 1124 2314 200
1128 2285 2071 2336 seelischen Regungen und besbachten sich, um sich
1025 2302 1112 2346 500
1130 2293 2371 2383 zu beschreiben. Wir wissen nicht, was Schnitzler die hnitte ist dus
963 2338 1130 2411 „ 1000
1119 2354 2390 2423 Auregung bot, einmal ein Donnerwetter über „Die 1 stcht es den
1037 2385 1134 2449 Im
1134 2403 2221 2458 Talente des Kafseehauses“ loszulassen, aber er ndern.
918 2422 2069 2493 Abonnemet verkenne nicht, daß auch er gleich den Ge¬
921 2481 2386 2546 Abonnente geißelten seine Empfindungen schaffend verwerthete. enthaltend die
1119 2524 2377 2581 Freilich waren es nicht Empfindungen des Schmerzes er Morgen¬
1043 2565 2376 2623 Dei im gewöhnlichen Sinne, war es kein Unglück, das ihn Viener Zeitung“)
1276 2602 2384 2650 s er die Eingebildeten mit ihrem harmlosen chaftliche Leben
930 2590 1251 2665 Inhaltsas traf,
934 2636 2368 2715 blütte Größenwahn kennzeichnen und züchtigen wollte, se Mittheilungen
1120 2682 2077 2741 aber ein Weh war's immerhin, und daraus geboren
935 2688 1112 2741 wodurch
1120 2724 2072 2764 erstanden die vier Theaterstücke — für Litteratur¬
935 2727 1116 2788 des In¬
1124 2758 2080 2818 meuschen, die jede geistreiche, wie jede ironische Wendung
939 2766 1115 2822 werden
1132 2802 1892 2856 verstehen, jede Auspielung frendig auffassen.
1157 2829 2088 2903 Wir wollen uns nach 11 Uhr Abends in keine allzu¬
1117 2882 2080 2957 lange litterarisch=dramaturgische Studie über diese vie¬
1121 2922 1425 2977 Nippes ergehen.
1164 2957 1218 3009 N
1318 2941 2069 3027 „Lebendige Siunden“, Schauspiel in
1135 2996 2074 3068 einem Aufzug. Eine leidende Mutter tödtet sich, weil
1120 3044 2072 3085 sie sieht, daß ihr Leiden dem Sohn die dichte¬
1117 3078 2075 3136 rische Schaffensfreude nimmt. Der Sohn erfährt diese
1131 3118 2060 3176 heroische That der Mutter durch ihren „Freund“, der
1129 3158 2079 3217 sie dem jungen Dichter mittheilt, weil er ihn kennt.
1127 3187 2096 3268 Und in der That erklärt dieser nun, seinen Schmerz
1122 3247 2059 3280 zu gestalten. Fadeuscheinig vergleicht er das dami:
1115 3274 2084 3352 daß der Gartenbesitzer ja trotz allen Leids auch seinen
1124 3314 1390 3374 Garten pflegt.
1151 3339 2066 3420 Das Stückchen, von den Herren Reinhard (Freuni
1106 3381 2069 3456 der Verstorbenen), Rittner (Sohn), Fischer (Gärtner)
1119 3431 2060 3501 sehr lebenswahr gespielt, konnte es zu keinem Er
1108 3471 1412 3520 folge bringen.
1467 3475 2080 3537 s war auch zu häßlich, daß
1110 3517 2069 3582 kein Gegensatz zur Ausgleichung gefunden wurde,
1118 3546 2019 3613 denn es wird doch Schnitzlers Absicht nicht ge
1111 3587 2065 3645 wesen sein, alle jungen Dichter als solche Selbst.
1117 3624 2061 3708 anbeter zu bezeichnen? Das wäre, —— nun sagen
1117 3665 1501 3723 wir höflich: seltsam.
1154 3700 2063 3770 Nr. 2: „Die Frau mit dem Dolche.“ Schau¬
1118 3738 2064 3811 spiel in einem Aufzug. Pauliue, die Gattin des
1111 3784 2063 3833 Malers Remigio, giebt sich mit Leonhard im Aus¬
1111 3823 2075 3892 stellungssaale ein Stelldichein. Sie stehen (und sitzen
1093 3875 2038 3948 auf dem Rundsopha) vor dem großen Mittelbilde, das
2036 3896 2992 3951 sicht zu schleudern! Er weiß ja in der That auch nichts
1107 3937 2031 3986 die Frau mit dem Dolche darstellt. Der Maler ist un¬
2044 3951 2987 4019 als zu schimpfen — und nach dem Weggang des
1094 3981 2025 4026 bekannt, das Bild stammt aus dem 16. Jahrhundert.
2042 3976 2498 4041 „Glücklichen“ zu sterben.
1104 4025 2033 4073 Pauline hat es ihrem Manne gesagt, daß sie einen
2087 4020 3000 4079 Hier hat die dichterische Kraft Herrn Dr. Schnitzler
1099 4054 2030 4111 Rugenblick nahe darau war, Leonhard zu lieben, in
2045 4041 2996 4108 völlig im Stich gelassen, denn nicht nur hat
1101 4093 2030 4149 Folge dessen wurde beschlossen, abzureisen. Pauline ist
2114 4099 3028 4166 keine Typen geschaffen, er hat auch=nicht #
1090 4132 1521 4187 eine visionäre Natur.
1652 4127 2995 4182 sieht Leonhard als einmal gewußt, was mit seinen Puppen an¬
1090 4157 2822 4227 Leiche, denn auf dem Bilde ist ein Jünglig angen. Ohne Reinhardt (Journalist).
