3484 4320
1978 185 2441 278 box 21/5
274 170 1919 293 16.1. Lebendige Stunden Zyklus
1443 463 2257 594 Dr. Max Goldschmidt
1634 581 2030 670 „ Bureau für
1603 645 2126 753 Zeitungsausschnitte
1881 721 2338 807 Telephon: III, 3051.
1378 744 1787 828 Berlin N. 24.
1644 859 2111 940 Ausschnitt aus
1431 1143 2282 1343 geresische ende Wahee
1922 1259 2374 1397 TSSER l —
1493 1365 2447 1462 = (Residenz=Theater.) Wiesbaden, 16. Sept.
1399 1410 2451 1491 [Das Residenz=Theater hat Samstag seinen ersten lite¬
1402 1457 2448 1528 rarischen Abend gehabt. Arthur Schnitzter war die
1407 1501 1566 1553 Losung
1631 1507 2020 1567 ein Name, Mit der
2085 1507 2442 1571 sch vielfach wider¬
1408 1544 2464 1585 sprechende Vorstellungen und Eu
1407 1577 2457 1639 Aus dem Wiener Milieu hervorgegangen, dem Gemisch
1401 1628 2450 1664 von Großherzigkeit und Schwache, von Sorglosigkeit
1401 1666 2444 1710 und Sentimentalität, ist er wohl der Bedeutendste der
1406 1698 2456 1757 Wiener „Modernen“ Je nachdem man sich des einen
1407 1739 2442 1778 oder des anderen seiner Werke erinnert, erscheint es
1409 1771 2440 1816 ein dekadenter und wieder ein Höhenkünstler, ein feiner
1402 1810 2444 1864 Beobachter, ein geistreicher, oft boshafter Plauder###
1394 1852 2442 1897 oder tiefsinniger Grübler über die kompliziertestn
1406 1888 2445 1936 Seelenprolieme, aber allenhalben als eine Persötz¬
1404 1919 2429 1980 lichkeit, die was zu sagen hat. Und daß er ernste Arbct
1409 1971 2418 2024 an sich selbst übt, zeigt sich deutlich, wenn man seine
1402 1992 2424 2060 Aufschwung von „Anatol“ zu „Liebelei“, von seinet
1407 2024 2443 2109 „Dialogen“ zu „Der Schleier der Beatrice" bis zu „Der
1397 2070 1854 2127 einsame Weg“ verfolgt.
1458 2094 2424 2168 Was uns diesmal der „Schnitzler=Abend“
1399 2143 2445 2210 brachte, war interessant genug, um den Appetit nach
1394 2194 2450 2250 besserer literarischer Kost zu reizen. Es gab drei von
1402 2230 2431 2273 dem unter dem Titel „Lebendige Stunden“ er¬
1413 2265 2440 2325 schienenen Einakterzyklus — „Die Frau mit dem Dolch“
1406 2307 2441 2367 hat Dr. Rauch woh.weislich ausgeschieden. Auch auf
1398 2347 2445 2389 das Schauspiel mit dem gleichlautenden Obertitel
1411 2386 2441 2426 „Lebendige Stunden“, das hier den Abend eröffnete,
1409 2420 2437 2458 hätte man verzichten können — es ist eine trockene Ab¬
1404 2450 2438 2517 handlung ohne dramatischer Bewegung. Das große
1402 2498 2433 2548 innere Geschehen erwarten wir vergebens, nachdem der
1402 2543 2432 2588 junge Dichter Heinrich von dem alten Freunde seiner
1403 2570 2432 2615 Mutter erfährt, daß diese keines natürlichen Todes
1403 2611 2441 2670 gestorben, sondern um seinetwillen Selbstmord geüht
1405 2639 2428 2698 hat, um ihn von den niederdrückenden Sorgen zu be¬
1400 2691 2431 2727 freien, unter denen sein eigenes Leben und Schaffen
1406 2729 2438 2777 zu verkümmern drohte. Gerade an dem Angelpunkt des
1410 2761 2433 2812 Stückes, wie dem Sohne aus dem Tode der Mutter
1404 2808 2431 2858 neues Leben ersteht, versagte die dramatische Kraft. Mit
1407 2841 2433 2890 den „Lebendigen Stunden“ sind nämlich die letzten ge¬
1401 2872 2438 2927 heimnisvollen Stunden vor dem Sterben gemeint, die
1403 2912 2339 2961 dem Schaffenden zu lebendigen Stunden werden.
1448 2951 2435 3002 Das Stück machte einen befremdenden Eindruck, den
1398 2984 2425 3042 auch die etwas farblose Darstellung nicht mindern konnte.
1394 3040 2424 3084 Düster lag es über dem Ganzen, das auch die Gaslaterne,
1404 3069 2440 3132 die auf der Bühne angezündet wird, damit der Sohn
1395 3108 2427 3163 den Brief mit dem grausamen Bekenntnis der Mutter
1395 3142 2007 3197 lesen kann, nicht erhellen konnte.
1452 3184 2433 3237 Nicht weniger düster, aber psychologisch durchsichtig
1387 3199 2441 3288 und dramatisch spannend war das folgende Schauspiel
1399 3272 2426 3315 „Die letzten Masken“ in dem der mit dem Tode
1393 3286 2423 3356 ringende Journalist Karl Rademacher noch einmal auf
1416 3335 2436 3377 sein verlorenes Leben zurückblickt. Nur ein Wunsch er¬
1401 3374 2434 3435 füllt seine fliehende Seele — ein Wunsch, den er sein,
1405 3415 2425 3465 Leben lang hat unterdrücken müssen— die aufgedrungene
1404 3454 2425 3497 Maske des „stillen Dulders“ abzuwersen und mit seinem
1821 3479 1893 3522 Eiin
1398 3492 2437 3531 Todfeinde abrechnen zu tonnen. Aber als dieser wirklich
1405 3529 2432 3583 in der erbärmlichen Maske des wohlwollenden Freun¬
1400 3570 2429 3606 des und Protektors vor ihm erscheint, verstummt die
1398 3605 2421 3660 von seinem Leidensgefährten, dem Schauspieler Jack¬
1389 3633 2424 3713 wath, aggefachte Beredsamkeit; klein und verächtlich er¬
1405 3682 2400 3729 scheint ihm der große Feind an der Pforte des Todes. —
1408 3715 2434 3786 „Was habe ich mit Leuten zu schaffen, die morgen noch
1399 3757 1692 3806 leben werden?“
1748 3752 2424 3810 das sind seine letzten Worte: auch
1392 3794 2403 3835 auch ihm wird die Todesstunde zur lebendigen Stunde. —
1398 3832 2414 3894 Die Wirkung des Schauspiels war dank der vortreff¬
1390 3871 2417 3932 lichen Darstellung, tief ergreifend — nicht für allzu
1358 3920 2410 4009 zarte Nerven berechnet, aber eine wohltätige Auf¬
1362 3967 1824 4025 rüttelung für Gesunde.
1394 3997 2391 4066 Eine erwünschte Abspannung gewährte die letzte Gabe
1368 4032 2394 4118 des Abends, die schlagfertige, von ausgelassenstem
1362 4085 2465 4151 Humor und unwiderstehlicher Situationskomik strotzende
1397 4116 1475 4152 Satir
2589 4102 2744 4152 S
