3484 4384
1825 107 1934 181 256
1733 102 1799 189 —
576 207 3201 283 aks er den Freund neben dem Sarg seines Buberl, den Schmerz; mancherlei Schwierigkeiten. Gisela Fischer hatte diesmal eine ernst
565 259 3197 358 der Töne meisternd, Klavier spielen sah. Der Gegensatz tritt ihmangelegte Rolle. Ihr starkes Charakterisierungsvermögen und ihre
561 313 1890 372 zum zweiten Male entgegen. Vorbei die „lebendigen Stunden“, die
1889 322 2984 380 Stimmkraft zeigten sich der Aufgabe völlig gewachsen.
569 348 1885 419 der alte Bureaukrat mit seiner zum guten Kameraden gewordenen
1957 363 3185 435 Im Schauspielhause morgen d' Annunzios: „Tote Stadt“.
568 388 1891 449 Geliebten alltäglich in seinem Garten verlebte. Er hat diesen Ge¬
2700 407 3168 490 Leopold Gustav.
561 424 1903 487 nuß verlieren müssen, um — Japier. Die Freundin fühlte, daß
559 471 1898 544 ihr langes Siechtum ihrem Sohne die dichterische Schaffensfreude
2099 492 2976 585 Eingegangene Zeitschriften.
568 524 1887 591 lähmte, sie nimmt ein paar Tropfen Morphium mehr und stirbt, ohne
565 563 1890 630 daß der Arzt und der Sohn die unnatürliche Todesart merken. Nur
1949 545 3194 644 Südwestdeutsche Rundschau. Heft 1—3. 25 Pfg. Süd¬
1885 586 2318 677 westdeutscher Verlag.
565 613 1878 669 dem Geliebten, der ihre Stütze war seit ihr Mann mit einer anderen
558 647 1887 725 davonging, giebt sie Kenntnis. Man hat es unlogisch gefunden,
1958 647 3190 732 Deutsche Rundschau. Heft 6. Preis jährlich Mk. 13.50.
1883 671 2494 759 A. Hartleben's Verlag, Wien.
560 702 1876 762 daß Hausdorfer dem Wunsche der Toten direkt zuwider, den jungen
558 736 1880 801 Dichter über den Opfertod aufklärt; er, dem doch die „lebendigen
1954 731 3199 817 Deutsche Kunst und Tekoration. Heft 6. Preis
1885 774 2672 856 Mk. 2.50. Verlag: A. Koch, Darmstadt.
563 777 1882 855 Stunden“ so viel höher stehen, als die geschriebenen, müßte doch alles
1953 822 2395 879 Monatsberichte
551 811 1877 881 vermeiden, was die Lebensstärke des anderen berabsetzen, jo viel¬
2378 814 3197 892 über Kunstwissenschaft und
548 868 1868 931 leicht völlig unterhöhlen könnte. Hausdorfers Grundgefühl ist der
1872 837 3195 948 [Kunsthandel. Heft 2. Vereinigte Druckereien und Kunstan¬
1882 908 2246 971 stalten, München.
552 909 1878 971 Beid auf denjenigen, dem der Tod der edlen Frau nicht für immer
582 953 1876 1011 allen Sonnenschein verdunkelt, wie ihm. Offene Fragen hinter¬
1943 951 3187 1022 Deutsche Arbeit. Heft 5. Verlag: G. D. W. Callwey,
1876 974 2108 1063 München.
554 990 1880 1067 läßt das Stück mehrere. War der Tod nötig und ist der Dichter
554 1049 1877 1107 überhaupt ein Talent? Jedenfalls ist der junge Litterat mit sub¬
1936 1031 3177 1124 Das Schaufenster. No. 5. Kaufmännischer Verlag, G.
1872 1068 2062 1142 m. b. H
2062 1079 2264 1138 Berlin.
550 1081 1883 1152 tilstem Können gezeichnet. Ein Paradigma für eine Schicht mo¬
549 1127 1865 1184 dernster Dichter, die mit ihrer Verhätschelung der Nerven ein Gegen¬
1943 1113 3185 1207 Wiener Mode. Heft 10—11. Verlag der Wiener Mode,
1877 1150 2006 1223 Wien.
543 1157 1879 1239 stück bildet zu den Romantikern der dreißiger Jahre, für deren
551 1209 1876 1269 Talentärmsten Charlotte Stieglitz sich den Dolch in's HHerz stieß...
1944 1211 3189 1300 Der Spielman n. Heft 2. Verlag von Fischer u. Franke,
1872 1249 2042 1317 Berlin.
554 1252 1877 1322 In dem Schauspiel „Die Frau mit dem Dolche“ klingt das Problem
548 1302 1870 1368 nur in dem Momente an, in welchem der Renaissancekünstler, da seine
1941 1276 3186 1385 Die Flotte. No. 2. Verlag des deutschen Flottenvereins,
1870 1323 2034 1399 Berlin.
549 1344 1875 1404 Frau ihren Geliebten erdolcht, nichts anderes fühlt, als die An¬
1946 1371 3174 1459 Zeitschrift des Mittel=Deutschen Kunstgewerbe¬
544 1370 1870 1461 regung zu einem Bilde. Ich halte das Stück für das Schwächste,
1874 1406 2556 1491 Vereins. Heft 3. Verlag: E.
558 1433 1871 1497 man weiß nicht, ob das Zwischenspiel im 16. Jahrhundert nur als
2570 1433 3014 1507 A. Seemann, Leipzig.
1936 1468 3174 1550 Die gefiederte Welt. Heft 4—9. Preis 20 Pfennig.
546 1474 1872 1537 eine hysterische Vorstellung gedacht ist, die durch das ihr ähnelnde Bild¬
1870 1497 2757 1574 Creutz'sche Verlagsbuchhandlung, Magdeburg.
554 1518 1867 1587 nis des unbekannten alten Meisters in Pauliners Phantasie Platz
1964 1547 3186 1627 Himmel und Erde. Heft 5. Mk. 1.60. Verlag: Hermann
551 1553 1860 1626 greift, oder ob Schnitzler mit dem alten Problem der Wiederkehr des
1862 1573 2194 1668 Paetel, Berlin.
549 1597 1868 1659 Gleichen spielt? „Die ewige Sanduhr des Daseins wird immer um¬
1931 1636 3183 1722 Kunstwart Heft 10 und 11. Preis 60 Pfg. Verlag: G.
549 1640 1855 1707 gedreht — und Du mit ihr, Stäubchen im Staube“ sagt der Nietz¬
1858 1672 2421 1747 D. W. Callwey, München.
545 1680 1871 1760 sche der letzten Periode, auf indisch—pythagoraischen Bahnen mit
1946 1707 3174 1787 Aus fremden Zungen. Heft 2. 50 Pfge Deutsche Ver¬
542 1735 1858 1791 mystischen. Dämmern die Konturen seines Uebermenschensymbols ver¬
1857 1758 2351 1834 lags=Anstalt, Stuttgart.
543 1778 1863 1844 wischend. — Und hier spricht noch dazu am meisten Schnitzler der
1904 1804 3169 1878 " Die Volksunterhaltung. No. 1422. Jährlich M. 2.
541 1824 1867 1892 Causeur und am wenigsten Schnitzler der Dichter. Den letzteren
1856 1851 2558 1919 Verlag: H. Walther, Berlin SW.
540 1870 1870 1935 finden wir wieder in den „letzten Masken“ am Sterbebett des zum
1939 1900 3184 1993 Sammlung Gemeinnütziger Vokträge. No. 279 bis
537 1906 1853 1977 Zeilenschinder herabgekommenen Schriftstellers. Dem einstigen Freunde,
1861 1922 2554 2002 281. Verlag: Fr. Härpfer, Prag.
543 1948 1863 2016 der bei weniger Können vom Glück begünstigt in die Höhe stieg,
1929 1987 3168 2061 Deutsche Stimmen. No. 22—23. Preis 30 Pfg. Ver¬
548 2007 1855 2059 möchte der Sterbende noch seine ganze Erbärmlichkeit an den Kopf
1861 2024 2476 2091 lag: W. Boensch, Berlin SW.
534 2033 1857 2095 werfen. Als er aber den berühmten Mann vor sich sieht, in seinen
1936 2075 3175 2147 Das Weltall. Heft 4—9. Vierteljährlich Mk. 2. Ver¬
538 2086 1851 2148 kleinlichen Sorgen und seiner Nichtigkeit führt er den Vorsatz nicht
1862 2089 1967 2180 lag:
1958 2113 2738 2179 C. A. Schwetschke u. Sohn Berlin.
532 2131 1812 2203 aus. Was liegt ihm eigentlich an den anderen, den Glücklichen —
1939 2145 3164 2214 Das Echo. Heft 6—10. Verlag: J. H. Scherer, Berlin.
528 2160 1744 2234 einsam stirbt er im Krankenhause, einsam, wie er gelebt.
1924 2201 3165 2269 Asien. No. 4. Mk. 1. Verlag: Hermann Paetel, Berlin.
631 2216 1856 2285 Die Stimmung der Resignation ist eminent geschildert. Durch
1935 2242 3170 2299 Zeitschrift für Klimatische Kurorte. Heft 2 u. 5.
539 2253 1845 2329 Häußers grandiose Kunst unterstützt, lastet sie dumpf auf den Hörern;
1858 2278 2905 2346 Vierteljährlich Mk. 2. Humanitäts=Verlag, München.
525 2298 1855 2356 vielleicht zischten die Leute nur, um sie zu verscheuchen. Das Lust¬
1930 2311 3175 2393 Die Gartenwelt. Heft 18—20. Vierteljährlich Mk. 2.50.
530 2346 1849 2407 spiel „Litteratur“ giebt in humoristischer Uebertreibung ebenfalls
1851 2369 2615 2434 Verlag: Gustav Schmidt, Berlin W.
520 2394 1859 2453 Einblicke in's Schriftstellerleben. Die davongelaufene Frau eines
1933 2408 3168 2491 Die Gartenlaube. Heft 2. 50 Pfg. Verlag: Keil's Nach¬
518 2431 1850 2499 Wiener Baumwollfabrikanten hat sich in München der Litteratur
1861 2433 2183 2518 folger, Leipzig.
531 2487 1853 2526 und einem Litteraten in die Arme geworfen. In ihrem Bohsme¬
1934 2490 3169 2574 Kunstgewerbe fürs Haus. Heft 5. Vierteljährlich Mark
523 2520 1852 2572 kreise lernt sie durch Zufall einen Herrenreiter kennen, dessen Ver¬
1853 2523 2704 2594 4.50. Verlag: O. Lienekampf, Berlin W.
524 2569 1853 2628 chältnisse ihr zur Konsolidirung der ihrigen geeigneter erscheinen,
1930 2576 3169 2661 Deutsche Roman=Zeitung. No. 19—20. Vierteljähr¬
520 2601 1849 2664 als die Beziehungen zu dem Dichter. Sie geht mit dem Baron
1848 2629 2765 2698 lich Mk. 3.50. Verlag: Otto Janke, Berlin.
524 2650 1847 2706 durch, der ihren Münchener Kreis höchst widerwärtig findet. Er
1916 2662 2599 2733 Die Insel. Heft 5. Mk. 1.
2591 2665 3053 2746 Insel=Verlag, Leipzig.
522 2695 1848 2759 glaubt zwar fest, daß ihre Liebesgedichte unerlebt sind, findet es
1927 2703 3176 2797 Zeitschrift für Sozi alwissenschaft. Heft 2. Ver¬
516 2744 1839 2802 aber von einer Dame höchst undelikat, so etwas drucken zu lassen.
1854 2739 2501 2821 lag: Georg Reimer, Berlin. W.
526 2777 1861 2842 Er verbietet dies ihr, doch sie kann es nicht sein lassen. In einem
1921 2805 3165 2883 Der Autor. Zeitschrift für Litteratur und Kunst. Viertel¬
518 2815 1850 2884 Roman, der ihre Münchener Erlebnisse schildert, benutzt sie die
1847 2817 2946 2917 jährlich Mk. 2. Herausgeber Josef Wytrlik jun, Wien.
517 2856 1849 2938 Briefe des Schriftstellers und die „Concepte“ der ihrigen. Unglück¬
1914 2887 3166 2973 Dokumente der Frauen. No. 21. Vierteljährlich 3 Kr.
526 2915 1852 2977 licherweise kommt der Dichter zu gleicher Zeit auf die gleiche Idee.
1840 2898 2257 2997 Selbstverlag, Wien.
519 2940 1851 3015 Die intimsten Beziehungen der beiden lägen vor aller Welt offen,
1916 2962 3152 3040 Düsseldorfer Ausst ellungs=Zeitung. No. 24 u. 52.
511 2993 1850 3057 wenn Margarethens Roman nicht noch in letzter Stunde einge¬
1916 3003 3155 3089 Die Rheinlande. Heft 5. Verlag: A. Bagel, Düsseldorf.
512 3038 1850 3103 stampft würde. So bleibt auch dem Baron die Sache geheim und
1911 3060 3163 3120 Nord und Süd. Februarheft. Mk. 2. Verlagsanstalt S.
522 3080 1848 3142 er heiratet sie zu gutem Schlusse. Der dumme Aristokrat ist nicht
1839 3081 2323 3159 Schottländer, Breslau.
515 3128 1847 3180 besser gezeichnet, wie in vielen Lustspielen; aber das „Litteratur¬
1923 3140 3171 3229 Die deutschen Kolonien. Februarheft. Vierteljährlich
524 3174 1840 3226 weib“ und der Dichter sind bei aller Uebertreibung fast wie Por¬
1841 3169 2774 3248 Mk. 3. Verlag: C. Bertelsmann, Gütersloh.
510 3212 1845 3285 traits. Mit den Schnitzlerstücken kollidierte eine Vorstellung der
1922 3218 3164 3298 Die evangelischen Missionen. No. 2. Jährlich M. 3.
522 3261 1832 3318 „Zauberflöte“ im großen Hause. Frl. Bossenberiger aus
1850 3246 2565 3331 Verlag: C. Bertelsmann, Gütersloh.
516 3307 1854 3360 Frankfurt bewährte, wie mein Vertreter meldet, als Königin der
1923 3311 3166 3402 Die Gesellschaft. No. 8. Preis 75 Pfg. Verlag: E. Pier¬
509 3342 1851 3407 Nacht ihre stattlichen, stimmlichen Vorzüge und wurde wieder sehr
1835 3342 2150 3411 son, Dresden.
509 3381 1854 3449 beifällig aufgenommen. Nach fünfjähriger Pause erschien neuein¬
1921 3390 3152 3468 Astronamisches Lexikon. 1. Lieferung. 50 Pfg. A.
518 3430 1844 3498 studiert Verdi's „Othello“ und bewies sich unter Fischers musi¬
1832 3409 2385 3506 Hartleben's Verlag, Wien.
524 3471 1843 3541 ckalischer Leitung als glückliche Wahl. Die einst von Vogl gesungene
1915 3483 3147 3572 Die Kunst. Heft 6. Mk. 2. Verlagsanstalt Fr. Bruckmann,
523 3517 1842 3573 Rolle des Mohren gab Knote; sein prächtiges Organ kam zur
1838 3504 2043 3582 München.
524 3570 1843 3621 glanzvollsten Geltung; auch Frl. Breuer (Desdemona) und ein Köl¬
1916 3565 3145 3649 Elektrotechnische Rundschau. Heft 11. Verlag: G.
512 3600 1841 3670 ner Gast Breitenfeld („Jagd“) boten gutes. Unter Zumpes Leitung
1844 3609 2540 3671 L. Daube u. Co., Frankfurt a. M.
520 3626 1842 3709 (ahen wir ebenfalls neueinstudirt Méchul's „Joseph in Aegypten“.
1913 3644 3161 3713 Kriegstechnische Zeitschrift. Heft 2. Verlag: E. S.
520 3673 1842 3754 Gerhäuser's Stimme erschien anfangs wieder nicht ganz frei, doch
1846 3687 2377 3759 Mittler u. Sohn, Berlin.
519 3728 1845 3790 avar sein Josepf späterhin von schöner Wirkung; auch die Be¬
1911 3731 3159 3805 Nord und Süd. Märzheft. Mk. 2. Verlags=Anstalt S.
508 3768 1853 3847 setzungen Bauberger (Jacob), Frau Bosetti (Benjamin) und Fein¬
1837 3762 2312 3845 Schoftländer, Breslau.
507 3802 1284 3907 Hals (Simon) erwiesen sich glücklich.
1910 3806 3161 3903 Der Zoologische Garten. No. 3. Verlag: Mahlau u.
610 3853 1842 3925 Am Gärtnerplatz fand die Hexe von Boissy, eine ko¬
1839 3857 2447 3926 Waldschmidt, Frankfurt a. M.
516 3900 1845 3965 mische Operr von Karl Costa, Musik von Joh. Nep. von Zaytz,
1919 3899 3164 3989 Innen=Dekoration. Märzheft. Mk. 2. Verlag: Alexander
522 3956 1838 4015 Kreundliche Aufnahme. Die Logik der Handlung ist nicht sonnen¬
1847 3927 2208 4014 Koch, Darmstadt.
521 3982 1847 4057 Tar, die Mufik ohne besondere Originalität und was schlimmer
1922 3990 3160 4061 Unlauterer Wettbewerb. No. 6. Verlag: Hermann
523 4030 1842 4111 *, ohne Stiß Bald Oper, bald Operette bot das Stück dem Ensemble
1826 4029 2522 4094 Walther, G. m. b. H., Berlin.
2111 4089 2358 4173 in Frankiur¬
