3436 4384
2101 172 2566 269 box 21/3
297 163 1961 274 16.1. Lebendige StundenZukius
2257 1140 2722 1242 Telephon 12801.
774 1168 1239 1255 Telephon 12801.
2327 1208 2368 1251 —
1882 1251 3104 1328 Alex. Weigl’s Unternehmen für Zeitungs-Ausschnitte
405 1255 1631 1342 Alex. Weigl’s Unternehmen für Zeitungs-Ausschnitte
2889 1318 3103 1388 Ausschnitt
1402 1326 1637 1392 Ausschnitt
1303 1338 1356 1415 C
2089 1324 2781 1462 „OBSERYER
642 1346 1312 1479 „OBSERVER
2918 1381 3187 1470 Nr. 84
1449 1381 1703 1474 Nr. 82
1762 1447 3216 1512 I. österr. behördl. conc. Bureau für Zeitungsberichte u. Personalnachrichten
283 1456 1727 1549 Lös#rieh conc. Bureau für Zeitungsberichte u. Personalnachrichten
1984 1503 2997 1609 Wien, IX/1, Türkenstrasse 17.
519 1538 1538 1615 Wien, IX/1, Türkenstrasse 17.
2170 1587 2805 1664 Filiale in Budapest: „Figyelö“ -
695 1595 1340 1675 Filiale in Budapest: „Figyelö“ -
1773 1651 3197 1730 Vertretungen in Berlin, Chicago, Genf, London, Newyork, Paris, Rom, Stockholm.
302 1671 1730 1728 Vertretungen in Berlin, Chicago, Genf, London, Newyork, Paris, Rom, Stockholm.
1768 1774 2293 1865 Ausschnitt aus:
300 1798 822 1880 Ausschnitt aus:
2555 1833 3156 1997 Hehemie (Praul.
1771 1916 2371 2038 vom: 11.70 —
307 1934 534 2031 vom:
992 1892 1664 2058 Seriner Sörsoncoun
626 1978 990 2079 2 170 X
2441 2219 2711 2308 ##
669 2218 1691 2329 Aus München schreibt uns unser Correspondent!
1998 2245 2971 2381 Aus München wird berichtet: Artbur Schnitzlers
589 2292 1680 2371 unterm 6. März: Die hiesige Erstaufführung des
2002 2304 2968 2420 der Ginaeter, „Lebendine Stunden“, „Pran mit
623 2324 1661 2415 Schnitzler'schen Einacter=Cyklus „Lebendige
622 2369 1668 2455 [Stunden“ im Re idenz=Theater, über
2005 2358 2960 2472 dem Dolch“, „Letzie Masken“ und „Literarur“ wur¬
619 2408 1671 2496 deren wechselndes Glück ich bereits berichtete, war von
2004 2400 2954 2525 den heute, von Savits in Sceue gesetzt, im Residenz¬
615 2442 1670 2532 Oberregisseur Savits sorgfältig inscenirt, unter
1994 2445 2958 2569 theater zum ersten Male aufgeführt. Die Rollen
617 2493 1647 2568 Zuhilfenahme der Drehbühne für die plötzliche
1994 2504 2953 2618 waren gut besetzt, und die Stücke wurden gut ge¬
620 2534 1648 2614 Verwandlung in der „Frau mit dem Dolche". Auch
1991 2546 2957 2662 spielt. Das erste und das letzte Stück wurden mit
602 2556 1648 2661 die Darstellung war im Ganzen vorzüglich, ins¬
1986 2592 2955 2717 Beifall, das zweite und dritte Stück mit einer
615 2616 1642 2706 besondere boten Häusser als Journalist Rade¬
602 2637 1657 2732 macher. Suske als alter Hausdorfer, Frl. Swo¬
1980 2628 2931 2757 Mischung von Beifall und Widerspruch aute¬
1878 2680 1957 2739 50
1745 2666 1854 2753 Für
1978 2686 2186 2757 nommen.
616 2694 1700 2781 boda als Margarethe und Basil als Gilbert in be
300 2687 620 2774 Für 50 Zeitun
1855 2724 1971 2783 100
2937 2709 3161 2781 inclusive
405 2755 507 2801 100
616 2738 1653 2817 „Literatur“ Prachtleistungen; auch Herr Monnard
2957 2771 3128 2819 Porto.
1849 2771 1966 2825 200
401 2792 508 2841 200
602 2782 1681 2863 als Heinrich in „Lebendige Stunden“ Herr Sturyfr
1854 2809 1962 2856 500
2739 2793 3141 2880 110.—1. Zahlbar
406 2829 517 2878 500
598 2805 1726 2907 als Meister Remigio, Herr v. Pindo als Schau=lus.
1839 2841 1963 2903 1000
1798 2859 1838 2909 7
2753 2845 3176 2919 „ 200.—) im Voraus.
2491 2875 2553 2918 „
384 2872 529 2930 1000
601 2849 1629 2936 spieler Jackwerty, Herr König als Weihgast und
322 2848 391 2932 2
1871 2875 3192 2959 Im Gegensatze zu anderen Bureaux für Zeitungsausschnitte ist das
602 2903 1634 2980 Herr Waldau als junger Krankenhausarzt und als
1646 2899 1740 2965 das
427 2899 602 2974 Im Gege
1759 2916 3190 3009 Abonnement durch keine bestimmte Zeitdauer begrenzt; — auch steht es den
608 2943 1631 3024 Sportsman Ciemens boten Vortreffliches. Am
310 2943 600 3010 Abonnement an
1639 2956 1736 3024 den
1744 2974 3084 3062 Abonnenten frei die aufgegebenen Theinen zu ergänzen oder zu ändern.
308 2996 610 3065 Abonnenten frei
614 2978 1644 3054 stärksten wirkte der übermüthig gespielte Schwank
604 3024 1729 3142 „Literatur“, dem auch seine localen Auspielungen 311 dle
1863 3055 3190 3133 Der „OBSERVER“ veranstaltet täglich einen Auszug enthaltend die
411 3052 898 3142 Der „ogslatten kamen.
1743 3109 3191 3161 Inhaltsangabe aller wichtigen Mittheilungen der Wiener Morgen¬
1619 3117 1701 3175 en
300 3119 1206 3173 Inhaltsangabe aner wientgen Miene.#
3128 3153 3180 3189 (
1755 3138 3168 3211 blätter (Tagesjournale ausser „Neue Freie Presse“ und „Wiener Zeitung)
303 3131 1712 3211 blätter Tagesjournale ausser „Neue Freie Presse“ und „Wiener zeithng“)
1753 3177 3185 3252 wodurch eine Uebersicht über das gesammte politische und wirthschaftliche
310 3202 1727 3243 wodurch eine Uebersicht über das gesommte politische und wirthschaftliche
1746 3221 3181 3287 Leben des In- und Auslandes in drastischer Kürze geboten wird. Diese Mit¬
298 3231 1725 3290 Leben des In- und Auslandes in drastischer Kürze geboten wird. Diese Mit¬
1750 3258 2769 3323 theilungen werden in Wien um 9 Uhr Früh verschickt.
311 3278 1334 3329 Stheilungen werden in Wien um 9 Uhr Früh verschickt.
2059 3349 2846 3409 Prospecre gratis und franco.
616 3349 1413 3445 Prospecte dratis und fnanco.
