3484 4192
-2 1286 123 1360 dessen
1 1338 121 1404 euten
-8 1386 130 1450 ittig
-2 1435 125 1494 ichter)
-10 1484 121 1539 gaben
-13 1526 122 1591 dend.
21 1579 112 1636 bis
5 1625 122 1687 und
11 1678 110 1743 ge¬
-7 1712 87 1789 K.
58 4076 111 4154 411
1961 117 2950 182 ein Gespräch wird zwischen beiden geführt, worin der
1953 155 2949 212 Alte seinen großen Schmerz gegen den zeitlichen
1951 201 2952 252 Schmerz des Jünglings aufbietet. Denn dieser
1947 234 2950 279 Heinrich ist Künstler und wird vielleicht durch den
1944 273 2952 336 Tod der Mutter, die seit Jahren von Siechtum heim¬
1937 310 2953 377 gesucht war, die verlorene Produktionsfähigkeit zu¬
1939 360 2962 412 rückgewinnen. Um ihn zu befreien, hat die Mutter
1949 408 2952 457 sich geopfert. Er weiß es nicht, und soll es nicht
1946 447 2949 499 erfahren; aber dem Freunde hat sie in einem letzten
1948 488 2944 549 Brief das Geheimnis ihrer Liebe und ihres Sterbens
1942 533 2947 589 mitgeteilt. Da bricht im Verlauf des Gespräches
1947 574 2953 635 der eifernde Zorn des Alten los, er enthüllt dem
1949 621 2952 672 Jüngling die Wahrheit, und er schleudert ihm die
1940 660 2948 724 Anklage des erlebenden Menschen wider den, der
1944 696 2954 748 fremdes Leben belauscht und fordert, ins Gesicht:
1937 739 2947 804 „Was ist denn deine ganze Schreiberei, und wenn
1938 779 2941 843 du das größte Genie bist, was ist sie denn gegen so
1947 825 2943 892 eine Stunde, so eine lebendige Stunde, in der deine
1939 866 2953 928 Mutter hier auf dem Lehnstuhl gesessen ist und zu
1933 913 2946 974 uns geredet hat, oder auch geschwiegen — aber da
1937 959 2933 1013 ist sie gewesen — dal und sie hat gelebt, gelebt!“
1946 996 2945 1055 Doch der Jüngling findet eine Rechtfertigung. Leise
1945 1048 2943 1095 und stolz sagt er zu dem Trauernden: „Lebendige
1945 1090 2938 1132 Stunden? Sie leben doch nicht länger als der letzte,
1937 1122 2942 1182 der sich ihrer erinnert. Es ist nicht der schlechteste
1940 1172 2943 1232 Beruf, solchen Stunden Dauer zu verleihen, über die
1937 1210 2220 1282 Zeit hinaus.“
2022 1242 2941 1301 Im zweiten Schauspiel, der „Frau mit
1938 1295 2936 1357 dem Dolche“ wird die Illusion aus einer
1932 1337 2942 1403 sanften, wehmutverklärten Herrscherin zur grausamen
1947 1387 2946 1441 Tyrannin. Richt bloß, daß Paulas Gatten, dem
1937 1422 2930 1486 Dichter Gottfried, alle Ereignisse nur Sioff zur Dich¬
1943 1474 2941 1523 tung sind wie dem Maler Remigio der furchtbare
1931 1507 2939 1562 Mord nur Vorwand zum Gemälde: in betörendem
1932 1545 2941 1601 Schauer wird für Paula ihr heißestes Erlebnis, die
1931 1597 2939 1651 Liebe zu Leonhard, ein Phantom, die schattenhafte
1928 1640 2931 1682 Abspiegelung eines früheren Begebnisses. Zusammen¬
1934 1681 2939 1727 hänge werden aufgedeckt, die der auf dem Sofa der
1928 1719 2942 1785 Gemäldegalerie Kauernden den Boden unter den
1929 1761 2942 1820 Füßen wegreißen und sie zur verbrecherischen Trä¬
1940 1808 2928 1866 gerin der Wiederkeyr des Gleichen machen Bor
1938 1838 2919 1901 den. Renaissancebild „Die Frau mit dem Dolche“
1302 1864 1699 1971 Telephon 12.301.
1930 1889 2933 1945 verabreden Paula und Leonhard eine Liebesnacht.
1933 1943 2933 1988 Und danu wird Paula in quälendem Traumgesicht
1932 1978 2940 2035 zu Paoia, der Heldin des Bildes, Gottfried zu Re¬
1931 2024 2941 2066 migio, Leonhard zu Paolas Buhlen Lionardo, den
1932 2055 2942 2121 sie reuig verschmäht, und der dem zurückkehrenden
751 2025 1520 2162 „SSSERVEN
1932 2102 2938 2154 Remigio höhnend sagt, daß er ihn betrogen habe.
598 2083 1697 2218 1. österr. beh. konz. Unternehmen für Zeitungs¬
1940 2145 2938 2206 Um Remigio vor Lionardos Mordstahl zu bewahren,
816 2152 1498 2262 Ausschnitte und Bibliographie.
1931 2188 2937 2237 stößt Paola diesem den Dolch ins Herz. Wild
1932 2229 2933 2276 überbliekt Remigio den Saal. Er starrt sein Weiß
786 2198 1566 2318 Wien, I., Concordiaplatz 4.
1936 2275 2939 2327 an, und von der Inspiration ergriffen, banut er die
1012 2281 1348 2365 Vertretungen
1935 2311 2928 2355 Szene auf die Leinwand. Da kommt die levende
629 2303 1729 2440 eaberin hrbscd, budspest Ghtenge erelnd esisente
1926 2351 2929 2416 Paula von heute wieder zu sich. Sie weiß, was
633 2352 1737 2476 Genf, Kopenhagen, London, Madrid, Mailand, Minneapolis,
1935 2401 2933 2459 ihr bevorsteht, aber noch taumelnd verheißt sie Leon¬
631 2383 1733 2513 New-Vork, Paris, Rom, San Francisco, Stockholm, St. Peters¬
1926 2442 2927 2501 hard die erbettelte Gunst. In dieser Tragödie mit
1033 2455 1340 2522 burg, Toronto.
2753 2486 2926 2538 — die
1922 2487 2763 2536 geschlossenen Augen sind ein Buhnentrick
986 2489 1390 2573 Gzelilenangabe ohne dewähr.)
1919 2518 2942 2583 blitzschnelle Verwandlung der Bühne —, ein Lebeus¬
1921 2569 2939 2623 mysterium und etwas von dem Kolorit, der rau¬
644 2586 1052 2677 Ausschnitt aus:
1936 2610 2934 2678 schenden Musik und dem Blutdunst des „Schleiers
1939 2654 2898 2718 der Beatrice“ seltsam und bennruhigend vereinigt.
854 2615 1803 2734 I5 1. 131: BOHEMIA, PRAG
2011 2683 2918 2762 Im dritten Stück, den „Letzten Masken“,
681 2711 798 2777 vom
1934 2726 2935 2809 ist die Illusion aufs neue Siegerin; sie siegt, miß¬
1936 2788 2929 2838 handelt und geschändet. Im Allgemeinen Kranken¬
1932 2835 2943 2877 haus soll der Journalist Rademacher, sterben ein
1044 2811 1883 2944 Theater und Musik.
1946 2862 2939 2922 Bankerotteur des Lebens, der aus Not ein Hand¬
1945 2926 2928 2973 werker des Geistes geworden ist, ein armer Schächer
1021 2932 1872 3042 Sönitzlers, Lebendige Stunden“.
1935 2961 2924 3015 in dessen Schreibtisch herrliche Entwürfe liegen. Ee
1937 3006 2930 3058 erwartet den Besuch eines Jugendgefährten, eines
1133 3002 1787 3097 (Neues deutsches Theater.)
1927 3037 2928 3101 berühmten Dichters, eines kalten Poseurs. Richt
1935 3091 2936 3148 Freundschaftsempfinden wohnt in der raßelnden
1038 3071 1938 3150 Der Schnitzler=Zyklus wird fortgesetzt, und man
1939 3131 2918 3190 Brust des Todgeweihten, sondern bösartiger Haß.
955 3126 1926 3193 darf dies willkommen heißen; denn es handelt sich
1938 3170 2927 3221 Einmal will er dem Berühmten sagen, daß er ihn
951 3174 1924 3239 um eine der wenigen Veranstaltungen des beendigten
1941 3208 2929 3268 für einen Tropf und seinen Ruhm für ein Richts
962 3214 1936 3268 Saisonabschnitts, die Leute von Geschmack inter¬
1933 3263 2924 3319 hält, einmal will er mit ihm einmal abrechnen. Doch
956 3261 1935 3313 essieren konnten. Die Reihenfolge bestimmt der Zu¬
1932 3300 2930 3357 als der Berühmte kommt, schweigt er, statt zu
955 3307 1931 3360 fall. Auch hieran trägt die Bühnenpraxis schuld,
1933 3347 2929 3401 fluchen. Aber hier beginnt der Umschlag. Ein
963 3346 1934 3400 die nur langsame Ergänzung gestattet und die
1927 3371 2922 3445 letzter Anfall erschüttert den armen Schächer. Der
958 3384 1925 3440 schwersten Aufgaben zurückzustellen zwingt. Aber es
1934 3425 2925 3484 Berühmte wird ihn als Stoff für sein nächstes Buch
957 3426 1922 3487 ist unzulässig, daß man die vom Dichter selbst ge¬
1932 3474 2916 3532 benutzen. Und auch in einer Rebeufigur wird das
955 3483 1919 3525 wollte Einheit mißachtet und statt der vier Schau¬
1931 3511 2915 3564 Provlem wiederholt, in einem verfallenen Schau¬
958 3513 1922 3574 spiele, die der Gesamttitel „Lebendige Stunden“
1941 3555 2922 3610 spieler, einem Pytisiker, der bald ein neues Enga¬
951 3548 1929 3623 umrahmt, nur drei davon gibt und die „Literatur“
1927 3593 2921 3664 gement zu bekommen hofft und als der Affe des
943 3605 1696 3676 durch die „Komtesse Mizzi“ verdrängt.
1944 3642 2920 3712 Künstlermenschen die Grimassen des Sterbenden
1045 3633 1925 3702 Die „Lebendigen Stunden“ lassen den
1938 3688 2149 3745 beobachtet.
954 3678 1927 3738 Reiz von Schnitzlers Form und Weltanschauung so
2012 3711 2923 3781 Jedes der drei Stücke will eine verständnisvolle
957 3729 1933 3796 fein erkennen, wie außerdem wohl nur der „Grüne
1940 3754 2929 3821 Regie mit dem Talent, ein Milieu zu konstruieren.
947 3759 1925 3818 Kakadu“ und der „Paracelsus“. Ein Melancholiker
1945 3803 2922 3867 Der Garten in den „Lebendigen Stunden“ muß die
945 3813 1928 3864 hat sie geschaffen, der in allem verborgenen Sinn
944 3849 2936 3914 sucht und keines Dinges gewiß ist, einer, dem Traum ttröstende, stille Anmut der Gärten um Böbling
