3392 4224
1870 203 2334 296 box 2175
170 206 1871 306 16.1. Lehendige Stunden Zyklus
728 500 1376 588 Dr. Max Goldschmidt
729 570 1364 652 Büro für Zeitungsausschnitte
554 635 829 712 JERLIN N4
1083 642 1526 715 Telefon: Norden 3051
864 744 1219 821 Ausschnitt aus:
663 798 1417 896 Vossische Zeitung, Berlin
998 873 1238 974 14 Sep.
1341 934 1429 1014 Me
1720 1018 2897 1115 wagte er den Schritt, der eine große Belastungsprobe der Pietät
1717 1090 2904 1150 war, und eine Ironie des Schicksals, ebenso tief wie schön, ließ
516 1014 1586 1190 Reinbardts Salzburg
1719 1127 2898 1203 ihn das Entgegenkommen des Klerus finden. Die ernste Macht
1723 1172 2894 1242 der Bühne war dem Katholizismus niemals fremd. Das wußte
1032 1171 1180 1243 Von
1719 1216 2893 1294 man schon lange, bis Max Neinhardt kam und fragte: Warum
893 1221 1299 1316 Georg Hirschfeld
1721 1257 2794 1333 soll man die Mächte nicht wieder einmal zusammenführen?
531 1295 1697 1384 Arthur Schnitzlan läßt einen seiner tastenden, jungen Menschen
1737 1316 2890 1367 Es war nur an der Hand eines alten Volksgeschenkes möglich.
502 1353 1685 1419 Sälzblrg eine Stadt des Trostes nennen. Der Ausspruch befindet
1701 1365 2894 1408 Das Spiel vom Sterben des reichen Mannes hat Jahrhunderte
490 1391 1691 1467 sich in dem Einakter „Lebendige Stunden“. Ein alter Skeptiker
1700 1413 2898 1455 überdauert. Hugo von Hofmannsthal gab ihm die neue, gültige
500 1435 1693 1506 antwortet: „Gibt's solche Städte? Das wär' ja großartig.“ Wenn
1713 1445 2893 1498 Form. Ein Theater ersteht, das mit dem sonst bekannten Theater
490 1475 1678 1555 ich mich recht erinnere, hat Max Reinhardt vor vielen Jahren
1714 1497 2902 1561 nichts gemein hat — das ist das Einzige und Unvergeßliche. Man
487 1522 1683 1603 diesen Skeptiker gespielt. Er gerade war seit seinem Anfang das
1711 1536 2886 1600 fragt wirklich nicht mehr nach der schauspielerischen Leistung, man
498 1574 1681 1646 Gegenteil eines Skeptikers in Salzburg. Die wundersamste Stadt
1697 1594 2888 1654 nimmt es als selbstverständlich hin, daß Moissis, Frieda Richards,
501 1610 1683 1688 Altösterreichs blieb ihm mehr als nur ein Trost. Hier reifte ihm
1703 1625 2900 1702 Helene Thimigs, Dagny Servaes', Kayßlers Kunst hier mitwirkt,
485 1632 1678 1732 der Traum, den er verwirklichen sollte, ein neuer Götterversucher.
1698 1656 2898 1738 wie man sie erwarten darf. Menschen, die Schauspieler sind, be¬
523 1706 1686 1772 Ich hielt es immer mit Schnitzlers Jüngling und fand durch
1700 1708 2898 1779 mühen sich im Dienst eines Werkes zwischen Kultus und Kunst.
488 1727 1679 1802 dreißig Jahre in Salzburg Trost. Auch in diesem Sommer suchte
1710 1750 2897 1822 Hinter ihnen ragt die edle Fassade des Domes auf, an den
481 1787 1676 1858 und fand ich ihn. Doch das alte, liebe Gesicht hatte „heuer“
1699 1794 2901 1858 Fenstern des Gevierts drängen sich Zuschauer, die mittelalterlich
495 1824 1701 1896 neue Züge. Ich erlebte zum erstenmal Max Reinhardts 1
1697 1836 2893 1909 gekleidet sein mögen — man nimmt es an, man weiß es nicht,
482 1863 1671 1947 Festspielzeit. Und ihn selbst, mit dem ich jung gewesen, sah ich
1705 1882 2885 1962 man vergißt auch den modernen Glanz amerikanischer Damen,
490 1924 1679 1992 nach Jahren wieder. Es war eines der Wiedersehen, die den
1698 1926 2883 1984 die vor der Bühne sitzen, Herren aus Wien, deutsche Touristen —
493 1960 1682 2039 Namen verdienen. Das Beste, wahrhaft Echte, eben das Junge
1694 1966 2878 2021 man vergißt sich selbst. Mancherlei wirkt mit, und das beste oft
486 1993 1650 2083 in dem berühmten Theatermann fand ich, wie es einst gewesen.
1696 2000 2889 2068 ist es, was nicht auf dem „Zettel“ steht. Die Tauben, die in den
511 2047 1684 2115 Er wurde gewiß von der gleichen Erinnerung befallen — sie
1699 2050 2882 2127 Türmen des Domes nisten, schwirren vorüber, und ihr Stichwort
483 2087 1674 2141 war uns so wert, daß wir sie nicht aussprachen, Hier sei sie er¬
1687 2104 2883 2169 ist das Geheimnis des Instinkts, ein unbekannter Regisseur hat sie
474 2121 1682 2221 wähnt. Wie lange ist es her? Im Frühling 1894 begleitete ich
1695 2151 2895 2222 gerufen. Seltsam ergreifend wird jedermanns verzweifelter
482 2162 1682 2248 Otto Brahms von München nach Salzburg. Der neue Direktor
1700 2185 2883 2256 Menschenschrei von der stummen Geschäftigkeit der Pögel begleitet.
476 2229 1679 2287 des Deutschen Theaters war auf der Talentsuche. Brahm kam wirk¬
1701 2227 2880 2298 Das tiefste Rätsel dieser „Regie“ aber läßt auch die einfältige
472 2251 1668 2332 lich als Skeptiker nach Salzburg, und an ihm verwirklichte sich
1686 2273 2879 2352 Kreatur verschwinden, wenn das Heiligtum der Dichtung anhebt,
470 2309 1673 2380 das alte Wort: wer wenig sucht, der findet viel. Er ahnte auch
1691 2304 2880 2388 die zweite Szene der Mutter. Sie geht zum erlösenden Sterben,
476 2347 1680 2431 nicht, was er gefunden, als er Salzburg verließ. Wer hätte es
1684 2353 2886 2431 rein und willig, dem alten Laternenträger folgend — Sterben
485 2381 940 2459 damals ahnen können?
1697 2401 2881 2462 oder Frühmette — die Glocke will es. Sie gedenkt noch einmal
505 2434 1671 2497 In demselben Stadttheater, das heute unter dem Stern der
1690 2439 2877 2503 ihres Sohnes, der dicht über ihr auf der „Bühne“ steht und mit
468 2478 1664 2554 Festspiele steht, wurde im Frühling 1894 „Heimat“ von Suder¬
1682 2491 2879 2570 dem Grauen des Todes ringt, nun auch der Erlösung nahe. Diese
482 2527 1671 2596 mann gegeben. Brahm wollte das Schauspiel eines jungen Dar¬
1688 2531 2885 2614 Szene ist von Shakespeares, von Goethes Rang, sie streift die Doku¬
1681 2568 2042 2633 mente der Bibel.
477 2554 1662 2617 stellers wegen sehen. Dieser Zwanziger aus Wien spielte Magdas
475 2616 1666 2687 gichtbrüchigen Vater, er hieß Max Reinhardt. Es war eine vor¬
1718 2603 2869 2696 Ich ging von nun an anders an dem öden Bretterbehelf auf
473 2649 1662 2725 zügliche Leistung von auffallender Reife und Kraft. Brahms
1688 2656 2878 2760 Salzburgs Domplatz vorüber. Es stimmte doch, es durfte sein,
477 2692 1664 2761 sprach das Schicksalswort: „Ich weroe ihn engagieren.“ Nach der
1683 2704 2873 2795 und man muß ein Auge zudrücken, wenn das Theater nicht aktiv
476 2738 1666 2811 Vorstellung erwarteten wir den jungen Schauspieler im „Oester¬
1670 2744 2816 2828 ist. Es macht sich ohne die Belebung des Spiels nirgends gut.
471 2783 1660 2858 reichischen Hof“, der damals schon war, wo er heute ist. Max
1707 2802 2886 2878 Dennoch bleibt ein dauerhafteres Wohlgefühl zurück, wenn die
460 2828 1670 2903 Reinhardt kam, mit einem Freunde, wenn ich mich recht erinnere,
1670 2832 2867 2906 dämonische Probe auf Einheit von Kultus und Theater nicht erst
466 2871 1657 2940 einem kleinen Komiker des Salzburger Theaters, Marx war sein
1669 2894 2879 2963 gemacht wird. Das Endergebnis ist doch: der Mensch von heute
472 2912 1667 2983 Name, und auch ihn verpflichtete der Direktor aus Berlin, der die
1671 2936 2873 3027 soll ruhen lassen, was in steinernen Särgen schläft. Das mittel¬
468 2951 887 3012 große Hoffnung war.
1670 2983 2865 3049 alterliche Spiel hat keine mittelalterlichen Zuschauer mehr, Ethi¬
495 2974 1653 3072 Man rekonstruiert gern, wenn man den Weg einer Persönlich¬
1665 3015 2863 3106 sches läßt sich niemals ästhetisch wiederbringen, und eine Dissonanz
466 3039 1651 3123 keit zurückblickt. Im Falle Max Reinhardt sind die vordeutenden
1663 3066 2359 3126 bleibt das Wort: Ich will naiv sein.
464 3072 1666 3165 Lichtzeichen nicht leicht zu finden. Er war von vornherein eine
1699 3104 2869 3185 Deshalb war mir doch die echte, rechte Theateraufführung, die
468 3131 1649 3196 starke Persönlichkeit, ganz gewiß, aber mehr noch als bei vielen
1665 3141 2866 3242 ich noch im Geiste Max Reinhardts sah, eine Befreiung: Schiller
459 3173 1646 3222 anderen traf sein Eigenstes mit Strömung, Wachstum, Kultur¬
1660 3205 2856 3273 im Mozartreich, „Kabale und Liebe“ auf der Bühne des
454 3201 1657 3283 reife der Zeit zusammen. Er war Erwecker und ebenso Werkzeug.
1661 3244 2865 3316 Stadttheaters, wo Figaro gesungen. Ein wundersames Band um
452 3249 1653 3319 In seinem Wesen lag immer neben der zähen Energie die Demut
1670 3277 2859 3357 Spiel und Empörung des Rokokoalters. Hinreißend über die
460 3305 1652 3362 des Getriebenen, Wollenden, weil Müssenden. Für das Märchen
1657 3319 2867 3383 Zeiten hin und ein Kulturdenkmal, wie nur Max Reinhardt es
450 3339 1649 3411 des Lebens wie für das der Kunst prädestiniert, trug er seine
1662 3365 2858 3436 auf die Bühne stellen kann. Das alte Burgtheater, von Hugo
459 3383 1644 3452 Sehnsucht, die sich zu Sehnsüchten fand, kühn und still, musik¬
1662 3412 2858 3486 Thimigs Musikus Miller verkörpert, war mit ihm im Bunde.
457 3421 1566 3486 froh und melancholisch, jung, aber nur ein Teil der Jugend.
1700 3451 2855 3508 Nun ist die Stadt des Trostes wieder dasselbe für mich, was
501 3471 1639 3525 So stieg er empor, und es heftete sich an seine Gestalt das
1666 3491 2858 3579 sie war. Sie ist es, weil mein Gefühl durch Zweifel und neuen
457 3504 1650 3573 Starke und das Gefährliche der Zeit. Machtwille, Ruhm und
1662 3531 2861 3625 Glauben an Max Reinhardt gegangen ist. Er gehört wieder zu
454 3554 1654 3631 Mammon, von allen Blüten der Künste umrankt. Ein Künstler¬
1659 3578 2216 3654 Salzburg, ein Stück Jugend.
450 3612 1660 3676 bild, das so in's Weite und Breite ging, daß es hier besonders
449 3658 1655 3716 not tut, den Menschen hinter dem Namen, die echte Sehnsucht
447 3686 1657 3767 hinter Projekten, Erfolgen, blendenden Lebensgütern zu finden.
484 3735 1658 3801 Nach 33 Jahren hat der junge Schauspieler von einst die
446 3759 1659 3833 Weltgeltung Salzburgs verstärkt. Er zaubert große Theater¬
459 3824 1650 3887 kunst in das heilige Reich der Kirchen und Kulturdenkmäler. Er
453 3857 1656 3934 ist Herr eines Schlosses, das einst dem Kaiser von Oesterreich
448 3911 1644 3987 gehört hat. Nein, an der Wiege werden nur Ammenlieder ge¬
450 3940 963 4011 sungen — so etwas nicht.
487 3971 1640 4061 Die Stadt des Trostes macht den, der sie gefunden hat, emp¬
452 4018 1644 4107 findlich. Ich kenne Reinhardts Weg und fragte mich oft: Was
451 4080 1647 4147 ist mit diesem österreichischen Künstler geschehen? Daß ei nicht
456 4124 1632 4162 nur Erfolgskind war, wußte ich. Hier wirkte ein tiefere¬ #
