<?xml version="1.0" encoding="UTF-8" standalone="yes"?>
<PcGts xmlns="http://schema.primaresearch.org/PAGE/gts/pagecontent/2013-07-15" xmlns:xsi="http://www.w3.org/2001/XMLSchema-instance" xsi:schemaLocation="http://schema.primaresearch.org/PAGE/gts/pagecontent/2013-07-15 http://schema.primaresearch.org/PAGE/gts/pagecontent/2013-07-15/pagecontent.xsd">
    <Metadata>
        <Creator>prov=University of Rostock/Institute of Mathematics/CITlab/Gundram Leifert/gundram.leifert@uni-rostock.de:name=ONB_Newseye_GT_M1+(htr_id=10810)::::v=2.4.2
prov=University of Rostock/Institute of Mathematics/CITlab/Tobias Gruening/tobias.gruening@uni-rostock.de:name=de.uros.citlab.module.baseline2polygon.B2PSeamMultiOriented:v=2.4.2
prov=University of Rostock/Institute of Mathematics/CITlab/Tobias Gruening/tobias.gruening@uni-rostock.de:name=/mnt/transkribus/LA/DEA/URO/LA_news_onb_att.pb:de.uros.citlab.segmentation.CITlab_LA_ML:v=2.4.2
Transkribus</Creator>
        <Created>2019-10-07T11:34:30.041+02:00</Created>
        <LastChange>2019-10-08T14:53:56.628+02:00</LastChange>
        <TranskribusMetadata docId="223975" pageId="9501062" pageNr="234" tsid="16594042" status="IN_PROGRESS" userId="40391" imgUrl="https://files.transkribus.eu/Get?id=NKVKIMYBQHVMBOUBQBQMJYGM&amp;fileType=view" xmlUrl="https://files.transkribus.eu/Get?id=PTJRGDTHUTNBUKOTQKXBAHTW" imageId="6191284"/>
    </Metadata>
    <Page imageFilename="223975_0234.jpeg" imageWidth="3484" imageHeight="4320">
        <ReadingOrder>
            <OrderedGroup id="ro_1711449781366" caption="Regions reading order">
                <RegionRefIndexed index="0" regionRef="r1"/>
            </OrderedGroup>
        </ReadingOrder>
        <TextRegion orientation="0.0" id="r1" custom="readingOrder {index:0;}">
            <Coords points="362,199 362,3541 2592,3541 2592,199"/>
            <TextLine id="r1l1" custom="readingOrder {index:0;}">
                <Coords points="2161,234 2301,252 2356,236 2392,253 2468,235 2529,259 2553,239 2602,237 2603,184 2546,165 2489,191 2454,172 2397,172 2352,199 2198,171 2161,179"/>
                <Baseline points="2170,225 2196,226 2222,227 2249,228 2275,229 2301,230 2328,230 2354,231 2381,231 2407,232 2433,232 2460,232 2486,232 2512,232 2539,231 2565,230 2592,229"/>
                <TextEquiv>
                    <Unicode>box 21/2</Unicode>
                </TextEquiv>
            </TextLine>
            <TextLine id="r1l2" custom="readingOrder {index:1;}">
                <Coords points="351,251 2000,294 2000,192 1868,173 1701,175 1619,234 1410,172 352,206"/>
                <Baseline points="362,235 443,241 524,244 606,248 687,251 768,253 850,254 931,255 1012,255 1094,255 1175,254 1256,253 1338,253 1419,252 1500,251 1582,250 1663,249 1744,249 1826,248 1907,249 1989,249"/>
                <TextEquiv>
                    <Unicode>16.1. Lebendige Stunden— Zyklus</Unicode>
                </TextEquiv>
            </TextLine>
            <TextLine id="r1l3" custom="readingOrder {index:2;}">
                <Coords points="1604,1229 1669,1236 1732,1226 1756,1236 1817,1225 1860,1266 1952,1261 1951,1188 1880,1200 1854,1186 1793,1193 1736,1173 1701,1193 1640,1171 1603,1176"/>
                <Baseline points="1613,1226 1638,1227 1663,1227 1688,1227 1713,1227 1739,1227 1764,1227 1789,1227 1814,1226 1840,1226 1865,1226 1890,1225 1915,1225 1941,1225"/>
                <TextEquiv>
                    <Unicode>— —</Unicode>
                </TextEquiv>
            </TextLine>
            <TextLine id="r1l4" custom="readingOrder {index:3;}">
                <Coords points="1082,1337 2433,1340 2451,1230 2062,1285 1627,1279 1555,1233 1082,1280"/>
                <Baseline points="1091,1319 1158,1319 1226,1318 1293,1318 1361,1317 1428,1316 1496,1315 1563,1314 1631,1314 1698,1313 1766,1312 1834,1312 1901,1311 1969,1311 2036,1311 2104,1311 2171,1311 2239,1312 2306,1313 2374,1313 2442,1315"/>
                <TextEquiv>
                    <Unicode>stände zubilligen. Allerlei Laiensentimentalität hat sich gegen das Urtheil erhitzt</Unicode>
                </TextEquiv>
            </TextLine>
            <TextLine id="r1l5" custom="readingOrder {index:4;}">
                <Coords points="1083,1374 2373,1378 2487,1357 2487,1300 1083,1338"/>
                <Baseline points="1093,1366 1162,1367 1231,1367 1300,1367 1370,1366 1439,1366 1508,1366 1577,1365 1647,1365 1716,1364 1785,1364 1854,1364 1924,1363 1993,1363 2062,1362 2131,1362 2201,1362 2270,1362 2339,1361 2408,1361 2478,1362"/>
                <TextEquiv>
                    <Unicode>und gesagt, es sei ein Skandal, daß Fischer nicht freigesprochen wurde. Dieser Zorn#</Unicode>
                </TextEquiv>
            </TextLine>
            <TextLine id="r1l6" custom="readingOrder {index:5;}">
                <Coords points="1076,1437 2470,1414 2469,1359 1075,1370"/>
                <Baseline points="1086,1416 1154,1416 1223,1417 1292,1417 1360,1417 1429,1417 1498,1417 1566,1416 1635,1416 1704,1415 1773,1415 1841,1414 1910,1414 1979,1413 2047,1413 2116,1412 2185,1412 2253,1412 2322,1411 2391,1411 2460,1412"/>
                <TextEquiv>
                    <Unicode>ist ganz unberechtigt. Der Student hat, nach eigenem Geständniß, den Vorsatz ges#</Unicode>
                </TextEquiv>
            </TextLine>
            <TextLine id="r1l7" custom="readingOrder {index:6;}">
                <Coords points="1088,1476 2455,1486 2491,1400 1087,1427"/>
                <Baseline points="1097,1466 1166,1465 1235,1465 1304,1464 1374,1464 1443,1463 1512,1463 1581,1463 1651,1463 1720,1463 1789,1462 1858,1462 1928,1462 1997,1462 2066,1462 2135,1461 2205,1461 2274,1460 2343,1459 2412,1458 2482,1457"/>
                <TextEquiv>
                    <Unicode>habt, das Mädchen zu töten, und hat diesen Vorsatz ausgeführt. Daß er die That</Unicode>
                </TextEquiv>
            </TextLine>
            <TextLine id="r1l8" custom="readingOrder {index:7;}">
                <Coords points="1079,1513 2467,1527 2467,1487 2346,1459 1079,1474"/>
                <Baseline points="1089,1517 1157,1516 1225,1514 1294,1513 1362,1512 1431,1511 1499,1510 1567,1510 1636,1509 1704,1509 1773,1508 1841,1508 1909,1508 1978,1508 2046,1508 2115,1507 2183,1507 2251,1507 2320,1506 2388,1506 2457,1506"/>
                <TextEquiv>
                    <Unicode>„in einem Zustand krankhafter Störung" begangen hat, ist anzunehmen. Wird sie</Unicode>
                </TextEquiv>
            </TextLine>
            <TextLine id="r1l9" custom="readingOrder {index:8;}">
                <Coords points="1086,1572 2395,1576 2478,1527 1086,1531"/>
                <Baseline points="1097,1562 1165,1562 1234,1562 1302,1562 1371,1562 1439,1562 1508,1562 1576,1561 1645,1561 1713,1561 1782,1560 1851,1560 1919,1559 1988,1559 2056,1558 2125,1558 2193,1558 2262,1557 2330,1557 2399,1557 2468,1557"/>
                <TextEquiv>
                    <Unicode>dadurch weniger antisozial? Die Entrüsteten leben noch in den alten Vorstellungen</Unicode>
                </TextEquiv>
            </TextLine>
            <TextLine id="r1l10" custom="readingOrder {index:9;}">
                <Coords points="1078,1618 2462,1617 2461,1564 1077,1566"/>
                <Baseline points="1087,1612 1155,1612 1223,1612 1291,1612 1360,1612 1428,1611 1496,1611 1564,1610 1633,1610 1701,1609 1769,1609 1837,1608 1906,1607 1974,1607 2042,1606 2110,1606 2179,1605 2247,1605 2315,1605 2383,1604 2452,1604"/>
                <TextEquiv>
                    <Unicode>von Verbrechen und Verbrecher. Fischer hat einen Menschen getötet und mußte des¬</Unicode>
                </TextEquiv>
            </TextLine>
            <TextLine id="r1l11" custom="readingOrder {index:10;}">
                <Coords points="1084,1674 2398,1671 2465,1660 2465,1616 1083,1629"/>
                <Baseline points="1093,1664 1161,1663 1229,1662 1297,1662 1365,1661 1433,1661 1501,1660 1570,1659 1638,1659 1706,1658 1774,1658 1842,1657 1910,1657 1978,1656 2047,1656 2115,1656 2183,1656 2251,1655 2319,1655 2387,1655 2456,1655"/>
                <TextEquiv>
                    <Unicode>halb für eine Weile wenigstens unschädlich gemacht werden. Auch der entschiedenste</Unicode>
                </TextEquiv>
            </TextLine>
            <TextLine id="r1l12" custom="readingOrder {index:11;}">
                <Coords points="1088,1715 2453,1719 2453,1656 1088,1674"/>
                <Baseline points="1098,1712 1165,1712 1232,1711 1299,1711 1367,1710 1434,1709 1501,1709 1569,1708 1636,1708 1703,1707 1771,1707 1838,1706 1905,1706 1972,1706 2040,1706 2107,1706 2174,1706 2242,1706 2309,1707 2376,1707 2444,1708"/>
                <TextEquiv>
                    <Unicode>Determinist konnte nicht anders urtheilen. Und ob der Jammerort, wo der arme</Unicode>
                </TextEquiv>
            </TextLine>
            <TextLine id="r1l13" custom="readingOrder {index:12;}">
                <Coords points="1079,1758 2456,1750 2422,1709 1079,1715"/>
                <Baseline points="1088,1762 1155,1761 1223,1761 1291,1761 1359,1760 1427,1760 1495,1759 1563,1759 1631,1758 1699,1758 1767,1757 1834,1756 1902,1756 1970,1755 2038,1755 2106,1755 2174,1755 2242,1755 2310,1755 2378,1755 2446,1755"/>
                <TextEquiv>
                    <Unicode>Junge fünf Jahre lang eingesperrt wird, Gefängniß oder Irrenhaus heißt, ist im</Unicode>
                </TextEquiv>
            </TextLine>
            <TextLine id="r1l14" custom="readingOrder {index:13;}">
                <Coords points="1083,1812 2339,1819 2463,1775 1083,1783"/>
                <Baseline points="1094,1812 1161,1812 1229,1812 1297,1812 1365,1811 1433,1811 1501,1810 1569,1809 1637,1808 1705,1808 1773,1807 1840,1806 1908,1805 1976,1805 2044,1804 2112,1804 2180,1804 2248,1804 2316,1805 2384,1805 2452,1807"/>
                <TextEquiv>
                    <Unicode>Grunde höchst gleichgiltig. Ueberlebt der Student dieses Lustrum des Grauens bei</Unicode>
                </TextEquiv>
            </TextLine>
            <TextLine id="r1l15" custom="readingOrder {index:14;}">
                <Coords points="1080,1856 2409,1871 2455,1818 1079,1826"/>
                <Baseline points="1090,1859 1157,1859 1225,1859 1293,1859 1361,1859 1429,1859 1496,1859 1564,1858 1632,1858 1700,1858 1768,1857 1835,1856 1903,1856 1971,1855 2039,1855 2107,1854 2174,1853 2242,1852 2310,1851 2378,1851 2446,1850"/>
                <TextEquiv>
                    <Unicode>leidlicher Gesundheit, dann war die im Verhältniß zu dem Delikt milde Freiheit¬</Unicode>
                </TextEquiv>
            </TextLine>
            <TextLine id="r1l16" custom="readingOrder {index:15;}">
                <Coords points="1087,1920 2463,1930 2463,1851 1087,1859"/>
                <Baseline points="1097,1910 1164,1909 1232,1908 1300,1907 1368,1907 1435,1906 1503,1906 1571,1906 1639,1905 1706,1905 1774,1905 1842,1905 1910,1905 1977,1905 2045,1905 2113,1904 2181,1904 2248,1903 2316,1903 2384,1902 2452,1901"/>
                <TextEquiv>
                    <Unicode>strafe für ihn vortheilhafter als die Ueberweisung an eine Heilanstalt. Und wird er</Unicode>
                </TextEquiv>
            </TextLine>
            <TextLine id="r1l17" custom="readingOrder {index:16;}">
                <Coords points="1088,1971 2460,1961 2335,1907 1088,1919"/>
                <Baseline points="1099,1958 1166,1959 1234,1959 1301,1958 1369,1958 1436,1957 1504,1957 1571,1956 1639,1955 1706,1954 1774,1953 1842,1953 1909,1952 1977,1951 2044,1951 2112,1950 2179,1950 2247,1950 2314,1950 2382,1951 2450,1952"/>
                <TextEquiv>
                    <Unicode>das Opfer einer deutlich sichtbaren Psychose, bann muß er nach § 493 St. P. O. „in</Unicode>
                </TextEquiv>
            </TextLine>
            <TextLine id="r1l18" custom="readingOrder {index:17;}">
                <Coords points="1089,2012 2467,2025 2432,1956 1089,1971"/>
                <Baseline points="1099,2008 1166,2007 1234,2007 1302,2006 1370,2006 1438,2005 1506,2004 1573,2004 1641,2003 1709,2002 1777,2002 1845,2001 1913,2000 1981,2000 2048,1999 2116,1999 2184,1998 2252,1998 2320,1998 2388,1998 2456,1998"/>
                <TextEquiv>
                    <Unicode>eine von der Strafanstalt getrennte Krankenanstalt gebracht werden.“ Wieder mal</Unicode>
                </TextEquiv>
            </TextLine>
            <TextLine id="r1l19" custom="readingOrder {index:18;}">
                <Coords points="1086,2068 2464,2038 2425,2004 1086,2012"/>
                <Baseline points="1097,2056 1164,2056 1232,2056 1300,2056 1368,2055 1436,2055 1504,2054 1571,2053 1639,2052 1707,2051 1775,2051 1843,2050 1911,2049 1979,2048 2046,2048 2114,2047 2182,2047 2250,2047 2318,2047 2386,2047 2454,2048"/>
                <TextEquiv>
                    <Unicode>also viel Lärm um nichts. Interessant ist an der Sache nur das alte Bild: genau</Unicode>
                </TextEquiv>
            </TextLine>
            <TextLine id="r1l20" custom="readingOrder {index:19;}">
                <Coords points="1081,2095 2473,2101 2472,2052 1081,2068"/>
                <Baseline points="1092,2106 1160,2106 1229,2105 1297,2105 1366,2104 1434,2104 1503,2103 1571,2102 1640,2101 1708,2101 1777,2100 1845,2099 1914,2098 1982,2097 2051,2097 2119,2096 2188,2096 2256,2096 2325,2096 2393,2096 2462,2097"/>
                <TextEquiv>
                    <Unicode>der selbe Thatbestand und dennoch ganz verschiedene Urtheile zweier Instanzen.</Unicode>
                </TextEquiv>
            </TextLine>
            <TextLine id="r1l21" custom="readingOrder {index:20;}">
                <Coords points="1088,2161 2480,2166 2480,2101 1088,2102"/>
                <Baseline points="1098,2154 1166,2154 1235,2153 1303,2153 1372,2152 1441,2152 1509,2151 1578,2150 1646,2150 1715,2149 1784,2148 1852,2148 1921,2148 1989,2147 2058,2147 2127,2147 2195,2147 2264,2147 2332,2147 2401,2148 2470,2149"/>
                <TextEquiv>
                    <Unicode>Darüber hat Hebbel schon das Nöthige gesagt, als er im Neuen Pitaval die Geschichte</Unicode>
                </TextEquiv>
            </TextLine>
            <TextLine id="r1l22" custom="readingOrder {index:21;}">
                <Coords points="1086,2215 2016,2195 2456,2236 2523,2211 2523,2152 1086,2160"/>
                <Baseline points="1096,2203 1166,2203 1237,2204 1308,2204 1379,2204 1450,2203 1520,2203 1591,2202 1662,2201 1733,2200 1804,2199 1874,2198 1945,2198 2016,2197 2087,2197 2158,2197 2228,2197 2299,2197 2370,2198 2441,2200 2512,2202"/>
                <TextEquiv>
                    <Unicode>vom Magister Tinius gelesen hatte und entsetzt in sein Tagebuch schrieb: „Gott, </Unicode>
                </TextEquiv>
            </TextLine>
            <TextLine id="r1l23" custom="readingOrder {index:22;}">
                <Coords points="1088,2259 1264,2293 1385,2261 2295,2257 2282,2202 1088,2234"/>
                <Baseline points="1098,2255 1157,2254 1216,2253 1275,2252 1335,2252 1394,2251 1453,2251 1513,2250 1572,2250 1631,2250 1691,2249 1750,2249 1809,2248 1868,2248 1928,2247 1987,2246 2046,2245 2106,2243 2165,2242 2224,2240 2284,2238"/>
                <TextEquiv>
                    <Unicode>Gott, auf welchem Fundament ruht die menschliche Gerechtigkeitpflege!“</Unicode>
                </TextEquiv>
            </TextLine>
            <TextLine id="r1l24" custom="readingOrder {index:23;}">
                <Coords points="1696,2342 1731,2352 1739,2344 1753,2346 1773,2359 1783,2359 1796,2348 1816,2350 1825,2343 1853,2350 1855,2291 1845,2290 1829,2275 1819,2281 1805,2273 1786,2270 1780,2276 1760,2267 1737,2281 1733,2276 1698,2281"/>
                <Baseline points="1706,2335 1733,2336 1761,2337 1788,2338 1816,2339 1844,2339"/>
                <TextEquiv>
                    <Unicode>6 5829</Unicode>
                </TextEquiv>
            </TextLine>
            <TextLine id="r1l25" custom="readingOrder {index:24;}">
                <Coords points="1456,2450 1670,2443 1773,2463 1830,2458 1859,2430 1932,2458 1981,2429 2089,2455 2088,2365 1822,2363 1753,2385 1708,2363 1610,2384 1518,2305 1455,2315"/>
                <Baseline points="1467,2425 1497,2426 1528,2427 1558,2427 1589,2427 1620,2428 1650,2428 1681,2428 1711,2428 1742,2428 1773,2427 1803,2427 1834,2427 1864,2426 1895,2426 1926,2426 1956,2425 1987,2425 2017,2425 2048,2424 2079,2424"/>
                <TextEquiv>
                    <Unicode>(Lebendige Stunden.</Unicode>
                </TextEquiv>
            </TextLine>
            <TextLine id="r1l26" custom="readingOrder {index:25;}">
                <Coords points="1082,2494 1182,2540 2460,2496 2460,2453 1977,2431 1815,2480 1082,2437"/>
                <Baseline points="1093,2498 1160,2500 1228,2501 1296,2502 1364,2502 1432,2503 1499,2503 1567,2502 1635,2502 1703,2501 1771,2501 1838,2500 1906,2499 1974,2498 2042,2498 2110,2497 2177,2497 2245,2496 2313,2496 2381,2497 2449,2497"/>
                <TextEquiv>
                    <Unicode>Sola hat vor zweiundzwanzig Jahren einen Artikel geschrieben, dem er den</Unicode>
                </TextEquiv>
            </TextLine>
            <TextLine id="r1l27" custom="readingOrder {index:26;}">
                <Coords points="1092,2583 2356,2581 2453,2521 1091,2512"/>
                <Baseline points="1101,2560 1168,2560 1235,2561 1302,2561 1369,2562 1436,2561 1503,2561 1570,2561 1637,2560 1704,2560 1771,2559 1838,2558 1905,2557 1972,2557 2039,2556 2106,2555 2173,2555 2240,2554 2307,2554 2374,2554 2442,2554"/>
                <TextEquiv>
                    <Unicode>Sta Titel gab: L’encre et le sang. Eine Polemik gegen Cassagnac, der</Unicode>
                </TextEquiv>
            </TextLine>
            <TextLine id="r1l28" custom="readingOrder {index:27;}">
                <Coords points="1081,2631 2384,2611 2476,2646 2440,2555 1081,2584"/>
                <Baseline points="1091,2625 1159,2622 1228,2621 1297,2619 1365,2619 1434,2618 1503,2617 1571,2616 1640,2616 1709,2615 1778,2615 1846,2615 1915,2614 1984,2614 2052,2614 2121,2613 2190,2612 2258,2611 2327,2610 2396,2609 2465,2607"/>
                <TextEquiv>
                    <Unicode>gesagt hatte, ein Politiker sei, als Mann der That, doch ein anderer Kerl alss</Unicode>
                </TextEquiv>
            </TextLine>
            <TextLine id="r1l29" custom="readingOrder {index:28;}">
                <Coords points="1095,2689 2461,2681 2460,2632 2295,2614 1095,2636"/>
                <Baseline points="1105,2681 1172,2680 1239,2679 1306,2678 1374,2677 1441,2676 1508,2676 1576,2675 1643,2674 1710,2673 1778,2673 1845,2672 1912,2671 1979,2670 2047,2670 2114,2669 2181,2668 2249,2667 2316,2666 2383,2664 2451,2663"/>
                <TextEquiv>
                    <Unicode>so ein trauriger Held von Stahlfeder und Tintenfaß. Das war ein Fressen für</Unicode>
                </TextEquiv>
            </TextLine>
            <TextLine id="r1l30" custom="readingOrder {index:29;}">
                <Coords points="1083,2739 2469,2726 2468,2683 2376,2674 1082,2704"/>
                <Baseline points="1093,2737 1161,2735 1229,2734 1297,2733 1366,2731 1434,2731 1502,2730 1571,2729 1639,2728 1707,2727 1776,2727 1844,2726 1912,2725 1980,2724 2049,2724 2117,2723 2185,2722 2254,2722 2322,2721 2390,2720 2459,2719"/>
                <TextEquiv>
                    <Unicode>den Dichter der Rougon=Macquart, der damals noch nicht ahnte, daß er selbst</Unicode>
                </TextEquiv>
            </TextLine>
            <TextLine id="r1l31" custom="readingOrder {index:30;}">
                <Coords points="1091,2801 2315,2801 2471,2754 1091,2767"/>
                <Baseline points="1102,2791 1173,2791 1245,2790 1316,2790 1388,2789 1459,2788 1531,2788 1602,2787 1674,2786 1745,2785 1817,2784 1888,2783 1960,2782 2031,2782 2103,2781 2174,2780 2246,2780 2317,2779 2389,2779 2461,2779"/>
                <TextEquiv>
                    <Unicode>eines Tages im zähesten Koth politischer Gassenkämpfe einherstampfen würde.</Unicode>
                </TextEquiv>
            </TextLine>
            <TextLine id="r1l32" custom="readingOrder {index:31;}">
                <Coords points="1085,2866 2461,2851 2461,2798 2402,2785 1085,2798"/>
                <Baseline points="1095,2847 1162,2846 1230,2845 1298,2845 1366,2844 1434,2844 1501,2844 1569,2843 1637,2843 1705,2843 1773,2843 1840,2842 1908,2842 1976,2841 2044,2841 2112,2840 2179,2839 2247,2838 2315,2837 2383,2836 2451,2835"/>
                <TextEquiv>
                    <Unicode>Mit neidenswerthem Romantikerstolz zog er für die souveraineté des lettres</Unicode>
                </TextEquiv>
            </TextLine>
            <TextLine id="r1l33" custom="readingOrder {index:32;}">
                <Coords points="1084,2907 2364,2911 2464,2894 2464,2849 1084,2864"/>
                <Baseline points="1095,2902 1166,2902 1238,2902 1309,2902 1381,2901 1452,2901 1524,2900 1595,2900 1667,2899 1738,2898 1810,2897 1881,2897 1953,2896 2024,2895 2096,2894 2167,2894 2239,2893 2310,2892 2382,2892 2454,2892"/>
                <TextEquiv>
                    <Unicode>vom Leder. Wo, rief er, sind heute denn die Reiche Alexanders, Karls, Bonapartes,</Unicode>
                </TextEquiv>
            </TextLine>
            <TextLine id="r1l34" custom="readingOrder {index:33;}">
                <Coords points="1095,2971 2408,2969 2472,2916 1094,2931"/>
                <Baseline points="1106,2962 1173,2961 1241,2960 1309,2960 1377,2959 1445,2958 1512,2958 1580,2957 1648,2956 1716,2956 1784,2955 1851,2954 1919,2953 1987,2953 2055,2952 2123,2951 2190,2950 2258,2949 2326,2948 2394,2948 2462,2947"/>
                <TextEquiv>
                    <Unicode>wo all die Fabelschätze, mit denen in unruhvoller Geschäftigkeit die Männer</Unicode>
                </TextEquiv>
            </TextLine>
            <TextLine id="r1l35" custom="readingOrder {index:34;}">
                <Coords points="1094,3035 2374,3031 2475,2962 1093,2969"/>
                <Baseline points="1104,3019 1172,3017 1240,3016 1308,3015 1376,3014 1444,3013 1512,3012 1580,3011 1648,3011 1716,3011 1784,3010 1852,3010 1920,3009 1988,3009 2056,3008 2124,3007 2192,3006 2260,3005 2328,3004 2396,3002 2465,3000"/>
                <TextEquiv>
                    <Unicode>der That den Menschenbesitz gemehrt haben sollen? Rom ist tot, aber Vergil</Unicode>
                </TextEquiv>
            </TextLine>
            <TextLine id="r1l36" custom="readingOrder {index:35;}">
                <Coords points="1087,3070 2367,3080 2467,3069 2466,3004 1086,3033"/>
                <Baseline points="1098,3076 1165,3075 1233,3074 1301,3073 1369,3072 1437,3071 1505,3070 1573,3070 1641,3069 1709,3069 1777,3068 1844,3067 1912,3067 1980,3066 2048,3066 2116,3065 2184,3064 2252,3063 2320,3062 2388,3061 2456,3060"/>
                <TextEquiv>
                    <Unicode>lebt. Napoleon hat uns in ein Blutmeer geschleppt, Lavoisier die Wurzel</Unicode>
                </TextEquiv>
            </TextLine>
            <TextLine id="r1l37" custom="readingOrder {index:36;}">
                <Coords points="1090,3130 2470,3131 2469,3074 2343,3064 1090,3094"/>
                <Baseline points="1100,3133 1171,3130 1243,3128 1314,3127 1386,3125 1457,3124 1529,3124 1600,3123 1672,3123 1743,3123 1815,3122 1886,3122 1958,3122 2029,3122 2101,3121 2172,3121 2244,3120 2315,3118 2387,3117 2459,3115"/>
                <TextEquiv>
                    <Unicode>unseres Erkenntnißvermögens befruchtet. Die klug geführte Feder tötet sicherer</Unicode>
                </TextEquiv>
            </TextLine>
            <TextLine id="r1l38" custom="readingOrder {index:37;}">
                <Coords points="1097,3198 2460,3193 2478,3130 1096,3139"/>
                <Baseline points="1106,3189 1174,3188 1242,3186 1310,3185 1378,3184 1446,3184 1514,3183 1582,3182 1650,3182 1718,3182 1786,3181 1854,3181 1922,3180 1990,3180 2058,3179 2126,3178 2194,3177 2262,3176 2330,3174 2398,3173 2467,3170"/>
                <TextEquiv>
                    <Unicode>als Hieb und Stich; fragt nur Voltaire, Hugo, Paul Louis Courier. Zappelt</Unicode>
                </TextEquiv>
            </TextLine>
            <TextLine id="r1l39" custom="readingOrder {index:38;}">
                <Coords points="1085,3256 2477,3230 2407,3184 1085,3189"/>
                <Baseline points="1096,3248 1164,3246 1233,3244 1301,3243 1370,3241 1438,3240 1507,3239 1575,3238 1644,3237 1712,3236 1781,3236 1850,3235 1918,3234 1987,3234 2055,3233 2124,3233 2192,3232 2261,3232 2329,3232 2398,3231 2467,3231"/>
                <TextEquiv>
                    <Unicode>Euch nur müde, Ihr Hampelmänner der hohen und höchsten Politik, lächelt,</Unicode>
                </TextEquiv>
            </TextLine>
            <TextLine id="r1l40" custom="readingOrder {index:39;}">
                <Coords points="1089,3300 2300,3312 2472,3294 2472,3255 1088,3255"/>
                <Baseline points="1098,3303 1166,3301 1234,3299 1302,3298 1371,3297 1439,3296 1507,3296 1575,3295 1644,3294 1712,3294 1780,3294 1848,3293 1917,3293 1985,3292 2053,3292 2121,3291 2190,3290 2258,3289 2326,3288 2394,3286 2463,3284"/>
                <TextEquiv>
                    <Unicode>als „positiv Handelnde“, als Männer praktischen Wirkens, veräi#tlich über</Unicode>
                </TextEquiv>
            </TextLine>
            <TextLine id="r1l41" custom="readingOrder {index:40;}">
                <Coords points="1092,3366 2397,3359 2476,3354 2476,3316 1092,3324"/>
                <Baseline points="1103,3357 1171,3356 1239,3355 1307,3354 1375,3353 1443,3353 1511,3352 1579,3352 1647,3352 1715,3352 1784,3351 1852,3351 1920,3351 1988,3350 2056,3350 2124,3349 2192,3348 2260,3346 2328,3345 2396,3343 2465,3340"/>
                <TextEquiv>
                    <Unicode>den armen Schächer, der in seiner stillen Stube Nächte lang einsam vor seinem</Unicode>
                </TextEquiv>
            </TextLine>
            <TextLine id="r1l42" custom="readingOrder {index:41;}">
                <Coords points="1096,3414 2484,3408 2443,3348 1095,3367"/>
                <Baseline points="1107,3409 1175,3411 1243,3412 1312,3413 1380,3413 1448,3413 1517,3413 1585,3411 1653,3410 1722,3409 1790,3407 1858,3405 1927,3404 1995,3402 2063,3400 2132,3399 2200,3397 2268,3396 2337,3395 2405,3395 2474,3396"/>
                <TextEquiv>
                    <Unicode>Tintenfaß sitzt: wer weiß, ob sein Hirn nicht in geräuschloser Arbeit ein Werk</Unicode>
                </TextEquiv>
            </TextLine>
            <TextLine id="r1l43" custom="readingOrder {index:42;}">
                <Coords points="1093,3478 2367,3477 2484,3416 1092,3437"/>
                <Baseline points="1103,3472 1171,3470 1240,3469 1308,3468 1377,3467 1445,3466 1514,3465 1582,3464 1651,3464 1719,3463 1788,3462 1857,3462 1925,3461 1994,3460 2062,3459 2131,3458 2199,3457 2268,3456 2336,3454 2405,3452 2474,3451"/>
                <TextEquiv>
                    <Unicode>zeugt, das alles Denken revolutioniren, das Antlitz der Welt Euch völlig ver¬</Unicode>
                </TextEquiv>
            </TextLine>
            <TextLine id="r1l44" custom="readingOrder {index:43;}">
                <Coords points="1082,3542 2486,3521 2420,3463 1081,3499"/>
                <Baseline points="1091,3526 1160,3527 1229,3528 1298,3528 1368,3528 1437,3527 1506,3526 1575,3525 1645,3524 1714,3523 1783,3521 1852,3520 1922,3518 1991,3516 2060,3515 2129,3513 2199,3512 2268,3511 2337,3510 2406,3509 2476,3509"/>
                <TextEquiv>
                    <Unicode>ändern wird? Wir Cerebralmenschen lenken der Völker Sinn, gewähren und</Unicode>
                </TextEquiv>
            </TextLine>
            <TextEquiv>
                <Unicode>box 21/2
16.1. Lebendige Stunden— Zyklus
— —
stände zubilligen. Allerlei Laiensentimentalität hat sich gegen das Urtheil erhitzt
und gesagt, es sei ein Skandal, daß Fischer nicht freigesprochen wurde. Dieser Zorn#
ist ganz unberechtigt. Der Student hat, nach eigenem Geständniß, den Vorsatz ges#
habt, das Mädchen zu töten, und hat diesen Vorsatz ausgeführt. Daß er die That
„in einem Zustand krankhafter Störung" begangen hat, ist anzunehmen. Wird sie
dadurch weniger antisozial? Die Entrüsteten leben noch in den alten Vorstellungen
von Verbrechen und Verbrecher. Fischer hat einen Menschen getötet und mußte des¬
halb für eine Weile wenigstens unschädlich gemacht werden. Auch der entschiedenste
Determinist konnte nicht anders urtheilen. Und ob der Jammerort, wo der arme
Junge fünf Jahre lang eingesperrt wird, Gefängniß oder Irrenhaus heißt, ist im
Grunde höchst gleichgiltig. Ueberlebt der Student dieses Lustrum des Grauens bei
leidlicher Gesundheit, dann war die im Verhältniß zu dem Delikt milde Freiheit¬
strafe für ihn vortheilhafter als die Ueberweisung an eine Heilanstalt. Und wird er
das Opfer einer deutlich sichtbaren Psychose, bann muß er nach § 493 St. P. O. „in
eine von der Strafanstalt getrennte Krankenanstalt gebracht werden.“ Wieder mal
also viel Lärm um nichts. Interessant ist an der Sache nur das alte Bild: genau
der selbe Thatbestand und dennoch ganz verschiedene Urtheile zweier Instanzen.
Darüber hat Hebbel schon das Nöthige gesagt, als er im Neuen Pitaval die Geschichte
vom Magister Tinius gelesen hatte und entsetzt in sein Tagebuch schrieb: „Gott, 
Gott, auf welchem Fundament ruht die menschliche Gerechtigkeitpflege!“
6 5829
(Lebendige Stunden.
Sola hat vor zweiundzwanzig Jahren einen Artikel geschrieben, dem er den
Sta Titel gab: L’encre et le sang. Eine Polemik gegen Cassagnac, der
gesagt hatte, ein Politiker sei, als Mann der That, doch ein anderer Kerl alss
so ein trauriger Held von Stahlfeder und Tintenfaß. Das war ein Fressen für
den Dichter der Rougon=Macquart, der damals noch nicht ahnte, daß er selbst
eines Tages im zähesten Koth politischer Gassenkämpfe einherstampfen würde.
Mit neidenswerthem Romantikerstolz zog er für die souveraineté des lettres
vom Leder. Wo, rief er, sind heute denn die Reiche Alexanders, Karls, Bonapartes,
wo all die Fabelschätze, mit denen in unruhvoller Geschäftigkeit die Männer
der That den Menschenbesitz gemehrt haben sollen? Rom ist tot, aber Vergil
lebt. Napoleon hat uns in ein Blutmeer geschleppt, Lavoisier die Wurzel
unseres Erkenntnißvermögens befruchtet. Die klug geführte Feder tötet sicherer
als Hieb und Stich; fragt nur Voltaire, Hugo, Paul Louis Courier. Zappelt
Euch nur müde, Ihr Hampelmänner der hohen und höchsten Politik, lächelt,
als „positiv Handelnde“, als Männer praktischen Wirkens, veräi#tlich über
den armen Schächer, der in seiner stillen Stube Nächte lang einsam vor seinem
Tintenfaß sitzt: wer weiß, ob sein Hirn nicht in geräuschloser Arbeit ein Werk
zeugt, das alles Denken revolutioniren, das Antlitz der Welt Euch völlig ver¬
ändern wird? Wir Cerebralmenschen lenken der Völker Sinn, gewähren und</Unicode>
            </TextEquiv>
        </TextRegion>
    </Page>
</PcGts>
