3484 4256
633 213 980 288 Ausschnitt
279 217 630 285 Tesernumn-hürer
265 259 647 323 COLDSCHMIDT., Auguststr. 87.
752 275 864 341 aus
267 434 398 601 90
630 459 1097 622 Dis Fa6, 1.02
714 751 1043 841 —6. 1. 02
1412 1040 2368 1118 nicht, voraussetzen darf: daß er Selbstkritik genug
2345 1050 3393 1119 einem Zwischenspiel im hohen Renaissance=Gemachgefü
635 1071 1255 1140 Deutsches Theater.
1421 1097 2366 1159 besitzt, seine Arbeiten klug nach ihrem Werthe zu
2355 1100 3304 1158 mit — schreckt die moderne Heldin nicht ab von
3286 1107 3391 1156 ten
1407 1135 2367 1193 ordnen, mit dem Bescheidensten zu beginnen, zum
555 1122 1419 1199 Zum ersten Male: „Lebendige Stun¬
3296 1143 3405 1197 Sin
2348 1141 3294 1191 der Sünde. Sie muß das Schicksal ihres Blutes er¬
1411 1174 2360 1227 Werthvolleren fortzuschreiten und den sicheren
2355 1180 3294 1229 füllen. Mit dem hastig hervorgestoßenen Verspre¬
430 1147 1415 1264 den“ Vier Einakter von Autkux Schnitz¬
1400 1211 2070 1276 hger an den Schluß zu setzen.
430 1217 578 1277 —
2354 1213 3300 1286 chen, sich am Abend noch dem Geliebten zu schen¬
1492 1237 2356 1301 Das erste kleine Schauspiel ist nur ein Dialog.
2359 1258 2951 1319 ken, verläßt sie die Galerie.
549 1234 1406 1313 Es ist ein paar Jahre her, daß die „Einakter¬
1410 1278 2369 1349 Ein Dialog zwischen dem Sohn einer vor Kurzem
459 1275 1404 1363 Abende“ Mode waren. Sudermann hatte den An¬
2422 1282 3293 1342 Es ist ein interessantes Kunststückchen, das
3290 1280 3400 1367 Fra
1419 1324 2350 1379 gestorbenen Mutter und deren intimstem Freunde;
2347 1326 3296 1385 Schnitzler hier versucht. Geistreich und mit ehr¬
3288 1338 3398 1400 Ir
457 1324 1423 1372 fang gemacht mit seinen „Morituri". Unter den
1415 1352 2357 1415 ein Dialog, der in behutsam=nüchterner Ibsen¬
2352 1369 3294 1424 lichem Streben geht er an die Arbeit. Aber seine
466 1359 1407 1421 drei Stückchen erwies nur „Fritzchen“, jenes kleine
3299 1375 3406 1426 gab
1422 1388 2353 1452 Manier langsam den Schleier von der interessanten
2359 1408 3305 1464 Kraft reicht hier nicht aus. Es bleibt die Arbeit
459 1403 1411 1456 Bild aus einem verblendeten Jünglingsleben, seine
3302 1418 3395 1461 und
1415 1440 2353 1490 Vergangenheit lüftet, und der an Kunst und Wirk¬
2353 1442 3302 1493 eines Kunsthandwerkers. Das Pathos stört die
460 1450 1420 1497 wahrhaft dramatische Kraft. Sudermann aber, aus
1420 1470 2355 1520 samkeit recht weit hinter seinen Vorbildern zurück¬
460 1486 1413 1536 dem die Erfolge einen kaum schlechteren Kaufmann
2356 1482 3298 1536 Leidenschaft. Die Modernen stören die Renaissance¬
1410 1502 2359 1563 bleibt. Auch ist das Problem, scheinbar das na¬
463 1511 1419 1581 als Theatraliker gemacht haben, gab die Einakter
2348 1529 3308 1573 Menschen. Die scenische Verwandlung stört die
1418 1547 2349 1604 türlichste von der Welt, unsympathisch beleuchtet.
465 1549 1407 1615 „nicht einzeln“ ab. So zog sein „abendfüllender“
2353 1559 3309 1615 Stimmung. Der Vorgang läßt talt und dem des
1419 1586 2353 1643 Gewiß, das Sterbende, das Kranke, Ueberlebte
458 1591 1421 1662 Einakter=Abend über die Bühne. Hartleben folgte
2358 1593 3304 1676 Effettes wegen aufgeklebten cynischen Schluß fehlt
1416 1620 2369 1692 muß seine Rechte an die Kraft, an die Jugend, an
2359 1624 2870 1700 die innere Berechtigung.
463 1625 1408 1688 mit seinem Einakter=Cyclus „Die Befreiten“. Wie¬
1408 1659 2371 1733 das Leben abtreten. Aber wenn eine Mutter sich
466 1667 1414 1730 der war es nur ein Stückchen unter dem Gebote¬
2411 1676 3310 1730 Bedeutend als Stimmungsbild und ergreifend
1412 1702 2364 1766 vergiftet, nur um dem feinnervigen Sohn, einem
470 1704 1412 1768 nen, — der tragische „Abschied vom Regiment",
2354 1713 3300 1795 in seinem schlicht menschlichen Ton ist das dritte
1413 1736 2358 1797 begabten Dichter, wieder Ruhe, Stimmung, Kraft
468 1741 1407 1802 dessen scharf gesehenes Milieu schon auf den kom¬
2349 1759 3309 1830 Stückchen: „Die letzten Masken“. Die letzte
1415 1780 2354 1837 zur Arbeit zu geben, und wenn dieser Dichter nach
458 1779 1411 1847 menden „Rosenmontag“ hinwies, — das den star¬
2353 1807 3306 1856 Nacht bricht an. Ein Sierbender will abrechnen
1414 1808 2356 1875 dem ersten Ausbruch des Schmerzes sich rasch in die
467 1832 1412 1879 ken Fortschritt zeigte, das den E folg brachte. Dann
2353 1841 3309 1887 mit seinem Todfeind. Ein vom Leben Geschundener
1409 1848 2358 1912 Weisheit findet: daß diese Todesstunde seiner
465 1854 1417 1925 nach Sudermann und Hartleben kamen die Anderen,
2361 1870 3311 1941 will seinen letzten Haß dem vom Leben verhätschel¬
1415 1888 2353 1951 opferfreudigen Mutter die lebendige Stunde in sei¬
458 1899 1407 1961 die Unbedeutenden, die „Marodeure des Erfolgs“.
2357 1920 3104 1960 ten Jugendfreunde ins Gesicht speien.
3093 1913 3302 1973 An sein
1415 1931 2353 1978 ner Kunst werden muß, daß er schaffen kann und
462 1940 1414 2008 Nur Einer noch von Bedeutung: Arthur
2348 1954 3304 2001 Todtenbett läßt sich der sterbende Journalist den
1409 1969 2365 2022 wird über dem Eindruck dieser befreienden That
465 1981 798 2042 Schnitzler.
2352 2001 3308 2047 berühmien, mit Lorbeer und Tantièmen gesegneten
1417 2004 2356 2065 eines Alles verstehenden Mutterherzens — ja, dann
556 2020 1417 2083 Als Einakter=Dichter hatte der junge Wiener
2356 2032 3308 2094 Dichter rufen. Er will ihm das Gift ins Herz
1419 2028 2354 2095 zuckt etwas n uns zurück. Wir sehen uns einer
464 2056 1417 2128 Arzt zu Anfang der neunziger Jahre seine litera¬
2359 2060 3301 2127 träufeln, will ihm sagen, wie er ihn immer ver¬
1413 2066 2355 2139 Größe gegenüber, die Roheit wird, sobald der durch
464 2098 1421 2165 rische Laufbahn vielversprechend begonnen. Mit
2355 2105 3272 2159 achtet, wie er ihm sein Bestes gestohlen hat —
1412 2116 2361 2176 sie Beschenkte das Geschenk als etwas Selbstver¬
471 2144 1413 2197 jenem Cyclus der kleinen Anatoldramen, die ganz
2360 2147 3305 2195 sein Weib. Als aber der eitle, glatte Schwätzer
1414 2158 2352 2212 ständliches hinnimmt. Wir spüren trotz der Seuf¬
464 2172 1417 2244 aus dem Wiener Milien mit seinen weichlichen Hel¬
2350 2190 3303 2243 in seiner ganzen Nichtigkeit an seinem Sessel sitzt,
1409 2199 2354 2252 zer, Thränen und großen Worte auf der Bühne
459 2212 1419 2274 den und seinen liebedurstigen Frauen gewachsen
2361 2216 3310 2282 als der Sterbende sein leeres, öliges Gerede hört
1423 2235 2351 2288 nichts Menschliches mehr und haben die Nase voll
458 2255 1421 2313 waren, hatte er die Aufmerksamkeit auf sich gelenkt.
2354 2267 3303 2318 und seine geschminkte Herzlichkeit, da kann und
1419 2272 2354 2331 von dem faden Leinwandgeruch der Bühne, das Ohr
467 2285 1420 2348 Halb sentimental, halb satirisch, ein bischen b..
2353 2303 3302 2362 will er's nicht mehr sagen. Ihm, der schon den
1404 2315 2346 2373 voller Phrasen und vor Augen ein kaltes Problem,
468 2327 1407 2385 melig und ein bischen blasirt, traf er mit nachlässiger
2349 2331 3309 2396 Blick in die stillen Ewigkeiten gewendet hat, kommt
1410 2349 2072 2412 das von Puppen abgehandelt wird.
464 2369 1417 2432 Sicherheit den Ton, der interessirte. Er hatte den
2357 2380 3302 2438 mit einem Mal das Bewußtsein all dieser verächt¬
1483 2382 2357 2441 Weit höher steht schon das zweite Stückchen:
472 2397 1418 2477 Kreis und die Figuren gefunden, die ihm bald den
2355 2416 3308 2482 lichen Nichtigkeit. Das Leben ist nicht werth, ge¬
1410 2408 2359 2487 „Die Frau mit dem Dolche". Die Lehre
457 2439 1421 2511 großen Erfolg bringen sollten in der „Liebelei";
2349 2446 3301 2526 haßt zu werden. Und er geht schweigend und
1412 2454 2361 2535 ven der Seelenwanderung ist in vielen Religionen
461 2483 1413 2549 jener warmherzigen Apologie des „kleinen Mäd¬
2351 2481 2709 2551 lächelnd hinüber.
1417 2498 2356 2560 und philosophischen Systemen aufgetaucht. Nach
461 2529 1407 2585 chens", die trotz ihrer Schwächen zu den besten
2420 2527 3303 2595 Dem letzten Stückchen aber gehörte der volle
1409 2534 2355 2599 der Lehre der alten Aegypter suchte sich jede Seele
470 2561 1409 2626 Stücken gehört, die uns die Stimmungskunst der
2355 2558 3308 2630 Erfolg. In diesem Schwank „Literatur", den
1403 2576 2355 2629 nach dreitausendjähriger Wanderung durch die Thier¬
469 2605 1418 2653 Modernen überhaupt geliefert hat. Dem späteren
2350 2601 3310 2675 ich ruhig neben die besten Lustspiele stellen möchte,
1411 2609 2357 2668 körper wieder einen Menschenleib. Die indischen
475 2639 1417 2698 Einakter=Abend Schnitzlers fehlte der gemeinsame
2349 2648 3320 2707 die wir heute haben, hat Schnitzler sich mit einem
1412 2650 2347 2709 1 Brahmanen lehrten die Seelenwanderung als Läu¬
473 2678 1418 2738 Gesichtspunkt. Er fiel auseinander, wie seine Vor¬
2353 2687 3309 2740 wahrhaft prächtigen Humor lustig gemacht über
1411 2677 2356 2749 terung. Aehnlich Pythagoras und nach ihm der
472 2697 1410 2780 gänger auseinandergefallen waren. Nur ein be¬
2355 2724 3304 2789 unsere literarischen Bohémiens, über die Männlein
1411 2731 2353 2779 große Plato. Die Talmudisten glaubten an eine
464 2742 1410 2806 nder Eindruck haftete. „Die Gefährtin“, nicht
2350 2766 3299 2816 und Weiblein mit dem felsenfesten Glauben an
1412 2772 2365 2839 festgelegte Zahl von Jndenseelen, die durch die West
463 2788 1419 2842 ohne Feinheit in der Idee, war eine Ibsen=Remi¬
2342 2791 3316 2862 #sie eigene Bedeutung, mit der famosen Verachtung
1407 2802 2310 2863 j und Körper wandernd dereinst sich wieder im ##
460 2821 1416 2884 niscenz geblieben in der Ausführung. Der „Para¬
2342 2837 3320 2892 Für Formen, Grundsätze, Ueberzeugung und reine
1407 2827 2356 2898 ten Lande zusammenfinden müßten bei der Auf¬
459 2853 1411 2921 celsus“ war auf dem bunten Hintergrund einer
2354 2866 3318 2937 Wäsche, mit den großen Schlagworten und den
1411 2875 2349 2931 erstehung. Und als unter hochstehenden Völkern
467 2897 1412 2949 abenteuerlichen Zeit nicht viel mehr als eine beschei¬
2349 2901 3319 2971 gespreizten Allüren der Kaffeehaus=Schwätzer.
1413 2918 2355 2974 sich Mysterien bildeten, deren Einfluß auf die Kunst
457 2920 1417 2995 dene Anekdote im Versgewand, dem noch dazu
2351 2952 3304 3014 Münchener Bohémiens scheint er zu verulken, und
1409 2964 2355 3010 steis groß war, da tauchte immer wieder, geboren
467 2958 1416 3036 die Edelsteine echter Poesie fehlten. Nur das
2350 2990 3314 3057 die ganze wackere Zunft der unmanirlichen Gerne¬
1404 2981 2353 3049 aus Aberglauben und forschendem Geist zugleich und
459 2999 1422 3062 dritte Stückchen „Der grüne Kakadu“ gab eine
2350 3030 3309 3076 große mit dem großen Mund und dem kleinen
1412 3026 2350 3083 unterstützt bald von der Frechheit geriebener
453 3059 1409 3113 packende Skizze der Revolutionszeit im Rahmen
2358 3066 3310 3124 Talent verhöhnt er in Wahrheit. Eine amüsante,
1410 3062 2352 3130 Schwindler, bald von wunderseltsamen Erinnerun¬
464 3090 1420 3134 eines mit großem dramatischem Geschick aufgebau¬
2348 3099 3314 3163 weltkluge Bohémienne, die eine stürmische Ver¬
1404 3088 2350 3166 gen ehrlicher Grübler, die Lehre auf von der un¬
456 3118 1412 3191 ten Expositionsaktes. Es war wie eine Kraftprobe
2345 3145 3319 3213 gangenheit hinter sich hat, will in den Hafen der ###
1419 3145 2355 3213 steten Wanderung der unsterblichen Seele durch die
467 3161 1416 3227 vor dem großen, entscheidenden Wurf. Vielleicht
1403 3185 2175 3244 zerbrechlichen Wohnhäuser des Fleisches.
2347 3175 3310 3244 Ehe einlaufen. Einen Sportsmann, einen etwas
462 3198 1418 3270 vor der von neuem, echt modernem Geiste durch¬
2340 3207 3307 3275 vertrottelten Baron, hat sie sich zum Partner aus¬
1493 3216 2354 3285 Rein künstlerisch, ein wenig spielerisch und
453 3239 1406 3298 drungenen historischen Tragödie. Sie kam nicht.
2352 3258 3301 3322 erlesen. Sehr zur Unzeit kommt ein Partner aus
1407 3245 2360 3315 schließlich an der Stilmischung scheiternd, hat
463 3281 1419 3348 Statt ihrer eine phantastische Komödie vom, Schleier
1420 3293 2348 3360 Schnitzler sich mit der altehrwürdigen Lehre be¬
2345 3292 3294 3347 früherem, illegitimem Glück hereingeschneit, der
460 3312 1413 3374 der Beatrice“, die nach kühler Aufnahme an an¬
1416 3337 2351 3384 faßt. Pauline, eine moderne Frau mit heißem
2345 3323 3301 3393 ihr seinen neuesten Roman bringt. Es ist „ihr“
459 3353 1411 3411 deren Orten in Berlin keinen muthigen Direktor
1416 3371 2358 3423 Lebenshunger und weitem Gewissen, zandert noch,
2349 3375 3312 3438 Roman. Sie haben ihn Beide erlebt — zusammen.#
461 3394 1414 3450 fand, der ihr sein gastliches Haus öffnete. Und
1412 3416 2354 3461 den Gatten mit Lconhard zu betrügen. Da — in
2346 3398 3303 3486 Sie haben ihn auch Beide — geschrieben. Er ist
456 3426 1402 3493 jetzt am Sonnabend Abend im „Deutschen Theater“.
1414 3447 2352 3513 der Gemäldegalerie, vor dem Bilde der „Frau mit
2339 3454 3298 3514 aus dem Erlebniß für Beide „Literatur“ geworden.
467 3477 1417 3526 der Einakter=Abend, über dessen starken äußeren
1408 3490 2346 3541 dem Dolche", die ihr so seltsam in allen Zügen
2341 3476 3294 3551 Aber eine gefährliche Literatur, denn Beide haben
471 3507 1409 3568 Erfolg in später Nachtstunde hier schon berichtet
1415 3517 2350 3587 gleicht, — erlebt sie im Anschauen ihres Ebenbildes
2399 3530 3299 3588 dieselben Briese mit genialischer Künstler¬
463 3546 658 3607 wurde.
1406 3562 2348 3614 ihr eigenes Schicksal, wie es ihr schon einmal, vor
2351 3563 3315 3621 indiskretion wörtlich hineinverarbeitet. Als ein
546 3590 1414 3651 Es war ein Erfolg. Ein Erfolg, der mit
1415 3594 2353 3661 Jahrhunderten in der italischen Heimath Leiden¬
2346 3605 3302 3647 unwissender Helfer aber hat der gute Baron aus
456 3615 1423 3701 Achtung anfing und mit herzlichster Zustimmung
1403 3650 2330 3686 schaft und sündige Liebe bereitet hat. Sie hat —
2344 3645 3296 3702 Haß gegen die unaristokratische Schreiberei seiner
458 3652 1414 3730 endete. Schnitzler hat in diesen vier Stückchen ge¬
1405 3682 2344 3741 damals am Arno — den Geliebten, Lionardo, selbst
2338 3679 3290 3742 zukünftigen Frau ihren Roman einstampfen lassen.
461 3695 1407 3771 zeigt, was wir schon wußten, daß er Blick, Geschick
1414 3723 2350 3773 mit sicherem Dolchstoß getödtet, und ihr Gatte, ein
2354 3722 3292 3768 Die Gefahr ist vorbei. Die Ehe kann beginnen.
454 3733 1411 3805 und Geschmack der echten Dramatiker besitzt. Aber
1412 3751 2347 3801 berühmter Meister seiner Kunst, hat sie als
2341 3761 3290 3829 Der Münchener Bohémien giebt perfid lächelnd
462 3784 1419 3854 in der Anordnung der Stücke hat er auch bewiesen,
1407 3788 2622 3858 Rächerin gemalt — die Frau mit dem Dolche. Aberseinen Segen.
448 3830 3312 3902 was man bei keinem Autor, auch beim talentvollsten! diese deutliche Erinnerung — wir erleben sie in! — Das Stückchen ist hübsch entworfen, flott aus¬
