3484 4320
2139 154 2539 240 box 21
339 166 1990 258 16.1. Lebendige Stunden Zyklus
2091 1019 2336 1131 Inune
1067 1128 1138 1196 .
2287 1157 2411 1258 Wlen
996 1604 2507 1730 Von den Berliner Theatern 1901/1902.
1693 1721 1793 1803 VII.
963 1804 2604 1880 In den Wochen vor Weihnachten versuchen es die Theaterleiter gern einmal auch mit einem
898 1875 2599 1932 #3 Märchen für die großen Kinder. Aus diesem Grunde mag diesmal das Schillertheater
925 1924 2598 1986 —Georg Reickes Märchenbrama „Die schöne Melusine“ am 12. Dez. in den Spiel¬
892 1976 2605 2038 plan aufgenommen haben, aber das Resultat war trotz stimmungsvoller Inscenierung und einiger
887 2017 2601 2079 guter schauspielerischer Leistungen eine arge Enttäuschung. Der Dichter hat heinend eine
897 2068 2617 2144 philosophische Dertiefung des oft behandelten alten Dolksbuchstoffes im Sinne, abt, eine Art
901 2126 2606 2183 faustischen Problems herausarbeiten wollen, aber seine Ideen erscheinen sehr verworten, die
901 2171 2609 2231 Derse klingen teils zu stark an bekannte „Faust“=Stellen an, teils sind sie ungelenk und manchmal
889 2208 2596 2278 trivial. Melusine soll für den Ritter Raimund die Verkörperung seiner Sehnsucht nach Lebens¬
890 2260 2599 2334 fülle und Sinnengenuß, eine Art Rautendelein oder Undine sein, die in demselben Augenblick in
899 2304 2602 2369 ihr geheimnisvolles Reich entschwindet, wo der Geliebte sie ihren Warnungen zum Trotz in ihrer
891 2363 2611 2425 wahren Gestalt erblickt. Reicke hat es vor allem nicht verstanden, uns das lediglich triebhafte
887 2410 2605 2482 Sinnenglück und allmähliche unbezwingliche Wiederaufsteigen des Erkenntnisdranges mit seinem
893 2456 1419 2526 Ritter miterleben zu lassen.
1008 2498 2608 2555 Eine furchtbar hausbackene altväterische Familienkost servierte am Weihnachtstage das
888 2569 2593 2621 Lessingtheater mit Adolf &'Arronges neuestem Opus „Die Wohlthäter“. Kein Ver¬
906 2598 2609 2668 nünftiger wird von dem Autor von „Dr. Klaus“ und „Hasemanns Töchter“ auf seine alten Tage
889 2651 2605 2722 noch neue Offenbarungen erwarten, aber ein derartiger Kultus des genre ennupeux ist von
886 2695 2598 2763 keinem Standpunkt aus zu rechtfertigen. Das Stück bedeutet einen Rückschritt hinter Ifflands
889 2754 2607 2815 und Kotzehnes Famlliengemälde, von denen die Mehrzahl weit kurzweiliger und bühnentechnisch nicht
894 2812 2604 2871 ungeschickter ist als diese Komödie von den falschen Wohlthätern, dem in unglaublichem Standes¬
890 2853 2599 2907 dünkel befangenen nörgelnden Kanzleirat und dem biderben reichgewordenen ehemaligen Budiker,
891 2907 2598 2969 die ihrem Schwager resp. Schwiegersohn mit ihrer Unterstützung und ihrem undelikaten Dorwurf
894 2942 2612 3017 derselben lästig fallen, bis der ganz rabiat gewordene junge Mann sein Weibchen und sein Amt
887 3001 2609 3050 im Stich läßt, sich ganz auf eigene Füße stellt und seinen wahren Wohlthäter in einem rheinischen
886 3048 2608 3110 Kohlenbaron, in dessen Dienste er tritt, entdeckt. Einige nicht ganz des Humors entbehrende
896 3100 2603 3159 Scenen wurden durch resolute frische Darstellung (Willy Peters, Adolf Klein, Meta Jäger) zu
899 3149 1415 3216 heiterer Wirkung gebracht.
1009 3197 2599 3268 Ganz traurig verlief der dritte und vermutlich letzte sogen. „Litterarische Abend“ des
896 3244 2599 3299 Residenz=Theaters, der zwei Einakter: „Hindernisse“ von Siddv Pal und „Die Ver¬
899 3293 2606 3359 gangenheit“ von R. v. der Gruben, und den Zweiakter „Das tägliche Leben“ von
898 3346 2603 3410 Rainer Maria Rilke brachte. Das erste Stück könnte man gelten lassen, wenn ein strebsamer
890 3397 2599 3456 Drimaner vor einem Parterre von Onkeln und Canten auf der Liebhaberbühne damit als Autor
898 3440 2601 3513 debütiert hätte; Nr. 2 zeugt von fleißiger Sudermann=Lektüre und Uebung im reinsten Garten¬
884 3489 2608 3541 lauben=Deutsch von Anno 1880. Heute sollte man uns einen Dorgang nicht mehr als einen
896 3549 2609 3610 unseres Interesses werten tragischen Konflikt aufreden wollen, daß ein bis über die Ohren in
890 3590 2593 3636 eine natürlich geniale Künstierin verliebter Landjunker aufstöhnt, seinen Hut ergreift und aus¬
883 3645 2597 3718 reißt, als er hört, daß seine Erwählte schon einmal einem andern Manne angehört hat. Der
