3436 4256
1144 89 1412 171 11207
1248 411 1897 538 Von den Berliuer Thealern.
1534 525 2080 604 Berlin, 11. Januar 1902.
1062 563 2093 637 Das neue Jahr hat so neutral und gleichgiltig begonnen,
1030 607 2087 676 wie das alte geendet hat. Eine verzagte Müdigkeit liegt
1027 640 2089 721 über der modernen Litteratur. Das alte Jahr noch hat
805 656 927 725 Für
941 684 2095 752 50 0 uns zu guterletzt die Enttäuschung gebracht, daß wir
918 717 1025 762 100
1033 707 2092 785 auch von dem Dichter, den wir von Anfang an am
911 754 1014 800 200
1036 761 2228 840 meisten gepriesen hatten, von Gerhart Hauptmann, nichtsselusive
917 777 1028 843 500
1039 787 2199 862 mehr zu hoffen hätten. Arthur Schnitzler hat uns in orto.
888 830 1019 886 1000
1033 829 2200 902 diesen Tagen mit vier kleinen Comödien bekannt gemacht, ####bar
1023 859 2218 947 bei deren Lesen oder Anhören man das peinliche Gefühl voraue.
928 877 2085 985 im Oder schweren gequälten Arbeit nicht los wird, als wenn
790 916 2249 1019 Abonnement jeder Satz, jeder Gedanke mühsam ergrübelt und dem ist dus
798 965 2247 1052 Abonnenten widerspenstigen Gehirn abgezwungen wäre. Schnitzler stehtt es den
1024 1014 2084 1078 vor derselben tragischen Perspective wie Hauptmann. Die
917 1054 2080 1127 Der keinen zarten psychologischen Linien der „Liebelei“ und die
792 1088 2081 1160 Inhaltsangab#romatische Geschlossenheit und Wucht des „Grünen
789 1130 2234 1200 blätter (7, akadu“ haben einer erquälten dakadenten Psychologie fnd die
1059 1167 2231 1208 nd den Untugenden der dramatischen Seizze den Platz irgen¬
792 1162 2224 1260 woauren eine eräumt. So stehen wir im neuen Jahr da mit den situng“)
781 1201 2243 1288 Leben des lttragen des alten, voller Niedergeschlagenheit und voll von nitliche
777 1231 2237 1353 rhellungen wehlißmuth. In uns zerspalten, zersplittert und fiebrig er= #e Mit¬
1032 1320 2065 1373 egt, suchen wir den Ruhezustand des Genesenden, suchen
1039 1339 2067 1417 #ir den Einheitszustand der Persönlichkeit, die all ihr
1035 1380 2065 1454 Bissen, ihre Welt und Lebenserfahrung in ein innerlich
1029 1409 2079 1492 abgeschlossenes, widerspruchsloses Seelenleben künstlerisch
1037 1448 2073 1531 usammenbringt, unbeirrt ihren Weg geht, weil ihr das
1060 1489 1099 1530 bis
1121 1493 2077 1570 n zum Gewissen wurde, weil alles organisch in ihr
1038 1529 1075 1572 zu
1112 1532 2060 1607 mmengewachsen ist. Nur dieser Weg führt zur Er¬
1061 1565 1229 1614 euerung.
1060 1596 2063 1674 Arthur Schnitzler gibt seinen vier Einactern, die am
1077 1642 2068 1716 rgangenen Sonnabend das „Deutsche Theater“ meisterlich
1060 1678 2064 1761 ufführte, den Gesammttitel „Lebendige Stunden“.
1030 1708 2056 1785 Lebendige Stunden sind die Stunden unseres Lebens, in
998 1750 2063 1828 denen sich die ganze Fülle des Lebensbewußtseins zu uns
996 1783 2062 1860 drängt, in denen es hell um uns wird, daß wir meinen,
999 1824 2062 1893 ein Stückchen Erkenntniß, Wesensbewußtsein zu fühlen.
993 1874 2065 1927 Stunden, die uns aus dem engen Kreise des Persönlichen
995 1899 2063 1965 des Individuellen herausrücken und uns zu dem Weitblick
995 1933 2077 2003 führen, der über das ganze Dasein dahinschaut und bis
1001 1984 2073 2034 zu den letzten Verborgenheiten, den tiefsten Lebensräthseln
1002 2005 2068 2080 fortschweift. Dieser Gedanke ist groß, er ist imponirend.
988 2048 2067 2127 Wie stellt sich nun Schnitzler zu diesem Gedanken, zu dieser
990 2073 2050 2152 Fülle der Gesichte die lebendig aufsteigen? Der erste Ein¬
996 2122 2056 2183 acter, den er selbst „Lebendige Stunden“ nennt, ist sein
993 2158 2049 2222 Vorwort zu den drei anderen. Schon dieses Vorwort
996 2184 2060 2256 enttäuscht. Es bleibt an der Oberfläche und sucht nicht
986 2225 2049 2280 einmal nach der Tiese. Eine Novelle im Dialog; von der
993 2267 2055 2339 großen Stunde wird nur berichtet, wir erleben sie nicht
986 2309 2052 2375 mit. Eine Mutter stirbt in ihrer lebendigen Stunde für
995 2329 2053 2403 ihren Sohn, weil sie fühlt, daß sie seinem schaffenden
980 2370 2054 2443 Geist durch die Unliebsamkeiten des Alters lästig wird.
984 2412 2049 2476 Diese große Scene enthält uns Schnitzler vor und gibt
977 2453 2052 2514 uns statt ihrer eine dürre Schilderung wie ein Reporter.
978 2467 2041 2556 Das ist Unfähigkeit, nichts weiter. Der zweite Ein¬
977 2513 2048 2593 acter „Die Frau mit dem Dolche“ nimmt einen muthigen
987 2550 1129 2598 Anlauf
1138 2562 2034 2617 und bleibt mitten auf dem Wege stecken.
976 2594 2032 2663 Die Idee des Stückes, eine Ahnung zum inneren Erlebniß
985 2638 2038 2701 zu gestalten, ist glänzend. Aber es bleibt bei Schnitzler
982 2667 2031 2742 nur bei der Idee; die Mittel zur Ausgestaltung, die Idee
974 2707 2029 2778 in die Erscheinung des dramatischen Erlebnisses treten zu
972 2743 2028 2813 assen, fehlen ihm. Die feinen Seelenwege, die dahin
976 2774 2021 2840 ühren, findet er nicht; er kann durch die Oberfläche
982 2812 2025 2884 licht hindurch zu den Tiefen und hilft sich darüber hinweg
980 2848 2031 2921 nit schönen Reden, denen er ein rhytmisches Gewand
965 2903 2020 2957 gibt. Schade darum. — Der beste der Einacter sind
960 2932 2012 2995 „Die letzten Masken“. Eine feine Studie, herb und ernst,
964 2949 2033 3043 gedankenreich und voll reifer Poesie. Hier fängt man an,
955 2998 2033 3058 wieder an Schnitzler glauben zu wollen. Der Journalist
956 3037 2023 3105 Rademacher liegt auf dem Krankenbett, blaß und todes¬
955 3080 2016 3131 matt. Der Jammer seins Lebens hat ihn dort hin¬
964 3103 2028 3180 gebracht. Und war einst so jung, so kampfesfroh, hat
946 3140 2008 3207 nur kein Glück gebracht. Das hatte ihm ein Anderer
948 3180 2010 3248 weggeschnappt, ein jämmerlicher Strohkopf: Weihgast
959 3220 2006 3286 heißt er und ist ein berühmter Dichter, der sich aus dem
961 3246 2020 3323 Glück seine Kränze flicht. Der arme Schwindsuchtscandidat
955 3285 2019 3362 sieht, daß es nicht mehr lange dauern wird mit ihm. Da
954 3317 2014 3406 steigt der grimme Haß des Lebens noch einmal wüthend
958 3364 2012 3438 in ihm auf, und er will seinen Feinden gründlich Bescheid
959 3403 2002 3475 geben, ehe kein Tag mehr für ihn dazu kommt; vor allem
947 3442 2002 3509 Weihgast, seinem glücklicheren Jugendgenossen. Der
959 3469 2004 3547 Mann kommt, doch als er nun so behäbig dasitzt
949 3510 2010 3574 in seiner Oede und Hohlheit, da fällt dem armen
953 3545 2001 3607 Lehensmüden kein Wort des Vorwurfs und der Recht¬
950 3580 2000 3653 fertigung ein. Er geht mit einem großen Lächeln
948 3618 1992 3688 aus der Welt: „Was hat unsereiner mit den Leuten
945 3656 1989 3735 zu schaffen, die morgen noch auf der Welt sein werden?“
1023 3706 1988 3764 „Literatur“ nennt sich der letzte Einacter und
945 3719 2003 3783 ist ein Lustspiel. Das Stückchen ist sehr gescheidt gemacht
945 3762 1992 3844 und hat zum Schluß ein Salzkörnchen Humor und Satire.
947 3792 2000 3877 Aber es ist nur ein Gelegenheitsspiel, zwar nicht im
935 3832 1989 3913 Goethe'schen Sinne, und ohne bleibneden inneren Reiz.
938 3868 1990 3946 Eine Skizze, die nicht das erfüllt, was man hinter ihrer
925 3920 1985 4004 Maske zu finden hofft; doch sie ist ganz amüsant und, wie
925 3948 1481 4014 gesagt, sehr gescheidt gemacht.
1227 3981 1597 4041 -laat. Aun.u.
1632 3983 1672 4029 12
