3484 4320
1091 190 1158 251 6
290 206 2464 304 16.1. Lebendigestunden Zyklus box 21/5
2261 638 2698 733 Tereption 126012
1919 729 2981 816 Alex. Weigis Unternehmen für Zeitungs-Ausschl.
408 745 1600 808 Stucke mit seinem Staubust und seinem Uenderstandnis ine
401 798 1612 861 jede geistige Regung bis in die kleinste Nuance herausgearbeitet
398 838 1601 905 hatte. Man erinnere sich, wie er vorsichtig den Band
2107 790 2890 942 „OBSERVER“
402 876 1610 963 Gedichte mit zwei Fingern anpackt, weil ihm die Gedanken
1921 898 3054 1001 L. österr. behördl. konz. Burean für Zeitungsberichte u. Personalnachrichten
401 928 1593 994 drinnen schmutzig vorkommen! Herr Nowotny hatte in den
396 979 1594 1035 „Letzten Masken“ den armen Teufel von Schauspieler übernommen,
2118 975 2892 1072 Wien, I., Concordiaplatz 4.
397 1005 1594 1091 der sterbenskrank sich in ewigen Hoffnungen auf Genesung
2356 1046 2659 1120 Vertretungen
406 1060 1592 1122 wiegt und im Krankenhause immer nur das Leben studiert,
1954 1066 3056 1169 in Berlin, Budapest, Chicago, Genf, London, New-York,
389 1098 1589 1170 um das, was er gesehen, auf der Bühne zu verwerten. Die
1936 1130 3060 1225 Paris, Rom, Mailand, Stockholm, Christiania, St. Petersburg.
399 1153 1593 1215 von dem Dichter prächtig gezeichnete Figur wurde von dem
397 1197 1589 1259 jungen Künstler vorzüglich dargestellt. Herr Erich Schmidt
2219 1183 2789 1272 (Quellenangabe ohne Gewähr.)
398 1238 1585 1298 endlich spielte in dem gleichen Stücke den Günstling des Glücks,
390 1284 1590 1335 den beliebten Dichter Weihgast, dessen innere Hohlheit er ebenso
1942 1251 3101 1386 Ausschnitt aus: Linzer Volksblatt
395 1327 1595 1384 gelungen zur Darstellung brachte wie die Verlegenheit, die der
396 1363 1588 1432 Mann an dem Sterbebette des ehemaligen Freundes empfindet.
1939 1377 2426 1472 vome 2## 700
400 1402 1595 1477 Herr Schmidt holte sich einen Separatapplaus und empfing
400 1457 1585 1516 einen Lorbeerkranz. Die Regie führte Herr Heine und sorgte
1964 1378 3015 1565 Vom landschaftl. Theater in Linz.
397 1494 1597 1570 für gute Stimmung. Leider hatte man sich entschlossen, in dem
2849 1529 3070 1595 21. Mai
390 1528 1582 1607 ersten Stücke, „Die Frau mit dem Dolche“ den Uebergang zur
1969 1582 3083 1640 Schnitlers unter dem Obertitel: „Lebendige Stunden“.
383 1581 1586 1637 Vision und das Erwachen aus derselben durch Fallen des Vor¬
1866 1613 3101 1676 zyklisch aneinandergereihie Einakter variieren wohl den Satz, daß der
385 1632 1582 1692 hanges zu durchschneiden, wodurch aber auch das ganze Stück
1869 1658 3099 1725 Lebende das Recht hat, den Tod anderer seinen Zwecken dienstbar zu
382 1673 1649 1740 schier bis zur Unverständlichkeit in drei Teile zerrissen wurde.
1868 1695 3090 1770 machen und sich durch denselben die Freude am eigenen Dasein nicht
384 1717 1578 1775 Da muß eine Verwandlung auf offener Szene vor sich geben.
1875 1746 3083 1800 vergällen zu lassen. Klingt diese Lebensregel nichts weniger als pietät¬
380 1768 1578 1821 Ich weiß nicht, ob die Mangelhaftigkeit der technischen Mittel
1874 1770 3093 1837 voll, so ist sie doch in der egoistischen Natur des Menschen begründet.
392 1803 1587 1868 unseres Theaters dies verschuldete, aber ich bin überzeugt, daß
1871 1821 3092 1880 Aus unserer gestrigen Inhaltsangase, der kurzen Skizzierug der Hand¬
394 1836 1589 1911 die meisten Zuschauer, die das Stück nicht kannten, infolgedessen!
1870 1850 3089 1910 lung der Dramen: „Lebendige Stunden“ (Untertitel des 1. Einakters,
379 1889 1582 1940 ratlos davor gestanden sein werden. Der Beifall des recht gut
1866 1892 3098 1949 „Die Fraiu mit dem Dolche" und „Die ietzten Masken“, dann des
391 1937 1586 2003 besetzten Hauses war nach allen Stücken ein geradezu stürmischer
1865 1933 3100 1986 Lustspi les „Literatur“ konnte der Leser beiläufig ersehen, wie der Aufor
1864 1974 3091 2032 sein Problem verschiedenartig behandelt: im 1. Stucke novellistisch, im
381 1987 1535 2052 und gleichmäßig teilten sich sämtliche Darsteller in denselben.
1861 2015 3090 2070 2. mystisch, im 3. philosophisch, im 4 satirisch. Das erste blieb aus
1868 2044 3097 2112 bereits angedeuteten Gründen gestein weg. Das zweite machte lebhaften
498 2062 1580 2144 (Burgtheater=Ensemble.) Die diesjährigen Vorstellungen
1868 2097 3089 2149 Eindruck, obwohl das zweimalie Fallen des Vor anges, welches das
376 2121 1579 2184 des Ensembles der Wiener Hofburgschauspieler werden am
1877 2132 3104 2208 Traumbild von den es umrahmenden Wirklichkeitsszenen scheidet, störend
386 2155 1570 2234 Pfingstsonntag mit einer Aufführung „Der kleine Lord“
1877 2178 2122 2241 wirken muß.
1955 2196 3104 2269 Frl. Clara Rabitow, die wir schon im „Johannisfeuer“ und als
376 2219 1566 2276 an unserem Landestheater ihren Abschluß finden. Das größte
1871 2245 3092 2312 „Maria Sturt“ kennen gelernt hat en, hat für das Visionäre der „Frau
382 2250 1579 2317 Interesse an diesem Abende wird sich jedenfalls auf Marianne
1872 2289 3101 2352 mit dem Dolche“ die richtigen Ausdrucksmittel: die higere Gestalt, das
379 2300 1576 2352 Rub, das 9jährige, also unbedingt jüngste Mitglied des Hof¬
1866 2319 3098 2384 dunkelg=färhte Sprechorgan und die unheimlich blickenden Augen. Weniger
377 2346 1564 2399 burgtheaters, konzentrieren welches die Titelrolle darstellen wird
1869 2365 3093 2420 paßt ihre tü stlerische Individualität zur Verkörperung der emanzipierten
387 2382 1560 2456 und welches wohl auf unsere kleine Welt, die Kinder, große
1880 2416 3088 2462 Modeschriftstellerin in „Literaiur“, Als Führer des diesmaligen Burg¬
378 2439 1573 2501 Anziehungskraft ausüben dürfte. Marianne Rub kommt nicht
1871 2444 3089 2501 theater Ensemb'es und Regisseur stellte sich Herr Al eri Heine vor,
372 2472 1569 2535 allein, es begleiten sie ihre erwachsenen Kollegen vom Burg¬
1861 2468 3152 2554 der in drei verschiedenen Rollen eine große Kunst der Charakierisierung
2883 2515 2992 2562 15
378 2517 1575 2571 theater — Otto Rub, ihr Vater, Christian Rub, ihr Bruder
1885 2553 3114 2594 der darzustellenden Figuren durch Sprache, Maske und Spiel offenbarte.
385 2563 1575 2630 — wir sahen diesen beaabten jungen Menschendarsteller im Mai
1897 2591 3107 2629 Den Maler des Cinquecento stattete er mit einem sonoren Baß und
366 2605 1571 2664 des Vorjahres als Amandus in „Jugend“ Karl Baum¬
1899 2621 3109 2669 deklamarorischen Pathos, den sterbenden Journalisten in „Letzte Masken“
374 2649 1574 2718 gartner, Aurel Nowotny, sowie Frida Lanius und
1899 2668 3118 2726 mit maßvollem Realismus, den selbstgefälligen LitecaturbengI mit dra¬
381 2698 1570 2762 Anna Groß, letztere eine Schauspielerin, welche, ohne am
1909 2708 3117 2765 stischem Zynismus aus. Da der Schauspieler nichts tat, seine natürliche
383 2739 1562 2792 Burgtheater zu sein, sich würdig dem Ensemble anreihen wird.
1903 2747 3117 2805 Häßlichkeit etwas zu mildern, schien es wohl unwahrscheinlich, daß die
1899 2785 3118 2830 schöne Frau Kollegin in Apoll früher liebend an seinem Halse gehangen.!
362 2777 1573 2836 Der Vorverkauf für diese unwiderruflich letzte Vorstellung
1907 2828 3113 2879 Heine ist, wie es Lewinsky einstens war, ein Exempel, wie weit es
415 2834 1569 2905 — es wird wohl auch der Abschluß der Saison sein — ist ab
1899 2862 3110 2909 ein Mime vermöge seiner Intelligenz bringen kann, wenn ihm auch
375 2859 1208 2944 Samslag früh an der Theaterkasse eröffnet.
1895 2887 3113 2969 äußere Mittel versagt sind. Er ist heute in Wien ein tonangebender
1903 2937 2679 2996 Mann in Sachen der dramatischen Literatur.
1994 2959 3116 3018 Im Gegensatz zu ihm repräsentiert Hr. Wanka die blühende
465 2982 1483 3078 Zum Burgtheatergastspiel am Pfingstsonntag.
1905 3018 3105 3072 Jugendschönheit. War er als eifersüchtiger Leonbard=Lionardo ein von
1904 3057 3107 3104 Kraft strotzender und in leidenschaftlichem Temperamente überschäumender
473 3055 1561 3131 Otto Rub, geb. 1856 in Mannheim, debütierte 1875 am
1902 3097 3107 3146 Liebhaber, so wußte er den „Aristokratin“ im letzten Bilde zu einer überaus
364 3079 1565 3170 Hoftheater in Darmstadt, war dann in Lübeck, Chemnitz, Graz
1902 3134 3112 3178 köstlichen Gestalt zu machen, über die man lachen muß, so oft man an
363 3143 1555 3204 (1880—1882) und Brünn als jugendlicher Held tätig (Carlos und
1905 3167 3105 3228 sie nur denkt. Leider waren seine Zornesworte: „Ich finde gar nicht die
364 3175 1554 3245 Max Piccolomini waren seine Lieblinasrollen) und ging während
1891 3215 3107 3272 Worte....“ von ominösr Bedeutung, denn der Souffteur hatte auch
368 3213 1552 3281 seines Engagements in Danzig (1885—1888) ins Charakterfach über.
1896 3251 3112 3310 gestern mehr zu tun, als man bei solchen Gastspielen füglch verlangen
367 3261 1548 3316 Dann finden wir ihm am Hoftheater in Weimar (1891—1894), Riga,
1898 3301 3104 3352 kann. Die beiden einheimischen Hilfskräfte Hr. v. Pacher (Arzt) und
362 3304 1549 3354 Lübeck 2c., bis er 1899 als Oberregisseur an das Jantsch=Theater in
1895 3331 3113 3383 Fr. B. Müller (Krankenwärterin) wollten sich gar nicht recht in¬
361 3332 1563 3403 Wien verpflichtet wurde, wo damals das llassische Repertoire Pflege
1904 3371 3114 3439 fügen in das Ensemble, welches noch Herr Nowotny als Provinz¬
355 3372 1544 3434 fand (dort spielte er den Jago, Nathan 2c.). 1900 kam er ans Burg¬
1901 3411 3112 3468 komödiant im Spitale gelungen vervollständigte. Die naturwahrste
362 3410 1549 3475 theater, das sich beeilte, seine talentierten Kinder zu gewinnen. Seine
1889 3443 3105 3497 Leistung aber schuf diesmal Herr Erich Schmidt in der kleinen Rolle
363 3448 1550 3506 Gattin, die als Frl. Paula Groß im Fache der Sentimentalen an
1896 3494 3107 3534 des literarischen Emporkömmlings (in „Letzte Masken“), der vergebens
357 3490 1549 3551 größeren Bühnen wirkte, ist eine Nichte Bernhard Baumeisters.
1893 3529 3104 3580 auf die Enthüllung des Geheimnisses wartei, womit ihn sein sterbender
365 3520 1538 3594 Von Rub erschien ein Werk: „Die dramatische Kunst im Danzig“ im
349 3561 1547 3627 Buchhandel. Karl Baumgartner, geb 1850 in Wien als Sohn
1899 3568 3101 3629 Freund von ehedem niederschmettern will. Die Verlegenheit des gutmütigen
360 3599 1544 3660 eines Kanzleichefs des k. k. Finanz=Ministeriums, widmete sich ursprüng¬
1891 3615 2691 3661 Hohlkopfes war ganz dem Leben abgelauscht.
357 3637 1546 3707 lich technischen Studien. Nach Absolvierung der Kierschnerschen
1990 3649 3105 3704 Noch dem jungen Burgtheater kommt morgen das jüngste Burg¬
351 3685 1544 3750 Theater=Akademie debütierte er jedoch bald als „Vansen“ am Berliner
1892 3685 3114 3734 theater, die kleine Marianne Rub, über die wir schon viel Schönes ge¬
354 3717 1544 3788 Nationaltheater, kam dann nach Aachen, Dresden und ans Burg¬
1887 3717 3122 3789 lesen haben. Das Publikum, das gestern mit Rücksicht auf die gleichzeitig
358 3757 1545 3826 theater, 1881 ans Ringtheater, dann als Regisseur und Charakter¬
1899 3766 3115 3826 stattgesundene „Fechtakademie“ as zahlreich beze chnet wrden kann. er¬
360 3794 1539 3867 spieler nach Baden, Klagenfurt, Innsbruck, Reichenberg, Salzburg
1889 3806 3102 3857 wies sich als sehr dankbar gegenüber dem Gebotenen. Man sah wieder
352 3849 1538 3903 und Linz. In Salzburg war er als humorist. Väterspieler 7 Jahre
1898 3845 2867 3897 einmal, was wir in Linz alles noch nicht gesehen haben.
2982 3848 3090 3894 3
356 3873 1546 3936 der Liebling des Publikums. 1901 kam er ein zweites Mal ans Burg¬
1860 3898 3093 3960 Sasnnel#ei tur hes Ran des Marts Emptananis
350 3901 1542 3980 theater, wo er, wie Herr Rub, in ernsten und heiteren Charakterchargen
347 3936 1542 4031 und Episoden wirkt. Der Name der gleichfalls mitwirkenden Frau
345 3993 1187 4061 Frida Lanius hat in Linz den besten Klang.
