3392 4320
2058 175 2520 275 box 21/3
259 180 1902 281 16.1. Lebendige Stunden zuklus
1546 1621 2555 1674 hängen die vier Stücke nur an sehr losen Fäden
484 1622 1510 1678 wie sie ihren albernen Bräutigam dupiert, ist so
1538 1668 2555 1729 dadurch zusammen, dass sie literarisch=künstlerische
498 1666 1521 1724 amüsank und heiter, dass der ganze Cyklus die Zu¬
1542 1717 2560 1772 Probleme in verschiedener Beleuchtung zeigen. Der
496 1707 1518 1761 hörer aus dem schweren Druck der frühern Stücke
1549 1751 2566 1802 uralte Gegensatz zwischen „lebendigen“ und „erträum¬
499 1761 1519 1809 in heiterer Laune entläfst, ähnlich wie Sudermann
1536 1805 2553 1858 ten oder erdichteten“ Stunden, die Kluft zwischen Wirk¬
490 1794 1512 1867 in „Morituri“ zuletzt die düstere Todesstimmung durch
1549 1828 2562 1897 lichkeit und Dichtung, zwischen Leben und Kunst ist
493 1837 1521 1893 das Satirspiel „Das ewig Männliche“ in dem Ge¬
1542 1876 2566 1939 gewiss der dramatischen Behandlung, ja selbst der
494 1887 1298 1952 müthe der Zuschauer zu entlasten weiß.
1537 1926 2550 1976 tiefsten Tragik fähig. Schon vor mehr als einem
538 1936 1514 1993 Bei der Aufführung fielen die ersten beiden Stücke
1536 1968 2552 2019 Jahrhundert hat Goethe diesem Conflicte im „Tasso“.
502 1973 1521 2034 in der Wirkung ab: um ihrer selbst willen und theil¬
1540 2015 2561 2070 einen classischen und unvergänglichen Ausdruck ge¬
484 2017 1518 2079 weise auch wegen der Darstellung. Herr Haid ist
1536 2050 2563 2121 geben. Und auch Ibsen läfst in seinem letzten Werke
489 2064 1517 2120 als Anton Hansdorjer nicht auf seinem Platze, und
1549 2100 2554 2154 „Wenn wir Todten erwachen“ Irene dem Künstler
504 2109 1517 2157 wenn im zweiten Stücke Frl. Sussin auch das
1538 2140 2561 2205 Rubek hart und gehässig das Wort „Dichter!“ zu¬
504 2141 1523 2206 Ueberweib der Renaiffanee gut verkörperte, so ist die
1537 2194 2562 2255 schleudern, weil die Tragik ihres Lebens damit be¬
503 2190 1522 2246 düster glühende, stammelnde Liebesleidenschaft des
1542 2231 2561 2290 gonnen hat, dass Rubek, dem sie in freiwilliger Hin¬
497 2236 1524 2296 Leonardo nicht das rechte Feld für Herrn Mehnerts
500 2292 1515 2336 künstlerische Bethätigung. Sein Naiurell verlangt mehr
1538 2284 2557 2340 gebung als Modell gestanden, ihre liebe= und leben¬
496 2331 1524 2383 nach Sonnenschein, Heiterkeit, überquellendem Lebens¬
1538 2335 2557 2382 athmenden Glieder nicht mit dem warmen Blick des
1537 2369 2570 2442 Lebens, sondern nur mit dem kühlen forschenden Auge
501 2370 1530 2424 drang! Besser gefielen die beiden letzten Einaeter. In
1532 2410 2557 2469 des Künstlers angeschaut. „Ich gab dir meine junge
496 2411 1518 2462 den „Letzten Masken“ bot Herr Haid als Journa¬
1549 2461 2561 2513 lebendige Séele, — und stand da mit leerer Brust —
497 2451 1512 2514 list Rademacher eine sehr anerkennenswerte Leistung
1550 2504 2555 2559 seelenlos. Daran bin ich gestorben“. Für ein tiefes
498 2506 1530 2560 und wurde von Herrn Felix als Schauspieler Jack¬
1547 2549 2558 2604 Erfassen künstlerischer oder seelischer Probleme reicht
500 2545 1518 2598 werth wirkungsvoll unterstützt. Im Lustspiel „Lite¬
1536 2591 2562 2660 die leichte Spielart der Schnitzler'schen Dichtung nicht
499 2589 1526 2641 ratur“ war das Zufammenfpiel der Herren Mehnert
1536 2632 2567 2693 aus. Schnitzler ist gewiss ein liebenswürdiges Talent,
497 2633 1516 2685 und Marr mit Frl. Sufsin kaum zu übertreffen.
1538 2685 2551 2737 am meisten, wenn er die ihm so wohl vertraute,
491 2675 1528 2745 Herr Marr wusste den Schriftsteller Gilbert über¬
1543 2716 2558 2769 aus Sentimentalität und Frivolität so feltsam ge¬
497 2720 1516 2783 raschend gut zu charakterisieren. Dieser hochbegabte
1546 2769 2559 2817 mischte Wiener Luft in ihrer berauschenden Eigenart
491 2765 1523 2818 und verwandlungsfähige junge Künstler hat gewiss
1539 2805 2554 2853 wiedergibt. Aber er ist kein dramatischer Dichter, wie
500 2801 1517 2862 eine bedeutende Laufbahn vor sich, und es is zu be¬
1538 2848 2555 2905 etwa Ibsen, der die Gebilde seiner Phantasie gar
500 2853 1518 2916 dauern, dass sein Wirken auf der Grazer Bühne nur
1541 2891 2556 2955 nicht anders als in leibhaften, lebendigen Bühnen¬
489 2894 1421 2966 eine so kurze Etappe auf diesem Wege bedeutet.
1543 2925 2561 2992 gestalten zu sehen vermag. Darum sind auch die mei¬
539 2934 1509 2993 Wenn ich schließlich noch ein Wort sber die tra¬
1551 2986 2556 3041 sten seiner Stücke, die besprochenen vier Einaeter mit
499 2966 1516 3041 gende Idee sagen soll, wodurch die vier Einacter in
494 3025 1515 3087 eine höhere Einheit zusammengefafst werden, so meine
1537 3028 2560 3078 einbegriffen, keine eigentlichen Dramen, sondern nur
1544 3069 2479 3140 dialogische Novellen und Stimmungsbilder.
497 3070 1527 3124 ich, dass sich eine solche mit Geist und etwas Geduld
2241 3109 2530 3186 Dr. Gnad.
486 3104 1532 3190 allerdings herausklügeln läfst. Doch genau besehen,
2583 1564 3341 1654 Am Samstag wurde das Programm n
2581 1636 3343 1708 reizende, heimische Soubrette Helene S
2582 1688 3346 1748 reichert, die über ebense hübsche Stimm
2580 1740 3338 1801 ziösen Vortrag verfügt. — Die stets ung
2585 1789 3339 1845 ziehungskraft unseres Varietés ist ein
2574 1827 3329 1883 eifrigen Directors Saitmacher, ders
2577 1878 3346 1945 Sympathien erfreut. Leider wird derse
2576 1924 3346 1993 mendem Jahre unsere Stadt verlassen, w
2579 1972 3351 2037 in letzter Stunde die mit den Besitzern schn
2577 2028 3340 2090 handlungen sein Verbleiben ermöglichen
2589 2075 3348 2128 im Interesse des Fortbestehens des Varik
2589 2125 3345 2187 schen wäre. Herr Saitmacher hat ei
2577 2170 3355 2239 Engagement als Director des neu erba#
2579 2218 3346 2292 theaters in Chemnitz erhalten und bereits
2633 2270 3348 2334 In den Monaten Mai und Juni bl
2574 2311 3350 2381 pheum als Singspielhalle geschlossen, doch
2575 2366 3340 2420 lich Concerte veranstaltet. Während die
2575 2416 3343 2478 Schenks Zaubertheater in Graz Vorstell
2581 2460 3346 2534 Auch will der Cirens Carre nach Graz
2588 2511 3325 2583 durch zwei Monate, Juli und August,
2585 2561 3330 2626 geben. Sollte derselbe thatfächlich hier
2587 2595 3342 2690 würde das Orpheum auch im Juli und
2587 2654 2902 2727 sperrt bleiben.
2606 2693 3347 2782 (Excess.) Der Taglöhner Ibhann
2581 2770 3350 2823 vorgestern um 10 Uhr nachts zu seiner i
2571 2814 3349 2882 burggasse Nr. 9 wohnhaften, seit vier Jah
2581 2864 3346 2920 getrennt lebenden Gattin Anna Zwickl
2586 2913 3348 2978 Einlass. Da ihm dieser nicht gewährt w
2584 2968 3349 3025 er zu excedieren und die Hausbewohner zu
2586 3005 3355 3076 worauf er von einem unbekannten Man
2589 3058 3348 3124 Prügel mehrere derartige Hiebe auf die
2578 3101 3346 3186 ter und in die linke Seite erhielt, dass e
