3436 4384
372 69 2009 202 16.1. Lebendige Stunden—Zuklus
2175 94 2622 199 box 21/3
1522 356 1952 451 Telephon 12801.
1142 447 2359 544 Zlex. Weigl’s Unternehmen für Zeitungs-Ausschnitte
2051 503 2387 596 Ausschnitt
2197 562 2445 651 Nr. 23
1365 530 2060 672 „OBSERYER“
1026 635 2486 729 I. österr. behördl. conc. Bureau für Zeitungsberichte u. Personalnachrichten
1259 702 2287 819 Wien, IX/1, Türkenstrasse 17.
1434 774 2093 858 — Filiale in Budapest: „Figyelö“ —
1047 833 2480 934 Vertretungen in Berlin, Chicago, Genf, London, Newyork, Paris, Rom, Stockholm.
1051 993 1594 1092 Ausschnitt aus:
1659 990 2343 1209 Wieng-Abengeng
1038 1117 1660 1235 4 77—777 2
1436 1386 2476 1526 ** Im Carl=Theater begann gestern die Gesell¬
1393 1429 2452 1564 schaft des Deutschen Theaters in Berlin ein Gastspiel. Man
1397 1498 2467 1635 führte vier einactige Stücke Arthur Schnitzlers zum
1392 1553 2001 1636 ersten Male auf. Es waren dies:
1434 1613 2455 1727 1. „Lebendige Stunden“, Schauspiel in einem Auf¬
1382 1617 2452 1774 auge. — Es ist eine Art Vorspiel des Cplius, weiches die
1388 1705 2451 1821 lebendigen Stunden preist, die Stunden, in denen man das
1391 1747 2443 1870 Recht auf das Leben voll geltend macht oder in welchen das
1383 1803 2438 1928 Leben sein Recht beansprucht. Eine ältere Frau stirbt, ihr
1383 1854 2466 1968 Freund betrauert sie und kann es dem Sohne der Ver¬
1059 1912 1359 1993 Für 50 Zeitu
1378 1907 2432 2030 blichenen nicht verzeihen, daß dieser, ein Dichter, in der
1176 1964 1274 2009 100
1370 1955 2497 2092 Trauerzeit wenigstens nicht, auf das „Schaffen“ verzichten s.
1184 1997 1268 2049 200
1175 2039 1246 2089 50
1372 2018 2536 2142 mag. Der junge Mann hat das letzte Wort und sagt dem ##s
1160 2082 1290 2135 1000
1101 2056 1167 2151 2
1371 2052 2533 2213 Alten wahr: auch dieser werde, wenn der neue Lenz ins den
1203 2101 1353 2177 Im Geg
1363 2097 2314 2217 Land kommt, durch seine Bumen nen belebt werden.
1087 2157 1357 2220 Abonnement d
1386 2156 2423 2277 2. „Die Frau mit dem Dolche“, Schauspiel in
1093 2206 1355 2280 Abonnenten fr
1358 2204 2417 2324 einem Aufzuge. — Dieses Stück führt eine Art von Seelen¬
2409 2244 2524 2309 die
1194 2260 1338 2345 Der „
2417 2296 2490 2350 8 n
1359 2264 2522 2388 wanderung vor. Der als Bild gemalte Titel läßt eine hyper= ig")
1076 2321 1348 2387 Inhaltsangab
1360 2312 2538 2436 nervöse Frau, die nicht recht weiß, was sie will, oder viel= iche
1084 2376 1325 2438 blätter
1359 2368 2543 2496 mehr, was sie soll, träumen oder sich in den Wahn hinein= Mit¬
1096 2411 1348 2483 wodurch ein
1353 2419 2416 2532 reizen, die Renaissance=Dame, der sie ähnlich sieht, sei ihre
1091 2445 1332 2505 Lehen des
1079 2491 1344 2559 theilungen w
1342 2453 2415 2576 frühere Incarnation gewesen. Die Dame mit dem Dolche
1349 2526 2415 2633 habe sich, weil sie ihrem Gatten untreu wurde, denselben
1344 2576 2406 2683 in die Brust gestoßen. Sie träumt dies in einer unbesuchten
1342 2625 2406 2738 Galerie angesichts des Bildes und gibt — lebendige Stunden!
1378 2676 2402 2788 einem jungen Manze, dem sie bisher widerstanden, das
1327 2703 2399 2828 Versprechen, ihn zu besuchen. Ob sie sterben will oder hofft,
1334 2769 2399 2886 fort leben zu können, vermag ein prosaisches Gemüth nicht
1329 2809 2401 2934 auszudenken, der Autor aber schreibt vor: „In ihren Zügen
1319 2879 2393 2990 drückt sich allmählich die Ueberzeugung aus, daß ein Schicksal
1328 2920 2105 3016 über ihr ist, dem sie nicht entrinnen kann.“
1354 2984 2402 3108 3. „Die letzten Masken“, Schauspiel in einem
1324 3015 2371 3127 Aufzuge. — Ein alter Journalist, Kritiker, arm und ver¬
1310 3075 2388 3189 lassen, liegt im Spitale und hat nur, ehe es ans Sterben#
1314 3128 2410 3266 geht, den einen Wunsch, einen ehemaligen Freund zu
1312 3181 2380 3282 sprechen. Er will dem hohlen Gecken sagen: daß er, der
1309 3211 2358 3350 Journalist, vor zwanzig Jahren der Geliebte seiner Fran
1301 3283 2357 3386 genesen ist. Der Freund kommt, der Journalist aber schweigt.
1306 3319 2379 3440 Ob er den unerlaubt thörichten „Dichter“ für gestraft genug
1310 3367 2355 3495 hält oder einsieht, welche Schurkerei er in der letzten Lebens¬
1300 3429 2360 3538 stunde begehen würde, wenn er einer Frau, die ihn erhörte,
1302 3468 2004 3569 die Ehre nähme, das wird nicht gesagt.
1337 3521 2342 3629 4. „Literatur“, Schwank in einem Aufzuge. — Das
1296 3567 2353 3692 Stück geißelt gewisse Literaten, einige, vielleicht viele, und
1299 3619 2338 3747 verschafft eine gute, eine lebendige halbe Stunde. Die Ge¬
1294 3682 2341 3780 liebte eines Sportsman, dessen kleiner Finger mehr einen
1287 3725 2346 3856 Gentleman verräth als die ganze Schriftstellerin, eine Frau
1291 3779 2338 3898 von etwas Geist mit gleicher Dosis von Herz, hat eine be¬
1282 3819 2339 3930 wegte Vergangenheit hinter sich ... vielleicht auch eine
1281 3876 2339 3997 derlei Zukunft vor sich. Daraus ist heute kein Roman zu
1280 3925 2332 4030 machen, aber ein sehr witziges Lustspiel, in dem viele Worte
1275 3985 2330 4091 fröhlich knistern. Dieses Stück ist von guter Schnitzlerischer
1270 4042 2337 4134 „Literatur“ von Anno Anatol, als der Zephyr des Poeten
1268 4070 1899 4146 noch durch seinen Rosengarten der
2989 4031 3132 4144 #eren
