3484 4256
2117 203 2568 296 box 21/2
300 219 1965 308 16.1. Lebendige Stunden—Zyklus
2192 532 2651 626 Telephon 12801.
1812 628 3049 694 Alex. Weigl’'s Unternehmen für Zeitungs-Ausschnitte
2814 687 3041 758 Ausschnitt
2692 712 2787 798 (6
2042 702 2707 841 „OBSERYER
2865 745 3116 827 Nr. 99
1698 825 3163 911 I. österr. behördl. conc. Bureau für Zeitungsberichte u. Personalnachrichten
1933 885 2955 965 Wien, IX/1, Türkenstrasse 17.
2105 957 2749 1040 Filiale in Budapest: „Figyelö“
1720 999 3165 1092 Vertretungen in Berlin, Chicago, Genf, London, Newyork, Paris, Rom, Stockholm.
926 1035 1328 1092 Telefon 12801.
443 1118 1659 1211 Alex. Weigl’s Unternehmen für Zeitungs-Ausse.
1714 1168 2251 1250 Ausschnitt aus:
1467 1181 1654 1251 Ausschnitt
2331 1138 3091 1288 Hlarsererächor Oaary. Iiasnaver
796 1206 1651 1338 „OBSERVER“ Nr.
384 1310 1921 1414 I. österr. behördl. conc. Bureau für Zeitungsberichte u. Personalnachr Vom:
1948 1287 2981 1484 I/ RRSATE
570 1403 1686 1479 Wien, IX Türkenstrasse 17.
782 1495 1477 1571 Filiale in Budapest: „Figyelö“ —
388 1567 1733 1619 Vertretungen in Berlin, Chicago, Genf, London, Newyork, Paris, Rom, Stoc
380 1671 1641 1754 Ausschnitt aus: #z
2114 1748 2758 1839 Theater und Musik.
1926 1813 3004 1901 [J. S. (Berliner Theaterbrief.) Aus Berlin,
393 1834 1020 1969 N 7/7102.
1869 1859 3007 1918 5. Januar, wird uns geschrieben: Mit vier neuen Einaktern von
1873 1912 3013 1963 Arthur Schnitzler hatte das Deutsche Theater gestern einen
1862 1954 3009 1997 starken Erfolg. Die Stücke, die nur eine geringe innere und
1871 1989 3017 2050 äußere Verwandtschaft mit einander zeigen, sind, wie es jetzt
1863 2024 3007 2072 üblich ist, unter einem gemeinsamen Titel zusammengefaßt.
1845 2070 3017 2120 Der Autor nennt sie „Lebendige Stunden“ Er versteht darunter
1719 2068 1833 2153 Für
1844 2085 3145 2156 „'die Stunden, denen der Künstler durch sein Werk ewige Dauer jisive
1844 2136 3101 2203 Uperleiht die Erlebnisse die den Anlaß und die Grundlage für s'to.
1875 2168 3131 2216 seine Schöpfungen bilden. Ein junger Dichter erfährt, daß sibar
1826 2217 3149 2278 Aseine Mutter freiwillig aus dem Leben ges gieden ist, weil sie Praus.
1811 2246 3013 2313 10(fürchtete, daß ihr langwieriges Leiden den Sohn in seinem
987 2266 1422 2340 Koe —.
1844 2262 3180 2340 Schaffen hemmen könnte. Zum Entsetzen eines philiströsen ist das
3013 2317 3186 2379 1es den
1731 2331 3011 2378 AbonneHausfreundes erklärt der junge Mann, daß er die hochherzige
502 2330 1526 2430 Aus Kunst, Wissenschaft und Leben.
1728 2370 3010 2424 Abonneund rührende Opferthat seinee Mutter als Stoff für eine
512 2399 1567 2480 2 Aus Berlin wird uns vom 5. d. geschrieben:
1860 2406 3006 2456 Dichtung verwerthen wolle, und daß er sich durch diese Arbeit
1841 2426 3177 2496 xzugleich von der Last seines Schmerzes zu befreien hoffe. Das ind die
454 2419 1566 2517 Der Sonnläg brachte dem Deutschen Theater
1736 2478 3176 2546 Inhaltsist der Inhalt des ersten Einakters „Lebendige Stunden“. Der lgen¬
450 2473 1568 2539 einen starken Erfolg. Schnitzlers Einakter=Zyklus
1725 2517 3180 2578 blättzweite, „Die Frau mit dem Dolche“ behandelt die Geschichte situng")
457 2531 1561 2603 „Lebendige Stunden“ wurde mit steigendem Bei¬
1732 2554 3183 2616 wodureseines heißblütigen Weibes, das sich aus der frostigen Umgebung liftliche
458 2571 1553 2652 fall aufgenommen, der nach den ersten beiden Stücken —
3018 2597 3196 2654 ie Mit¬
1729 2612 3017 2655 Leben seines Gatten, eines kühlen Poeten, in die Arme eines feurigen
452 2623 1566 2691 „Lebendige Stunden“ und „Die Frau mit
1748 2647 3022 2710 theilun=Jünglings flüchtet, und zwar nicht aus Liebe, sondern um das
451 2664 1576 2750 dem Dolche“ — noch etwas zögernd und lau klang.
1596 2666 1743 2738 inclus
1874 2677 3011 2726 brutale Bedürfniß der unbefriedigten Sinne zu stillen. Die
1877 2718 3017 2760 Sünderin pflegt ihre Fehltritte dem Gatten zu beichten, und
1625 2721 1758 2771 Porti
450 2708 1572 2790 nach dem dritten „Die letzten Masken“ sehr stark.
1866 2750 3010 2814 dieser benutzt sie dann als Stoff zu abendfüllenden Dramen.
1613 2749 1745 2810 Zahlb
448 2753 1562 2827 wurde und nach dem Schlußstück „Litteratur“ ge¬
1872 2791 3016 2838 Ins Spittel führt uns das dritte Stück „Die letzten Masken“.
438 2783 1815 2876 radezu stürmischen Charakter annahm. Schnitzler stellt im Voraus.
1880 2835 3009 2876 Ein schwindsüchtiger Komödiant macht an Kranken und
447 2832 1847 2934 in allen vier Stücken die Lebensauffassung des Alltagsschnitte ist das
1877 2863 3015 2920 Sterbenden seine Studien. Er meint, daß die Menschen im
447 2882 1686 2971 für die das Genießen des Augenblicks Leben bedeutetich steht
1862 2907 3014 2951 Anblicke des Todes die letzten Masken fallen lassen und ihr
1683 2916 1841 2975 es den
445 2917 1674 3015 und die des Künstlers, für den Leben nur Schaffen ist, ändern.
1862 2938 3006 3000 wahres Antlitz zeigen. Auch einem armen journalistischen
430 2971 1532 3037 einander gegenüber. In den ersten beiden Stücken etwas
1866 2985 3016 3033 Zeilenschinder gelüstet es am Ende eines verpfuschten Lebens
1864 3018 3018 3076 seinem glückbegünstigsten Rivalen, dem gefeierten Dichterling,
432 3012 1838 3097 stark tendenziös und konstruiert, im dritten rein menschg enthaltend die
1872 3069 3015 3115 tödtliche Wahrheiten ins Gesicht zu sagen. In einer tragi¬
429 3058 1833 3137 lich und ergreifend; im vierten, einer sehr lustigen under Morgen¬
1858 3101 3008 3140 komischen „Generalprobe“, die er auf Betreiben des Komödian¬
438 3103 1837 3159 witzigen Satire auf die Bohême, mit freier Laune sein, Wiener Zeitung“)
1863 3139 3009 3194 ten abhält, entlastet er aber sein Herz bereits so gründlich, daß er
429 3156 1830 3231 eigene These persiflierend. Die Darstellung durch Früschaftliche Leben
1871 3172 3017 3227 in dem Augenblicke, wo der Verhaßte in Person vor ihn tritt, kein
439 3193 1841 3259 Triesch und die Herren Bassermann, Rittner'ese Mittheilungen
1856 3205 3013 3272 böses Wort mehr hervorbringt, sondern nur Mitleid mit dem
432 3238 966 3320 Fischer war glänzend. —
1872 3252 3009 3311 eiteln Narren empfindet. Die Einakterserie schließt mit einer
1146 3280 1339 3339 #t. 91
1880 3297 3009 3339 ausgelassenen Farce „Literatur“. Eine Literaturzigeunerin die
689 3325 1535 3397 Prospecte gratis und franco.
1866 3320 3014 3376 des Kaffeehaustreibens satt ist, hat sich einen reichen, bornirten
1871 3366 2974 3415 Aristokraten zum zukünftigen Gatten erkoren. Sie weiß ihn
1868 3409 3004 3448 einzureden, daß die heiklen Schwänke, die sich in ihren Dichtun¬
1864 3430 2996 3488 gen vorfinden, lediglich Phantasiegebilde seien. Die Leicht¬
1877 3478 2986 3528 gläubigkeit des guten Grafen wird durch den Besuch eines
1871 3519 2965 3564 Jugendfreundes seiner Braut auf eine harte Probe gestellt, abe
1871 3562 2992 3601 die göttliche Frechheit der Vohèmienne führt geschickt über alle
1879 3595 2217 3646 Fährnisse hinweg.
2208 3593 2996 3652 — Den meisten Beifall fanden mit Recht
1871 3634 3009 3687 die beiden letzten Einakter, während die ersten mit ihren etwas
1865 3659 3017 3710 gesuchten Motiven, ihrer zerfahrenen Handlung und ihrer merke
1866 3709 3039 3777 würdig gequälten Technit keinen tieferen Eindruck machten
1898 3776 3038 3839 Die Darstellung, an der sich Bassermann, Rittner, Reinhardt,
1893 3822 3035 3875 Fischer, Sommerstorff und das temperamentvolle, aber humor¬
1901 3867 3025 3915 lose und noch nach tausend berühmten Mustern arbeitende Fräu¬
1893 3884 3072 3966 lein Irene Triesch betheiligten, stand nur im dritten Stück ganz
1934 3941 2702 3996 uf der alten Höhe des Deutschen Theaters.
