3484 4224
690 179 1495 276 Berliner Neueste Nachrichten
788 285 888 356 —5
915 293 1042 394 50
518 267 703 440 NN
849 634 1225 733 Theater.
765 707 1255 790 (Siehe auch 1. Beilage.)
490 762 1639 842 * Deutsches Theater. „Lebendige Stunden“,
1532 811 1647 862 Ein
415 818 1466 892 vier Einakter von Arthur Schnißler.
415 849 1653 922 echter Schnitzler=Abend. Lebensphilosophie, Causerie, Groteske,
419 897 1643 969 Poesie und witzige, wenn nicht blendende Aperaus: jedes in
417 945 1641 1009 seiner Art geschickt behandelt und alles wiederum in seiner
430 962 1648 1040 Summe von einem gestaltungskräftigen Formtalent zu starken
426 1011 1647 1082 Wirlungen und Pointen herausgearbeitet. Daß diese Wirkungen
416 1042 1657 1121 Zzum Theil Augenblickswirkungen sind, die das Meer der Empfin¬
420 1086 1655 1157 dungen nicht zur Sturmfluth aufwühlen, sondern lediglich ein!
416 1125 1650 1211 wenig die Oberfläche kräuseln, wird Vielen erst bemerlbar ge¬
415 1160 1645 1233 worden sein, als sie das Theater verließen und eine Rekapitu¬
409 1208 1637 1291 lation vornehmen wollten. Elegant gearbeitete Sachen, sein
424 1246 1646 1314 ziselirt oder apart in der Form, mit Liebhaberwerth.. Das ist¬
416 1274 1657 1368 nicht wenig, wenn es auch nicht die Tiefe der Kunst bedeutet.
431 1324 1655 1404 Die vier verschiedenen Einakter — der Gesammttitel ist will¬
424 1362 1653 1435 türlich mit den einzelnen Stücken in Zusammenhang zu bringen
421 1401 1653 1470 oder nicht — sind nicht gleichwerthig. Der erste, „Lebendige
430 1439 1648 1499 Stunden“, ein „Schauspiel“ genannt, ist eine knappe psycho¬
418 1463 1670 1546 logische Skizze in Dialogform; ich glaube, zur Novelle gestaltet
431 1515 1664 1588 hätte sie eine tiefere Wirtung, ein nachdenklicheres Interesse des
437 1550 1656 1624 Publikums nach sich gezogen. Die letzten seelischen Feinheiten,
427 1605 1657 1678 die heimlichen Regungen des Egoismus zweier Individuen, die
432 1637 1665 1716 beide aus dem Leben oder Sterben einer geliebten Frau ihre
443 1680 1675 1747 „Lebendigen Stunden“ erzielen, mußten im Licht der Rampen
436 1720 1670 1782 vergröbert wirken, umsomehr als keine Bühnenvorgänge, keine
441 1747 1670 1828 Handlung paralysirend eingriff. Dennoch, dank dem Dichter
447 1798 1680 1864 in Schnitzler, lösten sich einzelne Stimmungsmomente aus dem
435 1834 1688 1910 Dialoge aus und theilten sich dem Hörer mit. — Das zweite
984 1876 1659 1930 Frau mit dem Dolche“
814 1892 911 1940 ,D
447 1890 806 1946 kleine Schauspiel
452 1909 1662 1982 erscheint als die blutlosere der vier Gaben. Ein Capriccio,
451 1972 1677 2019 nichts mehr. Und, trotz der originell anmuthenden Form, in der
446 1993 1675 2065 Grundidee nicht einmal sonderlich neu. Eine Dame trifft sich mit
444 2036 1669 2118 ihrem Liebhaber in einer Galerie vor dem Gemälde einer „Frau
450 2079 1675 2149 fmit dem Dolch“, die eine zufällige Aehnlichkeit mit ihr besitzt. Sie
451 2109 1655 2164 gedenkt ihren Liebhaber zu verabschieden; ihre hysterische Natur
473 2144 1675 2220 hat sie dazu getrieben, in Gedanken zu sündigen und sich ihrem
455 2190 1679 2253 Manne zu offenbaren, der, ein „Dichter“, ein „neues Stück“
455 2235 1679 2302 daraus macht. Nun, in der Galerie, vor dem Bilde der
450 2273 1670 2362 unbekannten Doppelgängerin, die vor einigen Jahrhunderten ge¬
449 2310 1682 2373 liebt haben mochte, treibt ihre Hysterie sie zu rücklirkenden Halln¬
450 2339 1687 2421 zinationen. Die Szenerie auf der Bühne wechselt. Man blickt in
454 2376 1677 2455 ein Maleratelier des Cinquerento. Die Gattin des Malers hat
464 2420 1675 2497 mit dem Schüler gebuhlt; sie gesteht es ihrem Mann, der den
452 2459 1691 2528 Knaben mit Verachtung straft; der Schüler schwört dem Meister
464 2500 1692 2568 den Tod — da stößt die Frau den Buhlen mit dem Dolche
456 2536 1684 2610 nieder, und der Meister —— greift hastig zu Pinsel und Pa¬
459 2579 1696 2642 lette, den Moment auf der Leinwand zu fixiren. Bis auf den
455 2617 1702 2675 Dolchstoß deckt sich Vergangenheit und Gegenwart. Schnitzler
454 2658 1690 2736 frappirt durch eine Pointe. Die „moderne" Frau, aus ihrer Hallu¬
456 2682 1707 2762 zination erwacht, bewilligt dem Geliebten ein neues Stelldichein.
465 2737 1709 2804 Leider gelang Schnitzler diese Arbeit nicht farbig genug. In
454 2778 1690 2846 den Figuren, die er für dieses Spiel schuf, fließt zu wenig
456 2811 1698 2891 Menschenblut. Sie reden und tändeln, aber sie leben nicht.
539 2853 1695 2916 Einen grotesken Akt schuf der Dichter mit dem Schauspiel
462 2897 1694 2961 „Die letzten Masken“. Man könnte ihn die Tragikomödie einer
474 2928 1702 3000 Sterbestunde nennen. Mit realistischen Strichen schildert
463 2975 1698 3036 Schnitzler hier, und die Szene würde zur Frivolität werden,
459 3019 1699 3085 wenn sie nicht durch den unbewußten Humor eines drmseligen
476 3057 1704 3118 Schluckers und Lebenskomödianten gemildert würde. Dieser
470 3105 1703 3154 Komödiant, ein Schauspieler von Beruf, glaubt dem Tode (der
475 3133 1704 3191 Akt spielt im Spital) dadurch entronnen zu sein, daß er sich
474 3166 1704 3230 durch „inwendiges“ Schimpfen auf seine früheren Widersacher
461 3212 1712 3288 Luft schaffte. Er empfiehlt das Mittel einem Spitalkollegen,
473 3250 1704 3311 einem sterbenden Journalisten. Doch als dieser den Mann zu
474 3297 1712 3354 sich entbieten läßt, den er um seines Ruhmes winen am meisten!
472 3323 1709 3386 haßt, als er, der Zurückgebliebene, sieht, daß auch auf den
481 3373 1709 3433 Höhen des Ruhmes die Sorgen daheim sind oie in den Niede¬
488 3406 1711 3471 rungen, da resignirt er und stirbt, ohne den Lebenden zu be¬
480 3445 1718 3534 schimpfen. Die feinen Gegenüberstellungen in dem Stückchen
481 3507 1728 3571 zeugen von Künstlerhand. — Den Beschluß machte ein Schwank
490 3519 1719 3591 „Literatur“, eine Schnurre aus der literarischen Kaffee¬
484 3561 1728 3626 haus=Bohème, eine Satire auf die Auswüchse des Literaten¬
481 3604 1725 3671 thums, voll von witzigen Bemerkungen, geistreich und boshaft
487 3644 1726 3714 zugleich. Das Publikum, das dem letzten launigen Einfall den
480 3682 1724 3755 lautesten Beifall spendete, war den ganzen Abend in Gebelaune.
482 3718 1729 3789 Es applaudirte stürmisch und rief den Dichter viele Male vor die
477 3760 1714 3822 Rampe. Unter den Darstellern ragten Rittner, Rein¬
473 3793 1723 3865 hard, Fischer und Bassermann sowie Frl. Triesch
485 3843 1725 3907 am glänzendsten hervor. Richard Hahn hingegen war an
1508 3874 1681 3936 R. II.
490 3890 1115 3967 diesem Abend nicht am Platze.
1515 3911 1749 3986 ——
2164 109 3134 173 „ODSENVEN Nr. +
1746 160 3195 234 I. österr. behördl. conc. Burenn für Zeitungsberichte u. Personalnachrichten
1940 230 3026 328 Wien, LXX, Türkenstrasse 17.
2135 316 2828 397 — Filiale in Budapest: „Figyelö“ —
1754 376 3191 462 Vertretungen in Berlin, Chicago, Genf, London, Newyork, Paris, Rom, Stockholm.
1751 508 2270 592 Ausschnitt aus:
2622 631 2764 731 Zeig
1760 649 2266 752 vom
2758 651 3198 778 7 Brndschan, Hoeri
2205 1135 2817 1236 Theater und Musik.
2273 1205 2751 1285 Deutsches Cheater.
2014 1259 3018 1352 Arthur Schnitzler: „Lebendige Stunden“.
2025 1336 3077 1387 Unter dem Titel des ersten Stückleins hat Schnitzler
1968 1362 3050 1434 vier Einakter zu einer äußerlichen Einheit zusammengefaßt,
1961 1430 3061 1489 die am gestrigen Abend in ihren drei ersten Teilen mit
1919 1456 3181 1551 re wacher, nur während des zweiten Stückes etwas er¬ Uinglre
1806 1486 1917 1550 Für
1897 1518 3042 1578 100 mattender Aufmerksamkeit angehört wurde, mit dem
1896 1558 3179 1615 200 vierten, sehr witzigen kleinen Schwanke die aus= Ihlbar
1888 1617 3189 1673 500 gelassenste Heiterkeit erregte. „Lebendige Stunden“ Woraus
1826 1647 3043 1706 „ 1000 ist eine hübsche kleine Glosse von Leben und Lebenlassen,
3054 1687 3236 1744 ist das
1905 1694 3047 1752 Im von der Macht und dem Rechte des Daseins gegenüber
3066 1728 3238 1802 es den
1780 1736 2453 1802 Abonnem allem, was da stirbt.
2481 1738 3041 1805 „Die Frau mit dem
1786 1788 3047 1851 Abonnent Dolche“ sucht mit leichtem, ja fast leichtsinnigem
1976 1826 3014 1887 Finger an die Idee der Seelenwanderung, an
1897 1834 3231 1931 De die Welt der Ahnungen zu rühren. „Die letzten liend die
3037 1897 3230 1953 orgen¬
1783 1891 3032 1972 Inhaltsa Masken“ läßt einen heißen Haß vor der alltäglichen
3026 1938 3228 1995 Zeitung“)
1791 1956 1985 2012 blätte
1979 1961 3241 2031 Macht, vor dem alles gleich anschauenden Angesicht des he Leben
1789 1995 1967 2047 wodurch
1975 2008 3236 2062 Lebens zu nichte werden. Schließlich „Litteratur“ heilungen
1790 2033 1964 2089 des In¬
1974 2047 3044 2109 stellt mit üppigem Spott die freie, ein wenig faule Welt
1797 2072 1975 2132 werden ir
1982 2091 3061 2140 der Kunst einem an strengeren, aber nur äußerlichen Formen
1975 2147 3047 2198 festhaltenden Klassengeiste gegenüber. Es waren sicherlich
1977 2176 3048 2250 keine „unlebendigen Stunden“ die uns der Abend ver¬
1971 2222 3057 2289 schaffte. Alle vier Stücklein legen Zeugnis ab
1972 2259 3060 2334 von dem feinen, auf Pointen gestellten Geiste
1968 2313 3059 2387 Schnitzlers, wenn auch hier und da die Ausführung;
1977 2358 3050 2413 in der Abgerissenheit des Einakters stecken bleibt. Herr
1978 2395 3049 2459 Rittner, Bassermann, Reinhardt und Frl.
1970 2447 3051 2493 Triesch waren die darstellerischen Helden des Abends.
1968 2499 3053 2558 Herr Bassermann gab mit einer Fülle von kleinen,
1971 2538 3057 2599 überaus launigen, schillernden, springenden Zügen zuerst
1971 2576 3055 2636 einen Modedichter mit prächtigem Vollbart und
1976 2622 3049 2700 langen, wallenden Bewegungen, dann prächtig borniert
1962 2671 3049 2736 und doch wieder pfiffig auf seine Art einen Baron, dem
1978 2724 3055 2774 „janze Richtungen nich passen“. Herr Reinhardt ist
1977 2747 3079 2825 auf dem Gebiete würdiger alter Herren heute fast schon
1977 2807 3056 2855 eine Spezialität. Mit ungemeiner Eindringlichkeit zeichnete
1978 2846 3051 2915 er zu Anfang einen pensionierten Beamten in stillem
1978 2886 3053 2959 Schmerze, dann einen in seinem ehrlichen Streben
1986 2936 3045 2982 heruntergekommenen Journalisten in dem die Gluten
1970 2985 2930 3049 die ihn einst zur Feder greifen ließen, nach
1972 3018 2970 3074 erloschen sind. Das Unübertrefflichste in der realistit
1989 3068 2924 3125 Charakterzeichnung ist immer noch Herr Rittne##
1979 3110 2882 3166 ist sein Ausdruck von der letzten Energie in Wort undwe
1976 3159 2502 3216 Spiel die vollendete Einheit
2612 3157 2851 3216 chauspielerische
2743 3199 2830 3267 tehen
1980 3200 2533 3263 lichkeit und des angespamst
1987 3247 2575 3303 Situation. Wie er hier über
1974 3290 2670 3352 Mutter in einem rührenden, wilden
2749 3295 2788 3347 h
1976 3329 2866 3399 schien, dann im letzten Stück in fast Hartlebense
1983 3387 2907 3448 wohl nicht beabsichtigter Maske einen Be
1978 3419 2966 3498 zeichnete, das war äußerste Intuition. Fräu
1981 3455 3107 3550 [Triesch hatte in zwei leichter wiegenden Rollen wesentlich 1.
1999 3521 3060 3588 nur Leichtigkeit und Behendigkeit des Naturells zu zeigen,
1995 3550 3071 3633 was ihr in keinem Punkte versagt blieb. Ein Spieler wie
1998 3601 3060 3673 Dere Hahn sollte im Deutschen Theater nicht an sicht¬
1990 3624 3070 3723 Pameee stehen, namentlich wenn in demselben
2008 3687 3073 3744 Stücke Herr Sommerstorff sich fast mit einer Statisten¬
2004 3727 3066 3809 rolle abfinden lassen muß. Herr Fischer gab mit seiner
2000 3773 3070 3850 flinken Munterkeit einen tranken Schauspieler, der noch kurz
2003 3829 3069 3881 vor dem Abschluß seiner irhischen Komödie nichts als den
1999 3854 3060 3920 Mummenschanz der Bühne, als „Wirkung" und „Erfolg“
2694 3894 3050 3977 Paul Mahn.“
2002 3915 2674 3992 im Ange hat. — Morgen weiteres.
