3484 4320
294 294 2464 389 16.1. Lebendige Stunden zuklus box 21/5
2497 1488 2856 1564 0.
1040 1577 2168 1649 verschmäht es der Gute dennoch, sie vor der Welt zum
2189 1577 3322 1646 scharf und sicher zeichnende Charakteristiker, und Frau
207 1584 829 1684 eater und Konzerte.
1042 1621 2162 1672 Vorschein zu bringen, denn das Leben ist nach seiner An¬
2187 1639 3324 1711 Triesch verband mit ihrem warmblütigen Temperament
604 1644 998 1724 Berlin, 5. März.
1042 1670 2163 1731 schauung ein albernes Puppenspiel, und die Menschen sind
2178 1674 3319 1748 eine tief eindrucksvolle Innerlichkeit. Auch die Herren
202 1687 1020 1766 -Theater veranstaltete gestern zur Ab¬
1045 1717 2168 1767 nicht viel mehr wert als Puppen, die man an den Drähten
2188 1718 3314 1774 Forest und Stieler, sowie Frau Hofmann standen
219 1754 1022 1800 nal wieder einen Schnitzler=Abend.
1046 1760 2169 1820 tanzen läßt. Diese Anschauung, in die Tat umgesetzt, be¬
2186 1768 3320 1840 auf angemessener künstlerischer Höhe. Das Publikum ver¬
303 1799 1034 1850 e vier Einakter Artyur Schnitzlers:
1034 1799 2165 1858 kommt ihm aber übel, denn am Ende entpuppt er sich selbst
2189 1816 3318 1875 hielt sich teils zurückhaltend, teils sogar ablehnend. Erst
212 1835 1022 1899 pieler“ „Die letzten Masken“, „Die
1047 1834 2170 1906 als eine haltlose Puppe, von der Hand des Schicksals
2197 1857 3357 1939 am Schluß gelangte ein lebhafter Applaus zum Durchbruch.
211 1864 1026 1942 mDolche" und „Literatur“ allesamt
1038 1884 2166 1936 herumgeworfen, niedergeschlagen und zerzaust. ... In den
2940 1904 3251 1960 Paul Lesek.
226 1907 1033 1981 evereint unter dem Gesamttitel „Leben¬
1045 1940 2170 1998 „Masken“ sehen wir einen Journalisten, der noch in der
2328 1914 2433 1983 iller
235 1971 1028 2032 , der ein einaktiges Stück Schnitzlers be¬
1036 1963 2166 2026 Todesstunde voll grenzenlosem Haß gegen den erfolg¬
229 2006 1025 2070 gar nicht in die Erscheinung trat. Es
1044 2015 2178 2070 reicheren Rivalen, diesen zerschmettern will, aber vor dessen
226 2048 1035 2119 I also sozusagen wie die Faust aufs Auge.
1041 2062 2180 2126 ahnungsloser Borniertheit und stupender Minderwertigkeit
215 2095 1025 2154 och im anderen Sinne. Denn diese „leben¬
1034 2099 2181 2169 kapituliert: eine quälende, beklemmende Szene, nach
238 2133 1034 2201 die der Verfasser höchst anspruchsvoll
1039 2137 1461 2205 deren Ende sich
1476 2156 2171 2223 der Brust unwillkürlich ein
215 2159 1030 2252 uggerieren will, bedeuteten ein paar ver¬
1036 2178 1698 2254 befreiender Seufzer entringt.
1814 2191 2176 2254 „Die Frau mit
204 2230 1027 2301 mden. Die Langeweile soll ja bekanntlich
1045 2232 2160 2297 dem Dolche“ ist wohl das wirksamste der Sächelchen. Der
1049 2278 2171 2357 Verfasser spielt hier, wie er das auch sonst so gerne tut,
185 2289 1027 2367 er hat schon viele Einakter geschrieben. Das
1048 2323 2171 2389 mit dem Seelenwanderungsproblem und kokettiert in wider¬
227 2358 1025 2424 e Andeutende, das gelinde Säuseln und
1047 2367 2168 2424 wärtiger Weise mit philosophischer Tiefgründigkeit. Eine
204 2400 1024 2469 tuschen, aus dem die Phantasie des Zu¬
1049 2411 2161 2471 Frau fällt vor einem Galeriebild, vor der Dame mit dem
221 2441 1017 2508 nach Belieben alles mögliche herausholen
1044 2447 2164 2523 Dolche in hysterische Träumereien und wähnt sich tief ins
211 2490 1023 2539 es, was seiner schriftstellerischen Wesenheit
1040 2483 2165 2550 Mittelalter zurückversetzt, wo ihre Seele in anderer Hülle
277 2525 1017 2595 Zu schwächlich und seelenschwindsüchtig,
1042 2536 2170 2617 schon einmal auf Erden wandelte, suchend nach galanten
214 2561 1026 2633 nWurf wagen zu können, möchte er uns
1039 2578 2165 2633 Abenteuern und sich in solchen „auslebend“. Nach dem Er¬
217 2623 1023 2683 er in seinen kleinen Sachen den großen
1043 2614 2171 2687 wachen findet sie natürlich ihren zum Ehebruch bereite..
205 2663 1025 2711 nder Dramen ausschöpft und ihn gleichsam
1039 2673 2173 2733 Galan, um mit ihm den seit Jahrhunderten zerrissenen
200 2700 1028 2764 eine Art dramatischer Fleischertrakt — in
1043 2710 2163 2779 Faden wieder festzuknüpfen. — Litteratur“ behandelt in
205 2745 1015 2820 Pielleicht macht er sich das auch selbst weis.
1035 2743 2161 2830 burlesk=komischer Weise die Auseinandersetzung des leichten
195 2791 1026 2856 es eine gewaltige Selbsttäuschung. Denn
1032 2794 2166 2861 Literatums mit einem kunstfeindlichen Aristokraten — ein
204 2834 1021 2893 raffiniert pointierte Dialoge mit in Geist¬
1035 2838 2174 2897 Stück, in dem das Wiener Kaffeehausmilieu ebenso drastisch
201 2870 1026 2947 rnden Bonmots eine dramatische Handlung
1040 2878 1533 2950 wie drollig gezeichnet ist.
1600 2890 2158 2951 Ziehen wir die Summe aus
203 2918 1013 2983 Schnitzler hierfür aber kein Organ besitzt,
1042 2918 2170 2999 dem gesamten „Erlebnis“, so bleibt dramatisch eine große
208 2958 1028 3027 „abendfüllenden“ Stücken, beispielsweise in
1044 2969 2167 3026 Null, gedanklich ein Konglomerat von Spitzfindigkeiten, die
205 3001 1023 3073 iel“ zur Genüge erkennen lassen. Wenn
1037 3011 2167 3081 in einer Sammlung „Schnitzel und Späne“ vereinigt, unter¬
211 3042 1026 3115 Bühnen durchgefallene Werk mit dem
1042 3056 1991 3123 haltsamer sein würde, als in der gegebenen Form.
220 3086 1013 3145 gekrönt wurde, so beweist das durchans
1088 3103 2163 3178 Gespiolt wurde von den ersten Kräften der Lessingbühne
221 3124 1017 3219 rn Schnitzler, vielmehr alles gegen die
1036 3138 2172 3218 meisterlich. Herr Bassermann zeigte wieder glänzend
1028 3183 2172 3259 die geniale Vielseitigkeit und schöpferische Gestaltungkraft
196 3202 1022 3280 pieler“ zeigt uns der Verfasser einen seiner
1041 3231 2159 3300 seiner künstlerischen Natur, die ihresgleichen in der Gegen¬
210 3271 2177 3364 Voll von den genialsten dichterischen Ideen I wart kaum finden dürfte. Herr Reicher war der vollendete,
