3436 4256
2136 122 2595 230 box 21/3
320 99 1994 244 16.1. Lebendige Stunden Zukius
214 890 966 988 die Tendenz des Dichters wurde
1003 901 3347 1013 Sein Poet geht durch vier Stücke, bald skizzenhaft fassungen eine größere Gefühls= und Rechtsgleichheit setzen
213 943 3335 1047 tire traf die bevorzugten Kreise, die gezeichnet, bald von romantischen, schwer faßlichen Seelen= wollen. Das bringt ihm keinen Vortheil. In der Marine
215 1010 943 1084 eräner Straflosigkeit genießen. Dieser
938 1014 2145 1103 wanderungsstimmungen belebt; er seufzt im Krankenhause,
2120 1024 3342 1096 wo er dient, wagte er, der Beleidigung eines mißliebigen.
270 1059 952 1120 Stellung Schnitzler's auf der
925 1058 2132 1131 dessen armselige Hilfskraft veristisch geschildert wird
2122 1076 3337 1153 Vorgesetzten zu widersprechen. Ohne Rücksicht auf seinen
218 1108 935 1171 seiner besten Arbeiten, „Freiwild“
931 1113 2134 1185 er erscheint uns am vortheilhaftesten in einem Lustspiel,
2116 1126 3338 1203 berechtigten Zorn wirft man ihn in Keiten und ins Ge¬
233 1134 943 1227 t ablehnenden Haltung, die eine
923 1152 2129 1220 das wie eine Sammlung sprechender Porträts ansluthet.
2128 1165 3331 1252 fängniß. Auch Barend, der jüngere, minder heißblütige
229 1204 934 1262 jeden Grund zurück, der andere,
918 1200 2132 1269 Diese lebendig hübsche Comödie ist eine seltene und hoch
2124 1220 3339 1307 und entschiedene Bruder, ist vom Geiste der Opposition,
203 1237 939 1315 end Officier gewesen, der dritte
923 1259 2125 1329 anzurechnende Gabe in einer Zeit, in der die Aeußerungen
2132 1275 3335 1346 gegen die Satzungen des Dorfes erfüllt. Der altherkömm¬
200 1293 2127 1369 er die Vorstellungen jäh und un= des Humors immer spärlicher auftauchen. Die verflossene
2116 1312 3326 1398 liche Brauch, daß seine Insassen schwere Fischernetze aus¬
202 1350 2129 1422 verstand es ganz anders, als die Epoche des Idealismus ließ die Wirklichkeit im Lustspiel
2129 1365 3335 1437 werfen und im Kampf mit Wind und Welle ihr Leben
202 1390 934 1464 asse, die sich auf dem Berichti¬
931 1411 2130 1462 aufleben; dieses verstummte, seit der Realismus seine un¬
2118 1416 3329 1487 gewinnen, ist nicht nach seinem Sinne. Die „stinkende
197 1430 934 1506 usrufen, die Schrecken der großen
922 1446 2128 1524 umschränkte Herrschaft übt. Auch in Paris, wo die fröh¬
2111 1453 3322 1536 See“ ist ihm verhaßt, ein beutegieriges Raubthier, ein
206 1476 931 1560 sprache dienstbar zu machen. Ueber¬
922 1481 2129 1573 lichen Geister des Theaters so lange mächtig waren und
2114 1505 3328 1574 Grab, aus dem ein Uebermaß von Unglück starrt. Da kehrt
208 1534 933 1607 hi erstickte seinen Erfolg. Ja auch
932 1543 2116 1617 mit unvergleichlicher Elasticität lustige Gestalten belebten,
2119 1547 3330 1645 eines Morgens unheimlich verändert, bestäubt, abgerissen
196 1573 932 1651 ie im „Schleier der Beatrice“ nur
921 1577 2124 1658 tritt das unterhaltende Theaterstück auffallend in den
2120 1600 3327 1686 Geert aus dem Arrest zurück. Man nimmt ihn nicht sehr
207 1629 920 1701 verthei begegnete er dem Uebelwollen
928 1639 2127 1720 Hintergrund. Und da kommt Schnitzler mit einem zierlich
2114 1641 3326 1731 freundlich auf. Die Mutter schaut zitternd, voll Zweifel
211 1669 932 1751 Eine ähnliche Stellungnahme gegen
923 1687 2126 1766 graziösen Werke heiterer Laune, das die peinlichen, kecken,
2118 1701 3325 1781 und Schmerz zu ihm empor, die Nachbarn blicken ihn
915 1731 2114 1803 unromantisch mit sich zufriedenen Apostel, die eine so be¬
2121 1743 3321 1826 finster wie ein Geschöpf der Sünde an. Freudig und herz¬
198 1640 920 1844 en teretertect
929 1786 2113 1866 queme Verbindung ihrer literarischen und persönlichen Ab¬
2115 1794 3326 1873 lich grüßt ihn nur sein geliebtes Bäschen Jo, der Licht¬
198 1800 919 1889 tion, ihre Helfer und Handlanger,
927 1835 2126 1909 sichten herstellen, auf das ergötzlichste geißelt. Er zeigt
2119 1839 3322 1922 strahl des Dorfes, immer heiter wie die Nixen der Sage,
201 1864 510 1934 nan heute ist.
913 1877 2112 1944 nicht nur die Fertigkeit, mit wenig Strichen eine Figur
2114 1886 3324 1967 die in unsterblicher Lustigkeit den Meeresarund beleben. Geert
197 1894 918 1980 dankenswerth, wenn das Deutsche
915 1923 2114 2009 glaubhaft hinzustellen, er bewährt sich als ein Meister
2115 1930 3319 2015 ist ganz Seemann; das Meer und seine Stürme haben einen
211 1971 928 2031 t Schnitzler's vorführte, eine Serie
920 1975 2115 2049 des Dialogs, der voll Geist und doch ohne Ab¬
2113 1981 3327 2049 unwiderstehlichen Reiz für ihn, so durchschwärmt er, die
195 2012 920 2089 bendige Stunden“, die schon in
913 2023 2115 2086 sichtlichkeit ist, in dem der Witz leuchtet und der Autor
2107 2029 3318 2115 Marseillaise singend, lachend und tobend ein paar Tage und
185 2065 922 2142 nerkennung fand. Ihrer damali¬
925 2066 2112 2146 wie ein Dialektiker spricht, der über eine Fülle guter
2107 2082 3306 2156 nimmt dann Handgeld von dem Rheder Clemens Boos, der
183 2096 923 2185 en Blättern ist kaum Wesentliches
908 2108 2122 2202 Einfälle verfügt. Wenn diese kleine fesselnde Literatur¬
2101 2124 3312 2210 sein Schiff, die „Hoffnung“, auf den Heringsfang ausschickt¬
189 2156 2109 2242 den der genannten Einacter sind Comödie Schnitzler auf den Weg des Lustspieles führt,
2098 2174 3313 2263 Die Gewohnheit, die alle Ordnung auf dem Fischerdorf zu¬
203 2211 924 2284 on einmal war es Brauch in der
911 2217 2126 2293 werden wir ihm noch viele lebendige Stunden verdanken.
2104 2225 3311 2293 sammenhält, beugt auch Barend der dem Beispiel seines
220 2244 930 2329 der wärmer fühlen sollte als
998 2261 2108 2333 Der heiteren Ironie Schnitzler's folgte in der Dar¬
2094 2261 3304 2343 Bruders folgt. Aber wie die Schiffsglocke könt, die „Hoff¬
224 2305 918 2379 gestalten, zum Mittelpunkte der
913 2316 2104 2372 stellung unserer Berliner Gäste das Drama „Hoffnung
2096 2321 3314 2380 nung“ ihre Anker lichtet, regt sich die alte Furcht in ihm,
205 2355 918 2424 Die frühere Poesie pflegte jedoch
910 2368 2097 2422 von Heyermans als düsteres Gege bild. Es führt an die
2096 2367 3306 2442 die Angst, schüttelt ihn und zandert die häßlichsten Bilder
193 2392 918 2473 dichter zu schildern, der durch eine
912 2402 2095 2473 holländische Küste in ein armes Dorf, dessen Bewohner
2103 2409 3283 2482 vor sein Auge. „Das Schiff ist morsch, ist nicht seetüchtig!“
205 2451 930 2521 Noth zur Höhe strebt, das lockere
908 2453 2115 2534 genöthigt sind, vom Fischfang zu eben. Welch trauriges
2100 2453 3303 2541 ruft er verstört, leichenblaß und mit bebender Stimme, da
201 2483 922 2568 Seele, das sich eine eigene, will¬
911 2510 2106 2580 Los dies bedeutet, erfuhr die Witwe Kniertje, welcher der
2104 2511 3303 2583 er die Schritte des Rheders hört, der gekommen ist, auf
230 2539 928 2620 schuf, den krankhaft regellosen
911 2555 2103 2626 Mann und zwei Söhne in den Wellen umkamen. Die
2086 2552 3300 2632 seinem Schein zu bestehen. Niemand hat Mitleid mit
200 2576 921 2664 malerischen Attitüden die Schick¬
906 2608 2105 2678 arme Frau ist fromm geblieben. Am Meeresstrand wie in
2097 2605 3291 2686 dem armen Burschen. Auch die Mutter nicht, die nur auf
190 2637 2102 2714 erträgt; Schnitzler verschmäht diese den Bergen sind die Menschen, von den Elementen einge¬
2090 2655 3300 2707 ihr Standesgefühl hört, das von dem Fischer Ergebenheit
186 2690 2024 2749 nd Bettelstab“ aufsteigenden Effecte, schüchtert glaubenstreuer als in der Stadt, wo selbst
2093 2700 3296 2783 in sein Schicksal fordert. Sie legt Geschenk auf Geschenk,
186 2729 922 2814 Emuth über den Heiligenschein des
906 2728 2101 2806 berufsmäßig Frommen der Religion gern ein Schnippchen
2091 2751 3294 2825 um den tobenden „Feigling“ umzustimmen. Tabak, wollene
182 2776 922 2853 nst, Eindrücke des Lebens künst¬
905 2795 2096 2856 schlagen. Der guten Frau Kniertje verblieben noch zwei Söhne,
2093 2797 3288 2864 Strümpfe und die silbernen Ohrringe, die der Vater als
221 2827 915 2896 ein Vorrecht, das von Makreon
911 2838 2102 2899 Geert und Barend. Geert, der Aeltere, hat sich langsam
2091 2844 3301 2913 Sonntagsschmuck getragen. „Ein Schiff ist in Gottes
182 2884 3296 2968 cht von diesem bis zu Schnitzler von dem armseligen Dorfgeiste losgelöst: er liest Zeitungen, Hand,“ sagt sie, „es heißt ihn versuchen, wenn man solche
907 2923 3308 3006 die verboten sind, und Bücher, die an Stelle früherer Auf“] Angst zeigt.“ Barend ist taub gegen allen Zuspruch. „Ver¬
