3484 4256
716 120 2138 254 Sn . in. Sntengen, Gent. Ienteion, Benzers, Parie, Hn, Stoekholen.
683 240 1206 344 Ausschnitt aus:
682 388 905 490 vom
1347 301 1906 552 Vermische elten
998 445 1208 537 1707
944 934 1628 1154 Theater und Musik.
736 1136 1900 1220 G. Z. Von Arthur Schnitzler kamen am Sonnabend im
650 1199 1894 1270 Deutschen Theater vier neue Einakter zur ersten Auf¬
662 1250 2077 1327 führung, über deren äußeren Erfolg ich bereits in der zweiten inelusive
672 1287 2059 1356 Sonntagsausgabe berichtet habe. „Lebendige Stunden“ be¬ Porto.
665 1324 2068 1384 titelt Schnitzler die vier Stucke mit einem gemeinsamen Namen. Zahlbar
656 1368 2081 1454 Da das erste Stück der Reihe selbst den Namen „Lebendige m Vorau¬
656 1422 1893 1474 Stunden“ führt, so könnte man glauben, Schnitzler folge der
662 1439 2111 1517 Sitte mancher Novellisten, die ihre Sammlung ganz te ist das
650 1487 2121 1565 äußerlich nach der ersten Novelle betiteln. Aber Schnitzler eht es den
659 1544 1958 1605 will mehr: er will auf einen gemeinsamen Inhalts= n.
658 1590 1898 1647 kern der im Uebrigen ganz verschiedenen Stücke hinweisen.
1860 1631 2125 1687 naltend die
661 1639 2114 1727 Ein wenig künstlich erscheint ja freilich diese Subsumirung Worgen¬
664 1689 2101 1763 unter einen Begriff, wie auch der gemeinsame Titel an sich r Zeitung“)
630 1725 2132 1816 #etwas aekünstelt klingt: aber ein gemeinsames Problem schaut jche Leben
637 1789 1919 1874 doch in der That aus allen vier Stücken heraus. „Lebendige I
1904 1811 3159 1917 mit diesem Menschen zu schaffen? Wie siunlos wäres
641 1843 1879 1917 Stunden“ — welche Stunden unseres Lebens können wir
1899 1852 3152 1932 es, wenn er, der vor der Pforte des Todes erkennt,
636 1874 1905 1949 wohl mit Recht lebendige nennen? Zwei gegensätzliche Antwor#enst
1904 1911 3161 1997 w#e hoch sein Leben über dem Jenes steht und steis
644 1923 1869 2001 niebt es auf diese Frage, und nach diesen Antworten kann man
1898 1945 3142 2049 gestanden bat, vor ihm seine Seele prostituirte! Und er läßt
634 1971 1850 2037 die Menschen in zwei Kategorieen sondern; in solche, denen
1897 1987 3154 2108 ihn gehen mit einem Händedruck und stirbt in Frieden. Ganzs
631 2001 1863 2085 Leben nur Schaffen bedeutet, und solche, die im Genuß des
1908 2033 3149 2129 rein wirkt auch dieses Stück nicht, denn manche Gewaltsamkeit
635 2062 1867 2132 Augenblicks den Sinn des Lebens finden. Diese zwei Menschen¬
1911 2071 3128 2176 stört auch hier; aber es enthält doch überwiegend echtes Leben
639 2105 1864 2163 typen treten in allen vier Stücken Schnitzlers einander gegens
1901 2132 3131 2217 ind wahre Empfindung und wird kraft seines schönen Motives
635 2144 1891 2221 über, und zwar der erste in der speziellen Form des Künstlersjs
1888 2157 2277 2234 zachhaltig wirken.
632 2185 1867 2263 für den alles Leben nur Sinn hat, wenn er selbst daraus wieder
1969 2223 3122 2305 Das Schlußstück, „Literatur“ ist sozusagen das Satyr¬
635 2226 1873 2314 Leben gestalten kann. Für den ferner Stehenden, oder sagen
1888 2227 3133 2371 spiel nach der Tragödie. Hat Schnitzler in den drei ersten
626 2276 1852 2357 wir: für den Alltagsmenschen mag es erscheinen, als wäre der
1900 2310 3126 2396 Einaktern den Künstler als den Träger des wahren Lebens¬
631 2334 1835 2397 Künstler ein krasser Egoist, als wären ihm alle Ereignisse
1896 2348 3126 2438 pingestellt und ihm die Anschauung der Anderen als die
623 2352 1849 2450 des Lebens nur Stoff ium Kunstwerk — alle Ereignisse,
1884 2403 3120 2487 zeringwerthige entgegengehalten, so giebt er hier umgekehrt den
620 2397 1880 2499 vor Allem auch der Schmerz. Am schärfsten wird dieser
1898 2432 3132 2535 Instandsbegriffen des guten Durchschnitts gegenüber der
636 2451 1872 2548 Typus zu dem des Alltagsmenschen in Gegensatz ge¬
1874 2465 3115 2580 Zünstlermoral Recht; aber diese Kunstler sind nicht die großen
628 2487 1881 2582 stellt im ersten Stück, das fast einer Disputation
1861 2518 3115 2616 ##ndern die kleinen Talente, die aufgeblasenen mit dem Ruhme
632 2543 3117 2661 über ein philosophisches Thema gleicht. Da ist ein Sohn, k von Gegenseitigkeits Gnaden, — die literarische Bohème, die
631 2585 1872 2673 dem die über Alles geliebte Mutter gestorben ist, und ein
1891 2603 3124 2705 re schmutzigen Bekenntnisse in naturalistischen Büchern mit
625 2643 1860 2706 alter Mann, dem in dieser Frau der beste Theil seines Selbst,
1894 2631 3114 2759 er künstlerischen Selbstbefreiung der Großen keck auf eine
625 2670 1860 2750 seine geliebte Freundin genommen ward. Die Frau, die an
1872 2690 3116 2794 Stufe setzt und überzeugt ist, daß der schmutzige Hemdkragen
622 2701 3095 2839 unheilbarem Siechthum litt, ist freiwillig aus dem Leben ge¬###ind die Formlosigkeit zum Genie unweigerlich gehören.
624 2752 3105 2884 schieden, weil sie sah, wie furchtbar ihr qualvolles Leiden auf f Dieser Bohème ist die Heldin des Stückes glucklich entronnen
629 2808 3111 2935 die künstlerische Kraft des Sohnes wirkte. Nur dem Freunde uund hat sich einen reichen Sport=Baron gekapert, vor dem sie
616 2859 3101 2970 hat sie das mitgetheilt. Nun hat der alte Mann außer an# skials Unschuldslamm paradirt. Diese beiden Gestalten und die
615 2897 1864 2975 dem Gram über den Verlust der Freundin auch noch an dem
1846 2909 3096 3016 jEdritte Person des Stückes, ein alter Bohémien, der recht un¬
615 2939 3095 3063 eifersüchtigen Grimm über den Sohn zu tragen, dessen  bequem zum Besuch kommt, sind mit überlegenem Humor charakte¬
617 2984 1849 3064 Künstlerart ihm wesensfremd ist, in dem er nur den Egoisten
1840 3018 3097 3105 Pkrisirt. Die zablreichen Pointen des Dialogs versetzten die
618 3020 1850 3106 sieht, der nichts mit den Unannehmlichkeiten und dem Leid des
1843 3046 3107 3143 Hörer in beste Stimmung. Wie die Verlobte des Barons es
616 3070 1860 3150 Lebens zu thun haben will. In dieser Stimmung läßt er sich
1842 3095 3099 3196 Ffertig bringt, die Enthüllung ihres Vorlebens zu verhindern
611 3112 1857 3203 hinreißen, dem jungen Mann den Selbstmord der
1846 3137 3080 3244 und alle Gefahren von ihrer Eheschließung abzulenken, das
608 3155 1824 3236 Mutter zu verrathen" und ihm ihren Abschiedsbrief zu
1851 3182 3003 3272 kann man nicht erzählen, ohne die schönsten Poinien
611 3196 783 3263 geben.
808 3213 1849 3285 Jedoch aus der ersten Verzweiflung über
2983 3220 3085 3281 zu
1848 3211 3085 3318 knicken, die übrigens durch die Darstellung — Frl. Triesch¬
608 3229 1005 3314 diese Erfahrung
1014 3243 1162 3317 reißt
1166 3244 1272 3316 sich
1294 3263 1853 3329 der. Sohn gewalisam
1839 3267 3089 3372 und die Herren Bassermann und Rittner — ganz
599 3281 1024 3356 heraus: er will
1015 3306 1838 3376 sehen, auch diesen Schlag zu ver¬
1840 3314 3085 3421 glänzend herausgebracht wurden. Die Zuhörer geriethen oft¬
602 3339 1840 3418 winden; wenn es ihm gelingt, zum künstlerischen Schaffen
1844 3361 3082 3454 in stürmische Heiterkeit, und der endliche Erfolg war un¬
610 3378 1845 3461 sich zurückzufinden, dann glaubt er, des Opfers der
1849 3397 3078 3496 gewöhnlich stark. Der Darstellung fällt auch bei den ersten
600 3435 1844 3511 Mutter wurdig zu sein. Dem alten Freunde aber, dessen
1845 3444 3071 3543 drei Stücken großes Verdienst zu. Im ersten stand Herr
597 3477 1844 3527 ethisches Empfinden solche Worte aufs Hochste empören, pro¬
1831 3480 3079 3587 Rittner im Mittelpunkt während Herr Reinhard nicht
605 3506 1843 3583 phezeit er daß auch er allmälig durch das Leben, durch die
1829 3539 3073 3627 recht am Platze war, und Herr Fischer einer kleinen Episoden¬
596 3561 1843 3633 Arheit über diesen Schmerz hinwegkommen werde... Wie eine
1839 3575 3063 3678 rolle sein großes Können schenkte; im zweiten bot Frl. Triesch,
609 3599 1831 3681 Disputation wirkt der Dialog. Man merkt Schnitzler den Arzt
1830 3617 3058 3723 namentlich auch im Spiele der Gebärden, eine herrliche
595 3643 1839 3715 an, der auf dem Präparirboden gelernt hat, alle Muskeln und
1835 3663 3063 3759 Leistung; im dritten gebührt den Herren Reinhard, Fischer
597 3693 1829 3760 Nerven bloß zu legen, und der nun auch in seinen Szenen
1833 3709 3067 3824 und Bassermann, der aus geringen Andeutungen des
591 3737 1834 3809 gern die Gedanken scharf herausschält und unmittelbar ein¬
1832 3751 2856 3865 Dichters einen ganzen Charakter schuf, großes Lob.
594 3779 1828 3851 ander gegenüberstellt. Er erzielt damit einen gewissen äußeren
595 3825 1833 3895 Spannungsreiz, zwingt den Zuhörer, mit zu disputiren, aber
1966 3821 3060 3931 Den Bericht über die Aufführung der Tragödie
594 3864 1826 3958 die menschliche Wahrheit der Situation geht dabei leicht
1829 3853 3058 3971 Dantons Tod“ von Georg Büchner im Bellealliance¬
585 3906 809 3979 Verloren.
1821 3916 3052 4018 [Theater durch die Neue Freie Volksbühne haben wir
680 3958 1810 4043 Auch das zweite Stück, „Die Frau mit dem Dolche",
1823 3972 2819 4060 aus Raummangel bis morgen zurückstellen müssen.
574 3980 1830 4087 leidet unter diesem Fehler. Das Problem wirkt künstlich zu¬
592 4054 1836 4107 recht geschnitten, und daher erweckt das Stück wohl jene
597 4105 1832 4175 Stimmung, die man Interesse nennt, nicht aber unmittelbare
2613 4099 2799 4192 S
591 4150 1832 4210 menschliche Theilnahme. Der Gegensatz zwischen dem Leben
