3484 4384
369 72 2042 204 16.1. Lebendige Stunden zukius
2192 86 2631 205 box 21/3
242 1129 2326 1253 Ganzen, vermag ein Maestoso oder ein Scherzo wobl# spüren, die uns elend oder glücklich oder frei machen: die
251 1199 1280 1268 zu wirken, ja binzureißen. Allein nur Derjenige
1279 1212 3339 1295 lebendigen Stunden. Und als zweites Hauptthema klingt kommen, und sagt Leonhard ihren Besuch zu. Der
240 1238 1282 1318 kann im tiefsten Herzen ergriffen sein, der das gesammte
1278 1258 2297 1341 die uralte Melodei mit, daß ja doch nur der Künstler im
2308 1275 3330 1341 Mann macht aus ihren Schmerzen ein neues Stück, hol's
245 1282 1275 1353 Werk kennt, vom ersten Motiv an, durch alle Wandlungen
1286 1308 2300 1386 schönen Sinne Mensch ist, weil nur in seiner Seele Alles
2302 1318 3323 1385 der Teufel, soll der aus einer lebendigen Stunde ein neues
244 1326 1264 1410 und Umkebrungen bis zum Finale. Ich weiß nicht, ob
1272 1348 2299 1433 Resonnanz hat, Wirklichkeit und Divination, Güte und
2294 1366 3328 1437 Bild machen. Dritter Satz: „Die letzten Masken.“ Rade¬
244 1381 1268 1456 Schnitzler musikalisch ist, aber er hat sein ideelles Thema
1278 1407 2292 1487 Grausamkeit, jauchzender Ueberschwang und todttrauriges
2304 1422 3326 1489 macher, ein obskurer Journalist, liegt im Spital, eine Stunde
242 1422 1268 1503 durchgeführt, wie ein formgerechter Komponist sein melodi¬
1277 1448 2302 1535 Leid: die ganze Welt und noch ein bischen mehr. Die
2303 1469 3335 1525 vor dem Sterben. Er läßt sich Weihgast, den berühmten
237 1471 1259 1549 sches Thema durchführt, Ecksätze und Durchführungstheil
1268 1499 2290 1575 Nebenmotive sind von solcher Eigenart, daß sie Einen fast
2291 1515 3328 1578 Dichter, herbeirufen, um ihm all seinen Haß ins Gesicht
240 1517 1261 1595 und Abschluß, immer ein neues Gewand und immer der
1273 1550 3325 1618 die Hauptsache vergessen lassen, und sie sind so kräftig in zu schleudern: ich war immer ich, Du nie etwas anderes,
242 1569 1260 1646 leitende Gedanke derselbe; Selbstständigkeit im Einzelnen,
1265 1583 2297 1689 die Geigen gelegt, daß ein Ungeübter die schöne Arbeit im
2288 1604 3322 1648 als der Windbeutel, der sich von der Mode tragen ließ, Du
226 1614 1271 1684 wo doch nur das Ganze als Einheit genommen, eine
1271 1632 1918 1705 Kontrapunkte leicht überhören kann.
2291 1651 3333 1725 hast das Glück erschlichen, aber ich verachte Dich, und Dein
238 1661 1264 1742 Variation vorhanden ist, Abwechslung im Gleichen,
2290 1692 3332 1765 angebetetes Weib thut das auch, hundertmal habe ich es er¬
1355 1692 2291 1769 Die vier Sätze dieser Sonate in dramatischer Form
232 1705 1264 1786 Uebereinstimmung in der Verschiedenheit: „Was ist denn
2298 1738 3330 1809 fahren, ich, ihr vieljähriger Geliebter. So will er ihn nieder¬
1265 1733 2284 1810 heißen: „Lebendige Stunden“ — eine Mutter, die hilflos
238 1758 1265 1826 Deine ganze Schreiberei,“ sagt im ersten Stücke Haus¬
2292 1789 3323 1851 schmettern, ehe er hinübergeht. Und Weihgast kommt und
1265 1774 2284 1869 dahinsiecht, erkennt, daß die ewige Sorge um sie den Sohn
231 1803 1253 1881 dorfer zum jungen Dichter Heinrich, „und wenn Du
2283 1832 3324 1912 redet in seiner harmlosen Hohlheit, und den Sterbenden
1268 1826 2287 1913 im dichterischen Schaffen hindert; sie nimmt wie zufällig
236 1847 1260 1928 das größte Genie bist, was ist sie denn gegen so
2283 1867 3317 1940 faßt der Ekel: steht es dafür, jetzt noch mit ihm zu
1259 1875 2283 1961 ein wenig mehr Tropfen und stirbt. Der alte Herzensfreund
224 1887 2281 2000 eine Stunde, so eine lebendige Stunde, in der Deine und Seelentröster sagt dem Sohne, was geschah und warum
2289 1928 3326 1995 rechten. „Was hat unsereiner mit den Leuten zu schaffen,
226 1941 2275 2051 Mutter hier auf dem Lehnstuhl gesessen ist und zuses geschah. Und dieser, ein guter Bursch, aber brutal im
2285 1978 3321 2039 die morgen noch auf der Welt sein werden?“ Und so ver¬
233 1994 1254 2064 uns geredet hat oder auch geschwiegen — aber da
2283 2009 3323 2086 scheidet er stille: warum die letzten Masken wegnehmen?
1256 2016 2283 2089 Gefühl des wieder schaffensfreien Künstlers, antwortet, schon
235 2038 1257 2116 ist sie gewesen — da! Und sie hat gelebt, gelebt! Heinrich
2283 2078 3325 2131 Schluß: „Literatur.“ Eine muntere Geschichte. Clemens
1255 2071 2279 2140 an künftige Werke denkend: „Sie haben den ganzen Sinn
225 2079 1257 2169 antwortel: „Lebendige Stunden? Sie leben doch nicht
2284 2105 3316 2181 ist ein Esel, reich, Sportsman, will von Kunst nichts
1255 2108 2279 2188 rieses freiwilligen Opfertodes zerstört ... Ihr Schmerz
230 2133 1262 2225 länger, als der Letzte, der sich ihrer erinnert. Es ist nicht
2289 2161 3318 2211 wissen und wird Margarethe heiraten. Die kommt aber
1248 2173 2272 2241 gibt Ihnen heute noch das Recht, mich mißzuverstehen,
225 2186 1249 2256 der schlechteste Beruf, solchen Stunden Dauer zu ver¬
2277 2206 3310 2288 aus der Bohème her und brachte es nicht über sich,
1251 2208 2271 2289 im Frühjahr, wenn Ihr Garten aufs Neue blüht,
221 2225 1259 2292 leiben über ihre Zeit hinaus.“ Und dann im letzten Stücke
2271 2244 3318 2310 wenigstens zum Abschied den Niederschlag ibres beimlichen
1245 2267 2244 2333 sprechen wir uns wieder, denn auch sie leben weiter.“ —
225 2268 1246 2355 „Literatur“, dem ans Ende gestellten Scherzo, hat Mar¬
2273 2291 3323 2365 Verhältnisses zum Schriftsteller Gilbert künstlerisch zu
1246 2303 2270 2369 Zweiter Satz: „Die Frau mit dem Dolche.“ In einer
215 2325 2267 2418 garethe all ihre Erlebnisse in einen Roman zusammen=] Galerie treffen sie sich, vor dem alten Gemälde einer
2270 2344 3322 2421 fassen. Ein Dokument des Lebens: alle Liebesbriefe von
219 2365 1253 2445 gefaßt, heimlich, wider den Beschluß des Geliebten, weil
2277 2391 3311 2463 ihm und ihr sind darin enthalten. Nun hat der Poet dus¬
1241 2388 2260 2478 Dame, die ihren Buhlen eben erstochen hat. Leonhard
224 2418 1241 2496 sie so mußte, und sie wirft ihn doch ins Feuer, als
2273 2432 3313 2511 selbe gethan, auch eine Konfession abgelegt und auch alle
1246 2439 2263 2529 liebt sie, wie nur ein Maler liebt, mit allen Sinnen,
221 2465 1250 2538 es die Gegenwart, die lebendige Stunde erfordert — dort
2274 2483 3311 2552 Liebesbriefe aufgenommen. Diese Uebereinstimmung müßte
1251 2489 2258 2565 selbst mit den Augen. Pauline, ihrem Manne zugethan,
223 2511 1237 2583 ist das Gefühl der Kunst, hier ist das Gefühl des
2268 2525 3307 2603 selbst den Blinden sehend machen. Und so schlendert sie
1249 2542 2260 2609 und doch wie tanmelnd von solchem verzehrenden Ver¬
220 2557 1234 2640 Seins stärker und eigentlich ist's doch das
2269 2568 3306 2650 ihr Exemplar ins Feuer und kann ruhig die Frau des
1249 2584 2263 2663 langen des Künstlers widerstrebt. Angesichts des Bildes
219 2590 1245 2685 gleiche — wir spielen mit dem Leben, das Leben
2266 2617 3313 2683 Rennpferdschwärmers werden. Ruhig — bis zur nächst¬
1241 2636 2264 2713 hat sie eine Vision: wie sie denn doch nachgibt und dann
2262 2658 3305 2733 lebendigen Stunde, die ja nicht ausbleiben wird. Die
212 2654 2264 2763 spielt mit uns, von Bedeutung sind nur jene verzweifelt ihre Schuld gesteht und am Verführer
212 2691 2270 2811 wenigen Zeitspannen, die dies schlummernde Gute oder Rache nimmt, ihn für das Dämonische strafend,
2271 2713 3306 2803 Klarinetten schrillen, die Fagotte quietschen, die Kontra¬
2258 2758 2955 2840 bässe surren — ein lustiger Ausklang.
221 2740 2269 2861 Schlechte in uns auslösen, die uns über uns selbst hinaus=, das nicht so sehr in ihm, als in ihr selbst war.
2867 2791 3274 2889 Haus Koppel.
210 2794 2293 2887 heben, Kräfte in uns erregen, deren Walten wir sonst nicht Und sie erschauert: was kommen muß, soll
