3484 4096
291 -4 1955 124 16.1 Lebendige Stunden zykius
2101 15 2571 109 box 21/3
1015 830 2488 978 Wiener „Bühne und Welt“ Ho. 9.
2118 1220 2495 1316 Wien, Ende Mai.
1010 1303 2570 1373 ir stehen neuerdings unter dem Zeichen des Berliner „Deutschen Theaters“, das
1023 1334 2575 1432 K auf den Brettern der alten Leopoldstädter Possenbühne seine soliden Zelte aufgeschlagen
882 1366 2576 1480 # hat. Wieder giebt es mancherlei zu lernen. Wieder dringt die Mahnung an das un
860 1409 1491 1482 willige Ohr unserer Schauspieler:
983 1456 2584 1559 Seid einig, einig, einig, ihr alle, die ihr dem Bühnengelichter angehört, seid brüderlich 7
868 1480 2575 1556 und ohne Eifersucht, seid einfältig (im besten Sinne) und bescheiden, auf daß der Dichter, dem
855 1543 2563 1612 ihr zu dienen die Ehre habt, nicht Schaden leide durch eueren Wettstreit. Die Individualität und
862 1569 2574 1670 Geltung des Schauspieler=Individuums, sein Hochgefühl zumal, ist eine Privatsache, die er daheim
868 1616 2567 1710 wohl kämmen und bürsten, aber ja nicht vor der erleuchteten Rampe spazieren führen darf.
857 1657 2568 1746 Was geht es im Grunde den Dichter oder das Publikum an, daß der Komödiant Mar ein
857 1683 2559 1785 indiriduelleres Individuum ist als der Komödiant Moritz, der neben ihm auf der Scene steht?
868 1728 2571 1816 Individualität ist Relativität; Relativität aber, die sich störend bläht, ist vom Uebel und darum
861 1756 2566 1862 ästhetische Sünde. Das Gefühl der Relativität, wenn man so sagen darf, ist in der Brust des
872 1808 2563 1890 Zuschauers nicht aufkommen zu lassen. Wer gepackt werden will, muß vor allem die Ueber¬
855 1840 2552 1941 zeugung gewinnen, daß er dem Absoluten gegenüber steht. Wer nicht die Empfindung empfängt.
850 1900 2561 1982 daß all dies, was ihm vor die Sinne gerückt wird, so sein muß, wie es ist, und gar nicht anders
856 1919 2548 2014 sein kann, soll. darf, wie es ist der kann auch kein Gläubiger sein und wird alsbald von
851 1958 2562 2060 Zweifeln oder von den Klöhen jener kitzelnden Mißmut, die in den Theaterfanteuils zu Hause
848 2002 2550 2099 ist, gezwickt und gezwackt werden. Wie aber ist das Gefühl des Absoluten einzupflanzen, das
849 2046 2543 2130 Gefühl, daß man absoluten Leistungen gegenübersteht oder sitzt, die nicht anders sein können,
852 2069 2552 2164 sollen, dürfen, als sie sind? Das Gefühl des Absoluten (wenn schon dieser unbestimmte Cerminus
852 2117 2563 2196 riskiert werden darf) wird einge flanzt, indem man alles vermeidet, was zu Vergleichungen.
842 2158 2567 2231 gegenseitigen Abwägungen um Abschätzungen herausfordern könnte. #aß die Relativität des
847 2200 2671 2314 keistungen auf der Bühne nicht aufkommen, ersticken im Herzen des Zuschauers die Möglichkeit
851 2232 2537 2331 der Empfindung, daß Mar besser ist als Moritz oder das Moritz die Maxrolle viel besser als
841 2273 2557 2374 Mar und etwa so trefflich wie Mar die Moritzrolle sprechen könnte. Gelingt Dir dies, dann hast
838 2317 2544 2408 Du das dramaturgische Geheimmts der feenischen Ausgeglichenheit und ihrer kalmierenden
837 2355 2545 2438 Wirkung erlauscht und kannst schon mit zwei oder drei Schauspielern, die Du agieren läßt, eine
844 2399 2550 2496 Art „Massenwirkung“ im kleinen erzielen. „Massenwirkung im kleinen!“ Der Eindruck, den Du¬
833 2437 2541 2518 von einer gutgeschulten Masse empfängst, ist steis ein potenzierter; sie erregt, auch dann, wenn
843 2471 2548 2567 sie gleichgiltige und schläfrige Dinge erzählt. Aber sie beruhigt zugleich, mußt Du wissen, weil
839 2517 2542 2605 sie die Empfindung auslöst, daß Du Dich einer Mehrheit gegenüber befindest, die das Nämliche
836 2558 1710 2626 will und — wie man im kritischen Jargon sagt ¬
1702 2582 1758 2626 —
1743 2585 2541 2645 „auf den nämlichen Ton gestimmt“ ist. Sie
833 2591 2533 2686 beruhigt, indem sie erregt, und sie erregt, indem sie beruhigt. Sie zwingt so und so viele Hitz¬
833 2634 1345 2689 köpfe und Schreihälse, die
1370 2646 1773 2705 sich selber überlassen
1763 2663 1804 2699 —
1795 2651 2539 2728 gern über die Stränge hauen und über
825 2672 2540 2769 die Grenzen ihrer Persönlichkeit ins Uferlose, Ungeneste und Eitle springen würden, zu einer
830 2715 1891 2792 demütigen Gebundenheit im Dienste der allgemeinen Sache.
953 2761 2534 2828 Das Geheimnis des „Deutschen Cheaters“ liegt nun wohl darin, daß seine Regie die
828 2790 2534 2881 Munder dieser „Massenwirkung“ auch dann zu erreichen weiß, wenn sie nur zwei, drei, vier,
832 2831 2536 2907 fünf, sechs oder weniger Akteure ins Treffen schickt. Es fühlt sich jeder einzelne unter ihnen
832 2869 2528 2962 gleichsam von einer unsichtbaren Masse gleichgestimmter Komparsen umgeben, nach denen er sich
829 2910 2534 3003 schen umsieht, wenn er gesprochen hat, und die er ängstlich beobachtet, weil er sich von ihnen
822 2942 2523 3039 beobachtet und beengt und in den Grenzen der ihm gerade noch konzedierten Persönlichkeit fest¬
823 2988 2536 3086 gehalten glaubt. Es wagt keiner „loszulegen“ oder sonstwie aus seinem festumgrenzten Selbst
828 3029 2526 3116 herauszukriechen, weil er sich von der Allgemeinpersönlick keit des darstellerischen Gesamtstils ein¬
819 3069 2524 3154 gezwängt und umschlossen fühlt. So kommt es, daß auch schon zwei, drei, vier Schauspieler, die
825 3095 2511 3195 auf der Bühne verhandeln, wie „Masse“ wirken und den Eindruck wecken, als wären ihre Einzel¬
815 3131 2535 3238 persönlichkeiten von den dicken Konturen der Gesamtpersönlichkeit, der sie gehorchen müssen, um¬
826 3183 2517 3279 flossen und bis zu einem gewünschten Grade an ihrer Ausdehnung gebindert. Man wird an¬
816 3227 2500 3310 Plakatfiguren erinnert, die von centin eterbreiten Schmierlinien umrisen sind, oder Glasbild¬
818 3265 2147 3340 figuren, denen die Bleifassung den Leib und wohl auch die Seele umschnürt.
935 3313 2510 3393 Also: Massenwirkung en miniature, wie gesagt, die hier seltsamer Weise von Einzel¬
806 3343 2514 3437 personen ausgeht, weil der ästhetische Stil ihrer Darstellungsweise sozusagen von einer imagi¬
811 3379 2507 3471 nären Masse, deren Glieder sie zu sein glauben, diktiert wird. Immerhin ein dramaturgisches
811 3417 2523 3512 Stil=Rätsel will mir scheinen, das einmal in der noch nicht geschriebenen „Pfpchologie der modernen
812 3460 1744 3523 Bühnenkunst" Beachtung verlangen und finden wird.
