3484 4384
943 400 1398 491 Telephon 12801.
555 488 1761 573 Alex. Weigl's Unternehmen für Zeitungs-Ausschnitt
1561 531 1757 603 Ausschni
1614 587 1747 681 Nr.
747 565 1431 704 „OBSERVER
452 658 1757 790 I. österr. behördk conc. Bureau für Zeitungsberichte u. Personalnach
672 733 1677 825 Wien, IX/1, Türkenstrasse 17.
857 812 1486 901 - Filiale in Budapest: „Figyelö“
466 880 1780 961 Vertretungen in Berlin, Chicago, Genf, London, Newyork, Paris, Rom, Stoc
465 938 1781 1127 Rescheit anet Dlaeoaee Ga
1020 1074 1808 1227 re A#
481 1186 723 1274 vom:
1007 1311 1371 1415 Ra
957 1556 1612 1645 Breslauer Theaterbrief.
776 1632 1805 1711 (Originalbericht der „Dresdner Kunsi= und Theaterzeitung“.)
1195 1679 1382 1753 (Schluß.)
755 1719 1893 1805 Dagegen war die letzte Première ein großer Kunstgenuß.
679 1776 1887 1837 „Lebendige Stunden“ nennt Arthur Schnitzler, der geistreiche Wiener
667 1833 1887 1897 Autor, sein letztes Werk, vier Einakter. Was er mit diesem
666 1885 1885 1956 Gesamttitel bezweckt dem Publikum klar zu machen, ist ihm nur
672 1926 1053 1995 zum Teil gelungen.
609 1932 673 2000 5
486 1928 603 2008 Für
773 1956 1862 2033 Einzig allein das erste Stück und höchstens noch das darauf¬
677 2006 1889 2084 folgende sind berechtigt zu diesem Titel. Doch das hindert nicht,
545 2050 582 2092 9
673 2066 1883 2147 alle vier Stücke als nicht nur bühnengute, sondern auch litterarisch
541 2110 1123 2179 " 10 wertvolle zu bezeichnen.
762 2160 1891 2218 „Levendige Stunden“, so ist auch der spezielle Titel des ersten
512 2212 1886 2275 Abonne Aktes, sind die Stunden, die der alte Hausdorfer in Erinnerung
503 2249 1881 2332 Abonue an die Tage, die er mit der Hofrätin verlebt, heraufbeschwört, alß
637 2308 887 2370 Del JO—11
508 2318 1747 2400 Inhaltsangabe aller wichtigen Mittheltungen verrrere.
509 2377 1762 2458 blätter (Tagesjournale ausser „Neue Freie Presse“ und „Wiener
514 2405 1760 2489 wodurch eine Uebersicht über das gesammte politische und wirth
521 2444 1747 2527 Leben des In- und Auslandes in drastischer Kürze geboten wird.
513 2490 1548 2589 theilungen werden in Wien um 9 Uhr Früh verschickt.
845 2582 1611 2680 Prospecte gratis und fnanco.
2374 110 2459 161 P
2669 122 3139 176 e
1929 156 3157 231 zu können, sein eigenes Ich, seinen Tichterberuf höher zu stellen
1928 212 3162 281 als das Leben seiner Munter, die ohnehin nicht mehr lange zu
1935 239 2311 300 leben gehabt hätte.
2030 283 3157 363 Da glaubi Hausdörfer, das ihm von der Hofrätin abge¬
1924 330 3163 413 nommene Versprechen lösen zu können, und macht dem Sohne die
1925 380 3169 470 erschütternde Mitteilung, daß seine Mutter freiwillig aus dem
1926 407 3154 498 Leben gegangen und zwar ihrem Kinde zu Liebe. Fassungslos
1929 480 3163 549 steht der Sohn bei diesen Worten, die ihn tief getroffen. Da
1921 525 3153 577 endlich rafft er sich auf und nun verspricht er dem väterlichen
1920 576 3147 649 Freunde, dieses Opfer, wie es nur eine Mutter bringen kann, mit
1920 611 2517 676 allen seinen Kräften zu lohnen.
2025 655 3155 719 Ein Theaterstück in des Wortes wahrer Bedeutung ist dieser
1924 716 3160 788 Einakter nicht, weshalb die Darsteller auch nicht mehr als die
1926 753 3158 836 darin enthaltene Stimmung auslösen können. Nicht mit seinem
1923 815 3153 865 gewohnten Glück zog sich Herr Ziegel (Hausdörfer) aus der
1919 855 3149 935 Affaire und Herr Schlaghammer verwischte vollends die Figur des
1920 881 2109 965 Dichters.
2017 937 3141 1022 In dem zweiten Stücke, „Die Frau mit dem Dolche“, wandelt
1917 1000 3153 1072 Schnitzler wieder einmal auf dem Gebiete der Renaissance. Paula,
1912 1042 3149 1128 die Gattin eines bekannten Schriftstellers, läßt sich von Leonhard den Hof
1914 1090 3153 1164 machen, da sie aber vor dem letzten Schritt der völligen Hingabe,
1921 1143 3146 1219 um die sie Leonhard gebeten, zurückschrickt, teilt sie alles ihrem
1922 1180 3134 1256 Manne mit. Noch einmal vor ihrer Abreise will sie ihrem Lieb¬
1922 1235 3144 1303 haber ein Stelldichein geben und so treffen sich die beiden in der
1915 1281 3137 1352 Gemäldegalerie und zwar vor dem Bildnis eines unbekannten
1912 1303 3134 1399 Malers aus dem 15. Jahrhundert „Die Frau mit dem Dolche“.
1912 1362 3144 1457 Eben dieses Bild gibt Leonhard die Veranlassung, eine starke
1911 1395 3138 1494 Aehnlichkeit zwischen Paula und der Frau auf dem Gemälde zu
1902 1457 3154 1535 konstatieren, und redet sich selbst immer mehr und mehr ein, alles
1912 1511 3139 1586 das schon einmal durchgemacht zu haben, was der Maler auf die
1907 1567 3136 1629 Leinwand gebannt. Um ein bischen auszuruhn, läßt sich Paula
1908 1613 3140 1688 nun auf das Sopha gleiten und nun verwandelt sich die Seene
1909 1649 3140 1724 in ein Maleratelier aus dem Quincenso. Paola, die Gattin des
1917 1695 3132 1756 Malers, war soeben die Geliebte Leonardis, eines Schülers ihres
1894 1756 3136 1804 Mannes. Der Tag bricht an und Pa##a ist wie umgewandelt.
1904 1805 3129 1867 Sehnsüchtig harrt sie der Ankunft des Gatten, um ihm alles zu
1906 1854 3132 1910 verraten. Leonardi beschwört sie, davon abzustehen, oder wenigstens
1909 1886 3133 1964 die ganze Schuld auf ihn zu wälzen. Da naht der Maler.
1909 1939 3134 2010 Paola stürzt ihm entgegen und beichtet alles. Als der erwartete
1903 1976 3136 2066 Zornesausbruch nicht eintritt, erlangt Leonardi von seines Meisters
1909 2030 3130 2106 Hand den Tod, da er alles, nur nicht die Verachtung erträgt.
1905 2077 3129 2154 Doch der Maler rührt sich nicht, da stößt Paola dem Jüngling
1908 2130 3133 2195 den Dolch ins Herz und dabei nimmt sie eine Stellung ein, die
1901 2151 3124 2234 dem Maler für sein angefangenes Bild zum Beenden fehlt. Die
1902 2214 3127 2289 Scene verwandelt sich wieder. Pauline und Leonhard befinden sich
1903 2272 3131 2354 wiedervor dem Gemälde im Museum. Nochmals bittet Leonhard
1876 2344 3113 2431 um Gewährung seiner Bitte. Da ruft ihm Pauline entschlossen
1872 2422 3135 2501 zu: „Ich komme“. Sie weiß, ihr Mann wird sie und Leonhardje
1881 2461 3104 2542 nicht töten, er wird wahrscheinlich daraus ein gutes Theaterstück
1871 2499 2083 2565 schreiben.
1961 2538 3102 2618 Eine ebenso richtig aufgefaßte, moderne, nervöse Frau, als
1870 2589 3105 2664 versesprechende Renaissancedame, war Frl. Illing. Herr Schlag¬
1873 2624 3098 2709 hammer überraschte als feuriger Leonardi und die kleine Rolle,
1874 2684 2471 2755 des Malers spielte Herr Ziegel.
1973 2723 3100 2787 „Die letzten Masken“ betitelt sich das dritte Bild. Ein
1872 2775 3097 2848 sterbender Journalist, der durch die Ungunst der Verhältnisse seinen
1869 2828 3109 2896 wahren Standpunkt im Leben nie verteidigen konnte, will jetzt am
1869 2884 3103 2937 Ende mit seinem Freunde, dem Dichter Weihegast, der zwar
1871 2912 3099 2999 berühmt, jedoch nur durch Reklame und dergleichen geworden,
1877 2963 3100 3017 abrechnen. Er will ihm sagen, daß er schon längst der Lächer¬
1871 3021 3098 3083 lichkeit preisgegeben, und nicht nur sein Dichterruhm, sondern auch
1869 3068 3106 3117 seine Hauseyre sei beschmutzt; denn er (Journalist) war der
1867 3110 3099 3178 Geliebte seiner Frau, die in ihrem Manne auch nicht mehr als
1868 3155 3101 3224 einen Hohlkopf sah. Um dies alles in wirksamer Steigerung dem
1875 3210 3100 3252 Verhaßten entgegenzuschleudern, rät ihm sein Stubengenosse, der
1876 3243 3103 3326 Schauspieler Jackwerth, ein dem Tode geweihter Lungenkranker,
1876 3294 2507 3354 vorher erst eine Probe abzuhalten.
1977 3345 3091 3395 Als nun der Journalist diesem Rate gefolgt und den ganzen
1868 3398 3092 3462 glühenden Zorn und die Verachtung sich von der Seele gesprochen,
1860 3443 3095 3483 erscheint der von dem menschenfreundlichen Anstaltsarzt herbeigerufene
1869 3486 3097 3557 Weihegast und da findet der Sterbende nur noch Worte wey¬
1869 3522 3107 3591 mütigen Abschiedes. „Die letzten Masken“ können als das beste
1859 3581 3098 3639 der vier Einakter gelten, so scharf beobachtet sind die Charaktere¬
1861 3627 3089 3692 und trefflich ist die Milieuschilderung. Das Trifolium, Ziegel,
1861 3662 2921 3729 Marx und Botz, bot ein fein abgetöntes Zusammenspiel.
1958 3721 3078 3788 Den Schluß des Abends machte das Lustspiel „Litteratur“.
1862 3762 3088 3821 Nicht nur die Blässe der Sportjünglinge mit dem sehr beschränkten
1870 3805 3098 3865 Interesse für Sport und die Weiber, sondern auch die sogenannten
1870 3857 3098 3927 „Kaffeehauslitteraten“ bekommen ihre moralischen Hiebe, aber mit
1874 3905 2535 3966 viel satyrischem Humor gemengt, ab.
1951 3951 3094 4019 Vollendet waren die Leistungen Frl. Illings und der Herren
1861 3996 2200 4070 Marx und Botz.
2729 4004 3052 4074 Max Holzer.
