3012 4320
9 64 1207 139 ee ee
9 131 1242 188 Oper „Faust“ und als Cardinal in der „Jüdin“ zeigte, dass
17 170 1235 245 sein schau pielerisches Könren seine gesanglichen Leistungen über¬
10 211 1243 289 wiegt. Die Stimme des Gastes, welche theils den Charaker
20 252 1318 350 des Bosses, theils den des Baritons aufweist, ist in der Mittel¬ ##e
1214 297 1294 341 0.
18 311 1303 388 lage recht angenehm, leider kann man hinsichtlich der Höhe zur
9 369 1333 432 und der Tiefe nicht dasselbe von ihr sagen, wenn schon Um raus.
15 405 1359 506 fang und Stärke befriedigend erscheinen. Am stö endsten wurkt; das
-3 461 1372 546 onein Fehler in der Aussprache, und so hat man denn trotz der  den
-10 516 1246 586 on hefriedigenden schausp elerischen Listungen des Gastes vor einem
16 561 1246 633 Eugagement fü. Graz Abstand genommen. Nebst diesem Gaste
1236 578 1359 650 4 2
-11 604 1257 682 stellten sich uns zwei Damen: Frl. Mary Urban vom Wiener
1719 620 2193 703 — Filiale in Buuaper.
-4 645 1301 750 Hoftheater und Frl. Rosa Klaus, welche bisher an vord ##
1318 665 2673 772 Vertretungen in Berlin, Chicago, Genf, London, Newyork, Paris, Rom, Pe.r¬
-1 707 1294 790 audeutschen Bühnen gewirkt hatte, vor. Frl. Ulban gab die zu
0 755 1237 830 bei „Traute“ in „Rosenmontag“, die „Louie, in „Kabale und
-4 810 1240 874 eil Liebe“ und die „Jane Cye“ in der „Waise von Lowood“,
2146 760 2785 939 Wiener Leten
1315 821 1850 946 Ausschnitt aus:
17 849 1253 923 vermochte aber in keiner dieser Rollen besonderen Beifall zu
27 899 1255 978 erwerben, obwohl sie eine hübsche Bühnenerscheinung, prächtige
32 946 1261 1025 Augen und ein lebhaftes Mienenspiel besitzt. Sie zeigte sich
1341 983 1572 1096 vom:
32 1010 1254 1074 in den temperamentvollen Scenen tüchtiger, als in den senti¬
1550 986 1872 1129 3 1 100 L
21 1046 1257 1117 mentalen Rollen, und dürfte ein tüchtiges, entwicklungsfähiges
31 1102 1260 1175 Talent besitzen, welches sich aber kaum nach der tragischen
24 1137 1255 1234 Seite hin ausbilden wird. Auch bei diesem Gaste wurde vorder¬
29 1190 1253 1284 hand von einem Engagement Abstand genommen. Mehr Aus¬
27 1241 1268 1311 sicht darauf, im kommenden Jahre an den Grazer Bühnen¬
1778 1241 2474 1351 Grazer Kunstbrief.
26 1289 1253 1360 wirken zu kö nen, hat Fel. Rosa Klaus, welche wir im
34 1339 1249 1407 „Johannisfeuer“ als „Trude“ und in „Minna von Barn¬
1495 1327 2853 1410 Drei Gäste waren es in den letzten vierzehn Tagen, welche siche
1385 1397 2846 1448 den Grazern als Competenten um Mitgliedsstellen unseres Theateren¬
32 1388 1260 1472 helm“ els „Frarziska“ sohen. Frl. Klous, eine gebürtige
1388 1447 2844 1507 sembles vorstellten. Der erste Gast, Herr K. Vollmer, welchen wir
36 1423 1309 1516 Wienerin, wel# sich aber in Norddeutschlond jene gewss#
1391 1497 2846 1558 in der Oper „Margarethe“ hörten, besitzt ganz beachtenswerthe schau¬
42 1497 1258 1558 „überdeutsche“ Aussprache angewöhnt hot, die uns an Süd¬
99 1519 1264 1613 utscher, welche hochdeutsch sprechen wollen, so oft störend
1391 1539 2847 1591 spi#erische Fähigkeiten, dürfte jedoch stimmlich für unsere Bühnen kaum¬
92 1582 1263 1655 ntgegentritt, hat unstreitig große schauspielerische Routine und
1384 1583 2845 1664 genügen, da er, wenn schon die Stimme hinsichtlich Stärke und Umfang
74 1629 1275 1705 Verständnis für ihre Aufgaben. Ob sie aber nicht zu sehr das
1391 1642 2844 1692 ausreichend sein dürfte, an einem störenden Lautbildungsfehler leidet,
44 1678 1277 1754 „gemachte“ im Spiel erkennen lätst, vermögen wir heute noch
1385 1694 2839 1757 welcher manche Laute hinsichtlich ihrer Wirkung stark beeinträchtigt. Neben
50 1733 1272 1820 nicht endgiltig zu entscheiden. Uns machte ihr ganzes Spiel
1384 1747 2847 1815 dem Gaste, welcher übrigens beim Publikum ziemlich Beifall fand, wurden
46 1799 1264 1843 entschieden den Eindruck des berechneten und nicht ursprüng¬
1387 1789 2837 1857 Herr Costa als „Faust“ und Frl. v. Rhoden als „Margarethe“.
43 1827 1269 1898 lichen, auch vermissten wir an demselben innere Wärme. Ihr
1391 1829 2849 1898 lebhaft acclamirt. Wenn schon Herr Vollmer in seiner zweiten Partie als
43 1874 1269 1953 nächstes Auftreten in Halbe's „Jugend“ wird ein abschlißen¬
1399 1892 2843 1950 „Cardinal“ in der „Jüdin“ besser entsprach, dürfte die Direction des
52 1921 1274 2008 des Urtheil erwöglichen. Es sei noch bemerkt, dass Frl. Klaus
1389 1936 2835 1989 erwähnten Fehlers halber von einem Engagement dieses Gastes absehen.
49 1965 1279 2060 ein nettes Figürchen und schöne goldblonde Haare besitzt,
1400 1993 2852 2056 Als „Traute“ in „Rosenmontag“ und „Jane Eyre“ in „Waise von
51 2026 1282 2103 welche manchen der Zuseher von vorneherein zu ihren Gunsten
1401 2035 2841 2085 Lowood“ trat uns Frl. Mary Urban vom Wiener Hoftheater als
1395 2082 2843 2147 Gast auf Engagement entgegen. Die Dame besitzt ein ausdrucksvolles
55 2090 480 2160 eingenommen haben.
175 2121 1278 2186 Von den Gastspielen zu den Erstaufführungen über¬
1395 2139 2840 2190 Auge und eine nette Bühnenerscheinung, welche ihr Spiel wirksam unter¬
46 2178 1277 2260 gehend, haben wir in erster Linie des Einacter Quartettes von
1402 2184 2837 2254 stützen und scheint sich in temperamentvollen Rollen besser als im Senti¬
50 2203 1281 2298 Dr. A. Schnitzler zu gedenken, welches uns von unseren
1402 2237 2854 2295 mentalen zu bewegen. Es mangelt ihr keineswegs an Gefühl, doch dürfte
49 2282 1284 2340 gediegenen Kräften in vollendeter Weise vermittelt wurde.
1399 2279 2853 2342 sie kaum berufen erscheinen, unsere treffliche Künstlerin Frl. Richter
56 2315 1280 2400 Ohne auf den bühnenliterarischen Wert der vier Stückchen
1398 2331 2859 2398 zu ersetzen, umsomehr, als sowohl Aussprache, als auch die Töne des
55 2370 1278 2427 tiefer eingehen zu wollen, sei constatiert, dass „die letzten
1410 2372 2885 2459 Affectes von ihr keineswegs richtig beherrscht werden. Mehr Aussicht auf
55 2401 1279 2488 Masken“ ein Einacter, welcher uns ein traurig=komisches Stück
1386 2469 2840 2519 Engagement in Graz dürfte die zweite Gastin, Frl. Rosa Klaus, haben,
68 2471 1284 2527 Spitalsleben und die schematische Behandlung, welcher sich die
1390 2509 2834 2570 welche als „Trude“ in dem Sudermann'schen Schauspiele „Johannisfeuer“.
68 2522 1269 2588 Spitalspatienten von Seite der Aerzte zu erfreuen haben, vor¬
1389 2558 2837 2617 einen entschiedenen Erfolg errang, und der gegenüber sich auch die Grazer
58 2561 1279 2632 führt, das bühnenwirksamste der vier Theaterstücke ist. Dem
1392 2605 2838 2674 Kritik äußerst entgegenkommend benimmt. Frl. Klaus, eine gebürtige
58 2608 1278 2695 zunächst steht „Die Frau mit dem Dolche“, ein occultistisch¬
1401 2647 2879 2723 Wienerin, hat eine sehr empfehlende Erscheinung und reizendes goldblondes#
69 2674 1275 2724 mystisch angehauchter Einacter, welcher uns dieselben handeln¬
1399 2701 2854 2764 Haar, mit welchem sie besonders in der bekannten Nachtscene des er¬
59 2701 1287 2790 den Personen in zwei um Jahrhunderte auseinander liegenden
1391 2750 2843 2802 wähnten Schauspieles recht herausfordernd kokettirte. Wenn schon die Dame
60 2750 1292 2823 Verkö perungen kennen lehrt, so dass man in dem Aulor fast
1397 2802 2847 2865 ein ziemliches Maß schauspielerischer Routine verräth, so machte anderseits
67 2804 1293 2880 einen Anhänger der spiritistischen Reircarnationstheorie ver¬
1403 2867 2855 2915 ihr Spiel doch auch vielfach den Eindruck des Gekünstelten und schienen
65 2847 1300 2915 muthen möchte. Die Scene „Lebendige Stunden“, mit der
1402 2910 2858 2962 uns insbesondere jene Momente, in welchen die Innigkeit und Gemüths¬
71 2904 1303 2977 der Einacter begann, ist nicht mehr als ein dramatisierter Dialos,
1407 2958 2851 3011 wärme zum Ausdrucke kommen soll, einigermaßen von „norddeutscher
64 2950 1294 3022 welcher ziemlich eintönig und langweilig wirkt. Das Läst¬
1399 2999 2853 3050 Kühle“ angehaucht. Vielleicht wird dieses Urtheil einigermaßen modificirt
71 3001 1303 3070 spielchen „Literatur“ endlich, das den Einacterreigen des Abends
1393 3035 2934 3113 werden, wenn wir die Gastin in Halbe's „Jugend“, in welcher sie noch #
70 3065 1292 3114 beschloss, bringt eine Reihe netter, satyrisch angehauchter Scenen,
1400 3095 2155 3163 auftreten soll, gesehen haben werden.
73 3099 1285 3169 in welchen ein töspelhafter Aristokraten=Gigerl und zwei Lite¬
1514 3151 2859 3212 Von Novitäten wurde uns ein Schnitzler'sches Einacter=Quartett
71 3142 1279 3224 raten lächerlich gemacht werden. Dank der wirklich vortreff
1410 3196 2847 3264 „Lebendige Stunden“, „Die Frau mit dem Dolche“, „Die letzten Masken“
68 3212 1288 3272 lichen Leistungen der darstellenden Herren Haid, Felix,
1409 3229 2893 3314 und „Literatur“ geboten. Diese einigermaßen absonderlich — um nicht
79 3249 1295 3327 Mehnert und Marr, sowie des Fräuleins Sussin erzielten
1408 3309 2860 3360 zu sagen grotesk — angehauchten Einacter sind mit Ausnahme der „letzten
73 3301 1300 3363 die Novitäten einen guten äußeren Erfolg, und wurden die
1409 3343 2866 3419 Masken“ von keiner besonderen Bedeutung. Wir behalten uns vor, in
84 3367 1294 3416 Darsteller wiederholt gerufer. Auch die Regie ist zu loben.
1405 3393 2908 3453 einem nächsten Briefe auf deren Inhalt genauer einzugehen, und wollen
208 3414 1302 3456 Als bedingungsweise Novität, nämlich neu einstudiert
1402 3437 2877 3502 heute nur erwähnen, daß von den Mitwirkenden die Herren Mehnert,
82 3443 1304 3520 und neu ausgestattet, gieng am Ostersonntag zum ersten Male
1400 3482 2898 3552 Huid, Marr und Felix, dann Frl. Sussin sehr gute Leistungen
76 3506 1302 3570 das Jule Verne'sche Ausstaitungsstück „Die Reise um die
1413 3549 2878 3608 boten. Zum Schlusse sei noch der Aufführung des neueinstudirten und
88 3542 1306 3606 Erde in achtzig Tagen“ über unsere neue Bühne. Die schöe
1412 3592 2890 3652 neuausgestatteten Verne'schen Zugstückes „Die Reise um die Erde in
80 3591 1305 3672 Ausstattung, welche uns äußerst farbenprächtige Bilder vor¬
1411 3635 2876 3690 80 Tagen“ erwähnt, welches eine glänzende, farbenprächtige Ausstattung
78 3649 1310 3715 führte, erreichte auch ihren Zweck, denn die Aufführung wurde
1478 3686 2724 3772 und sich als Repertoirestück für längere Zeit erhalten dürfte.
80 3683 1315 3764 mit großem Beifalle aufgenommen und helt sich das Stück
2650 3730 2751 3804 G.
94 3747 1308 3808 seither am Repertoire. Außer dem Regissen Herrn Mebus,
87 3787 1307 3857 welcher das schwere Stück Arbeit in gelungener Weise bewäl¬
83 3829 1320 3900 tigte, seien noch die Herren Mödlinger, Kretschmer,
95 3893 1317 3954 Habit, Marr und Mehnert, sowie die Damen Richter,
83 3957 1314 4012 Falkner, Ferron und Hertwig lobend hervorgehoben.
1059 3982 1299 4061 46.
