3532 4384
355 80 2016 172 16.1. Lebendige Stundenzykius
1380 810 2107 897 ausgekostet hätten, daß alles Weitere
1375 856 2107 945 jedoch Konvention und ihrer beider
1380 913 2100 998 nicht würdig wäre; sie scheiden also.
1380 956 2099 1051 Als Mascha, sein Modell, kurz danach
1370 1016 2105 1093 eintritt, erkennt er in ihr, die demütig
1374 1067 2104 1143 zu ihm und zuversichtlicher zu seiner
1376 1105 2096 1183 Kunst emporblickt als er selbst, den
1374 1159 2095 1237 rechten Menschen für die besondere und
1377 1219 2075 1288 ideale Gemeinschaft, die er ersehnt. —
1366 1273 2093 1346 Das Talent Rilkes, von Maeterlinck
1377 1312 2098 1384 — wie schon der Inhalt weist — stark
1369 1353 2081 1434 beeinflußt, bethätigt sich vorwiegend in
1363 1411 2077 1472 der Charakteristik der Zustände des über¬
1363 1451 2089 1529 feinen Malers, freilich weniger durch
1365 1505 2083 1586 dessen Handlungen als durch die sorg¬
1358 1548 2079 1618 fältig analysierenden Selbstbekennt¬
1357 1605 2077 1676 nisse, in dem Abtasten des nervös
1349 1652 2084 1727 Unaussprechlichen in ihm. Hätte der
1355 1711 2089 1774 Verfasser diesen stilisierten Herrn in
1343 1753 2076 1825 die Wirklichkeit hinauszustellen ver¬
1352 1814 2068 1884 mocht und uns den Zwiespalt gezeigt,
1344 1858 2071 1930 in den die feierlich in sich selbst ver¬
1350 1906 2076 1972 wickelte, überzeugte Unnatur dann
1345 1956 2074 2039 schlechterdings hätte geraten müssen,
1405 2001 2071 2081 etwas Tragikomisches wär's viel¬
1337 2036 2068 2125 leicht geworden. So aber hat er die
1343 2093 2070 2172 Umwelt des Helden auf dessen Schnitt
1347 2157 2064 2225 zugerichtet, die Unnatur als das Natür¬
1338 2198 2067 2284 liche aufgefaßt, und da' mußte denn
1336 2246 2056 2319 im Ganzen wohl eine unfreiwillige
1329 2299 2055 2372 Karikatur des „täglichen Lebens,“ eine
1333 2342 2054 2421 künstliche Häufung mehr oder weniger
1333 2388 2043 2460 „tieser“ Ausnahmezustände entstehen.
1369 2446 2054 2524 Von Arthur Schnitzler gab man
1325 2495 2046 2563 im Deutschen Theater vier Einakter. „Le¬
1328 2531 2043 2619 bendige Stunden“ sind in Wahrheit jene,
1313 2580 2039 2657 denen die Kunst Dauer verleiht — sowird
1312 2636 2045 2706 in der ersten Skizze durch ein ziemlich
1313 2678 2038 2762 farbloses Gespräch zweier Leidtragender
1315 2743 2026 2804 erörtert. „Die Frau mit dem Dolche"er¬
1313 2791 2039 2873 weist sich als ein Versuch, das beginnende
1318 2834 2024 2911 Verhältnis einer mondänen Frau zu
1313 2883 2027 2964 dem Liebhaber, den sie in der Bilder¬
1307 2934 2027 3005 gulerie zu treffen pflegt, in mystische Be¬
1297 2986 2017 3061 ziehung mit dem Inhalt eines alten Ge¬
1300 3029 2025 3116 mäldes zu setzen. Dort, im Bilde, so sagt
1304 3067 2034 3155 ein gleichsam als Traum eingeschobenes
1310 3134 2027 3209 Zwischenspiel, ersticht den Liebhaber
1301 3187 2024 3263 die Frau, da der Gatte es zu thun
1291 3223 2021 3327 verschmäht; die That aber hält er auf
1574 3283 1983 3369 2. Januarheft 1902
2173 61 2625 174 box 21/3
