<?xml version="1.0" encoding="UTF-8" standalone="yes"?>
<PcGts xmlns="http://schema.primaresearch.org/PAGE/gts/pagecontent/2013-07-15" xmlns:xsi="http://www.w3.org/2001/XMLSchema-instance" xsi:schemaLocation="http://schema.primaresearch.org/PAGE/gts/pagecontent/2013-07-15 http://schema.primaresearch.org/PAGE/gts/pagecontent/2013-07-15/pagecontent.xsd">
    <Metadata>
        <Creator>prov=University of Rostock/Institute of Mathematics/CITlab/Gundram Leifert/gundram.leifert@uni-rostock.de:name=ONB_Newseye_GT_M1+(htr_id=10810)::::v=2.4.2
prov=University of Rostock/Institute of Mathematics/CITlab/Tobias Gruening/tobias.gruening@uni-rostock.de:name=de.uros.citlab.module.baseline2polygon.B2PSeamMultiOriented:v=2.4.2
prov=University of Rostock/Institute of Mathematics/CITlab/Tobias Gruening/tobias.gruening@uni-rostock.de:name=/mnt/transkribus/LA/DEA/URO/LA_news_onb_att.pb:de.uros.citlab.segmentation.CITlab_LA_ML:v=2.4.2
Transkribus</Creator>
        <Created>2019-10-07T11:34:02.243+02:00</Created>
        <LastChange>2019-10-08T13:47:12.956+02:00</LastChange>
        <TranskribusMetadata docId="223975" pageId="9500667" pageNr="151" tsid="16582533" status="IN_PROGRESS" userId="40391" imgUrl="https://files.transkribus.eu/Get?id=UZJQBHVGWSZPSHQFYOGBNDBF&amp;fileType=view" xmlUrl="https://files.transkribus.eu/Get?id=ITJWNPUGLCCNNDOPWFMCNKVH" imageId="6190889"/>
    </Metadata>
    <Page imageFilename="223975_0151.jpeg" imageWidth="3436" imageHeight="4256">
        <ReadingOrder>
            <OrderedGroup id="ro_1711449735848" caption="Regions reading order">
                <RegionRefIndexed index="0" regionRef="r1"/>
                <RegionRefIndexed index="1" regionRef="r2"/>
                <RegionRefIndexed index="2" regionRef="r3"/>
            </OrderedGroup>
        </ReadingOrder>
        <TextRegion orientation="0.0" id="r1" custom="readingOrder {index:0;}">
            <Coords points="153,961 153,3434 398,3434 398,961"/>
            <TextLine id="r1l1" custom="readingOrder {index:0;}">
                <Coords points="180,1002 209,994 227,1003 245,986 276,996 309,992 321,1003 331,993 372,993 387,1005 403,1001 403,948 344,958 321,947 266,943 233,955 221,943 201,947 180,939"/>
                <Baseline points="190,986 215,984 240,984 266,984 291,985 316,985 342,986 367,985 393,983"/>
                <TextEquiv>
                    <Unicode>die Luxus¬</Unicode>
                </TextEquiv>
            </TextLine>
            <TextLine id="r1l2" custom="readingOrder {index:1;}">
                <Coords points="177,1036 220,1039 230,1050 242,1041 277,1037 306,1049 322,1039 355,1049 406,1044 406,999 363,1006 352,996 320,1002 287,992 260,1004 240,990 226,1005 213,994 177,1005"/>
                <Baseline points="187,1035 213,1033 239,1033 265,1033 291,1033 317,1033 343,1033 369,1033 395,1031"/>
                <TextEquiv>
                    <Unicode>und=Litho¬</Unicode>
                </TextEquiv>
            </TextLine>
            <TextLine id="r1l3" custom="readingOrder {index:2;}">
                <Coords points="180,1090 213,1093 253,1079 293,1096 309,1086 327,1088 344,1100 405,1081 405,1056 323,1039 306,1049 280,1037 222,1048 212,1040 198,1045 190,1036 179,1037"/>
                <Baseline points="190,1084 215,1081 241,1080 266,1080 292,1080 317,1080 343,1080 368,1080 394,1078"/>
                <TextEquiv>
                    <Unicode>he Reichs¬</Unicode>
                </TextEquiv>
            </TextLine>
            <TextLine id="r1l4" custom="readingOrder {index:3;}">
                <Coords points="192,1139 229,1150 245,1143 264,1147 276,1135 295,1140 311,1136 329,1144 342,1134 364,1133 365,1096 302,1099 257,1083 218,1089 212,1095 193,1094"/>
                <Baseline points="202,1127 227,1129 253,1129 278,1130 304,1130 329,1130 355,1132"/>
                <TextEquiv>
                    <Unicode>fträgern.</Unicode>
                </TextEquiv>
            </TextLine>
            <TextLine id="r1l5" custom="readingOrder {index:4;}">
                <Coords points="203,1184 226,1180 240,1194 267,1186 291,1195 320,1170 346,1189 355,1183 369,1189 393,1177 408,1181 408,1146 381,1146 367,1136 351,1134 328,1146 310,1137 289,1141 277,1135 265,1145 204,1147"/>
                <Baseline points="213,1178 239,1176 265,1175 291,1176 318,1176 344,1178 370,1178 397,1176"/>
                <TextEquiv>
                    <Unicode>wie die</Unicode>
                </TextEquiv>
            </TextLine>
            <TextLine id="r1l6" custom="readingOrder {index:5;}">
                <Coords points="189,1242 205,1243 238,1228 253,1241 287,1231 312,1243 343,1227 400,1229 400,1190 388,1192 380,1184 367,1192 320,1180 294,1194 269,1196 251,1186 240,1196 228,1183 189,1179"/>
                <Baseline points="199,1227 226,1226 253,1225 280,1225 307,1226 334,1226 361,1227 389,1227"/>
                <TextEquiv>
                    <Unicode>so doch in</Unicode>
                </TextEquiv>
            </TextLine>
            <TextLine id="r1l7" custom="readingOrder {index:6;}">
                <Coords points="194,1279 213,1275 278,1290 288,1284 309,1288 323,1278 337,1283 350,1275 382,1281 405,1275 406,1226 367,1236 361,1230 334,1248 287,1231 258,1234 252,1241 234,1234 195,1240"/>
                <Baseline points="205,1272 232,1271 259,1271 286,1272 313,1272 340,1272 367,1273 395,1274"/>
                <TextEquiv>
                    <Unicode>trafen in</Unicode>
                </TextEquiv>
            </TextLine>
            <TextLine id="r1l8" custom="readingOrder {index:7;}">
                <Coords points="176,1344 204,1333 223,1335 237,1320 249,1332 306,1321 372,1338 384,1325 402,1323 401,1276 373,1285 326,1278 312,1286 271,1287 209,1278 197,1266 174,1264"/>
                <Baseline points="185,1323 211,1322 237,1320 263,1319 289,1318 315,1317 341,1317 367,1318 393,1321"/>
                <TextEquiv>
                    <Unicode>ig an fest¬</Unicode>
                </TextEquiv>
            </TextLine>
            <TextLine id="r1l9" custom="readingOrder {index:8;}">
                <Coords points="173,1383 253,1370 308,1382 347,1372 402,1377 403,1322 356,1335 342,1325 323,1339 297,1320 256,1332 238,1321 215,1335 174,1330"/>
                <Baseline points="184,1365 210,1365 236,1365 262,1365 288,1365 314,1365 340,1366 366,1368 392,1369"/>
                <TextEquiv>
                    <Unicode>um Wirken</Unicode>
                </TextEquiv>
            </TextLine>
            <TextLine id="r1l10" custom="readingOrder {index:9;}">
                <Coords points="176,1418 191,1419 195,1423 215,1419 225,1425 236,1417 254,1422 262,1430 276,1428 277,1375 261,1377 253,1371 224,1376 220,1372 210,1372 206,1376 198,1374 187,1384 177,1384"/>
                <Baseline points="186,1414 212,1411 239,1413 266,1414"/>
                <TextEquiv>
                    <Unicode>Arter</Unicode>
                </TextEquiv>
            </TextLine>
            <TextLine id="r1l11" custom="readingOrder {index:10;}">
                <Coords points="286,1414 305,1418 319,1432 335,1432 346,1422 356,1424 362,1420 370,1425 374,1420 403,1417 403,1380 387,1378 377,1382 358,1373 346,1373 342,1377 321,1373 311,1381 305,1377 287,1377"/>
                <Baseline points="297,1416 328,1415 360,1415 392,1417"/>
                <TextEquiv>
                    <Unicode>von</Unicode>
                </TextEquiv>
            </TextLine>
            <TextLine id="r1l12" custom="readingOrder {index:11;}">
                <Coords points="182,1470 246,1467 252,1473 274,1465 323,1472 331,1480 352,1472 362,1479 389,1477 389,1428 375,1430 361,1419 334,1433 316,1433 293,1416 267,1418 252,1432 234,1432 207,1418 183,1419"/>
                <Baseline points="193,1461 219,1460 246,1459 272,1460 299,1461 325,1461 352,1462 379,1461"/>
                <TextEquiv>
                    <Unicode>nuartagen</Unicode>
                </TextEquiv>
            </TextLine>
            <TextLine id="r1l13" custom="readingOrder {index:12;}">
                <Coords points="260,1516 317,1519 323,1515 331,1520 342,1516 366,1531 385,1515 395,1515 396,1476 373,1474 363,1478 353,1471 343,1477 328,1477 310,1468 282,1469 275,1465 261,1469"/>
                <Baseline points="270,1507 298,1508 327,1509 355,1510 384,1509"/>
                <TextEquiv>
                    <Unicode>Menge</Unicode>
                </TextEquiv>
            </TextLine>
            <TextLine id="r1l14" custom="readingOrder {index:13;}">
                <Coords points="182,1562 207,1572 234,1562 276,1572 295,1554 334,1569 395,1561 395,1526 354,1528 338,1515 328,1524 316,1517 267,1521 250,1515 238,1527 213,1527 199,1513 183,1517"/>
                <Baseline points="193,1558 220,1556 247,1556 274,1556 302,1556 329,1557 356,1558 384,1557"/>
                <TextEquiv>
                    <Unicode>immer eine</Unicode>
                </TextEquiv>
            </TextLine>
            <TextLine id="r1l15" custom="readingOrder {index:14;}">
                <Coords points="172,1603 201,1614 264,1608 290,1619 307,1609 323,1623 356,1614 372,1626 391,1626 391,1565 336,1570 320,1564 297,1576 256,1561 172,1575"/>
                <Baseline points="182,1603 210,1604 238,1604 266,1603 295,1603 323,1604 351,1605 380,1607"/>
                <TextEquiv>
                    <Unicode>denen man</Unicode>
                </TextEquiv>
            </TextLine>
            <TextLine id="r1l16" custom="readingOrder {index:15;}">
                <Coords points="174,1668 211,1672 227,1659 260,1671 279,1660 291,1672 336,1672 373,1659 395,1667 394,1613 362,1620 327,1612 317,1619 247,1610 206,1614 173,1605"/>
                <Baseline points="185,1659 210,1657 235,1654 260,1654 285,1653 310,1653 335,1654 360,1654 385,1655"/>
                <TextEquiv>
                    <Unicode>zusammen.</Unicode>
                </TextEquiv>
            </TextLine>
            <TextLine id="r1l17" custom="readingOrder {index:16;}">
                <Coords points="197,1703 250,1712 291,1702 318,1721 334,1707 402,1704 402,1673 378,1661 359,1665 351,1660 339,1668 271,1663 247,1669 231,1660 198,1666"/>
                <Baseline points="207,1700 233,1699 259,1700 286,1700 312,1701 339,1702 365,1702 392,1701"/>
                <TextEquiv>
                    <Unicode>das zum</Unicode>
                </TextEquiv>
            </TextLine>
            <TextLine id="r1l18" custom="readingOrder {index:17;}">
                <Coords points="165,1765 187,1765 199,1754 228,1754 253,1766 287,1764 306,1754 396,1754 396,1707 375,1713 349,1707 318,1721 291,1705 261,1721 244,1707 191,1709 165,1699"/>
                <Baseline points="175,1748 201,1748 227,1748 253,1748 280,1748 306,1748 332,1748 358,1748 385,1747"/>
                <TextEquiv>
                    <Unicode>ungöfonds</Unicode>
                </TextEquiv>
            </TextLine>
            <TextLine id="r1l19" custom="readingOrder {index:18;}">
                <Coords points="175,1800 205,1811 215,1803 232,1810 256,1804 268,1816 301,1800 332,1813 342,1803 365,1801 381,1816 397,1812 398,1755 306,1753 253,1767 200,1754 175,1768"/>
                <Baseline points="185,1796 210,1796 235,1796 261,1796 286,1797 311,1797 337,1798 362,1798 388,1799"/>
                <TextEquiv>
                    <Unicode>Haupttheil</Unicode>
                </TextEquiv>
            </TextLine>
            <TextLine id="r1l20" custom="readingOrder {index:19;}">
                <Coords points="184,1853 266,1849 274,1858 304,1864 323,1851 335,1861 345,1855 357,1862 389,1844 409,1846 410,1816 379,1815 363,1802 345,1802 332,1814 304,1799 279,1811 253,1802 228,1814 218,1805 205,1811 185,1802"/>
                <Baseline points="194,1841 219,1842 245,1842 270,1842 296,1842 321,1843 347,1844 372,1845 398,1847"/>
                <TextEquiv>
                    <Unicode>Bandelhalle</Unicode>
                </TextEquiv>
            </TextLine>
            <TextLine id="r1l21" custom="readingOrder {index:20;}">
                <Coords points="183,1895 210,1900 220,1892 232,1905 267,1898 277,1909 339,1899 396,1909 398,1854 383,1849 371,1859 359,1852 342,1858 332,1849 303,1865 248,1848 185,1848"/>
                <Baseline points="193,1890 220,1889 248,1889 275,1889 303,1891 330,1893 358,1894 386,1895"/>
                <TextEquiv>
                    <Unicode>e in den</Unicode>
                </TextEquiv>
            </TextLine>
            <TextLine id="r1l22" custom="readingOrder {index:21;}">
                <Coords points="163,1947 182,1943 190,1951 218,1947 231,1954 255,1942 278,1956 296,1942 331,1953 358,1943 388,1945 389,1909 348,1906 340,1898 329,1908 301,1903 293,1910 266,1897 239,1907 221,1892 209,1902 188,1894 164,1900"/>
                <Baseline points="173,1939 198,1937 224,1936 250,1935 276,1936 301,1936 327,1937 353,1939 379,1941"/>
                <TextEquiv>
                    <Unicode>Ffeierte man</Unicode>
                </TextEquiv>
            </TextLine>
            <TextLine id="r1l23" custom="readingOrder {index:22;}">
                <Coords points="170,1992 223,1994 235,2003 266,1991 334,1992 342,2000 360,1992 387,1996 405,1990 406,1943 365,1947 354,1957 305,1942 283,1952 240,1946 232,1954 226,1947 189,1951 170,1943"/>
                <Baseline points="180,1986 206,1985 233,1985 260,1986 287,1986 313,1987 340,1988 367,1987 394,1986"/>
                <TextEquiv>
                    <Unicode>der herliner</Unicode>
                </TextEquiv>
            </TextLine>
            <TextLine id="r1l24" custom="readingOrder {index:23;}">
                <Coords points="165,2040 182,2039 194,2049 219,2037 266,2040 276,2048 292,2039 327,2040 337,2050 349,2038 362,2046 406,2022 406,1985 383,1996 271,1990 246,2003 214,1996 206,2004 164,1989"/>
                <Baseline points="176,2040 203,2035 231,2034 258,2033 286,2034 313,2034 341,2034 368,2033 396,2029"/>
                <TextEquiv>
                    <Unicode>gen Lands¬</Unicode>
                </TextEquiv>
            </TextLine>
            <TextLine id="r1l25" custom="readingOrder {index:24;}">
                <Coords points="167,2100 216,2087 228,2095 255,2089 277,2096 290,2088 330,2098 341,2088 367,2099 392,2097 392,2050 364,2050 354,2039 327,2053 290,2040 276,2049 266,2040 243,2038 218,2052 167,2039"/>
                <Baseline points="177,2083 202,2080 228,2079 253,2080 279,2081 304,2082 330,2083 355,2083 381,2080"/>
                <TextEquiv>
                    <Unicode>Heater zum</Unicode>
                </TextEquiv>
            </TextLine>
            <TextLine id="r1l26" custom="readingOrder {index:25;}">
                <Coords points="163,2151 262,2143 294,2150 315,2148 327,2136 370,2140 384,2128 397,2130 397,2098 362,2099 346,2089 330,2099 305,2091 287,2099 270,2092 233,2098 217,2086 178,2100 164,2096"/>
                <Baseline points="173,2128 199,2127 226,2127 253,2127 280,2127 306,2127 333,2128 360,2129 387,2129"/>
                <TextEquiv>
                    <Unicode>tler unter</Unicode>
                </TextEquiv>
            </TextLine>
            <TextLine id="r1l27" custom="readingOrder {index:26;}">
                <Coords points="168,2194 193,2184 213,2196 227,2185 287,2182 293,2189 313,2182 342,2186 360,2200 377,2198 397,2189 397,2146 376,2136 331,2137 274,2123 259,2132 225,2128 196,2147 168,2149"/>
                <Baseline points="178,2176 204,2175 230,2175 256,2174 282,2174 308,2173 334,2173 360,2173 386,2174"/>
                <TextEquiv>
                    <Unicode>jugend nicht</Unicode>
                </TextEquiv>
            </TextLine>
            <TextLine id="r1l28" custom="readingOrder {index:27;}">
                <Coords points="160,2231 179,2230 187,2234 191,2231 228,2228 232,2232 249,2225 259,2225 260,2197 239,2198 228,2185 211,2197 197,2184 191,2186 177,2177 163,2176"/>
                <Baseline points="170,2219 196,2221 222,2221 248,2223"/>
                <TextEquiv>
                    <Unicode>ne.</Unicode>
                </TextEquiv>
            </TextLine>
            <TextLine id="r1l29" custom="readingOrder {index:28;}">
                <Coords points="183,2283 199,2280 214,2288 251,2278 263,2288 310,2268 332,2287 353,2278 359,2283 386,2277 386,2242 365,2246 333,2227 282,2235 271,2229 183,2230"/>
                <Baseline points="194,2271 219,2272 245,2272 271,2271 297,2271 323,2272 349,2272 375,2274"/>
                <TextEquiv>
                    <Unicode>Feste be¬</Unicode>
                </TextEquiv>
            </TextLine>
            <TextLine id="r1l30" custom="readingOrder {index:29;}">
                <Coords points="175,2324 189,2322 212,2341 243,2326 267,2326 290,2340 308,2328 322,2342 337,2334 351,2338 369,2327 392,2327 392,2276 332,2287 302,2275 265,2289 246,2281 236,2287 175,2283"/>
                <Baseline points="186,2324 214,2323 242,2322 270,2321 298,2321 326,2321 354,2322 382,2324"/>
                <TextEquiv>
                    <Unicode>gewefenen</Unicode>
                </TextEquiv>
            </TextLine>
            <TextLine id="r1l31" custom="readingOrder {index:30;}">
                <Coords points="197,2377 216,2379 226,2372 252,2383 279,2382 310,2368 340,2382 353,2374 367,2379 378,2371 398,2372 399,2339 338,2333 321,2342 307,2329 287,2335 256,2326 234,2331 215,2345 199,2342"/>
                <Baseline points="207,2367 233,2365 259,2365 285,2368 311,2371 337,2372 363,2371 389,2367"/>
                <TextEquiv>
                    <Unicode>ein ge¬</Unicode>
                </TextEquiv>
            </TextLine>
            <TextLine id="r1l32" custom="readingOrder {index:31;}">
                <Coords points="149,2416 207,2428 241,2420 268,2432 278,2424 292,2437 319,2424 352,2435 387,2433 387,2371 332,2382 309,2369 256,2385 237,2373 207,2379 186,2377 170,2363 150,2367"/>
                <Baseline points="159,2412 186,2414 213,2414 240,2414 267,2414 294,2414 321,2413 348,2414 376,2415"/>
                <TextEquiv>
                    <Unicode>te, welche</Unicode>
                </TextEquiv>
            </TextLine>
            <TextLine id="r1l33" custom="readingOrder {index:32;}">
                <Coords points="175,2469 191,2473 212,2462 252,2476 263,2472 273,2481 300,2467 317,2482 330,2471 355,2467 371,2480 391,2477 394,2422 375,2419 352,2435 324,2423 272,2430 242,2420 230,2428 177,2422"/>
                <Baseline points="185,2460 213,2460 241,2461 269,2461 297,2463 325,2464 353,2465 381,2468"/>
                <TextEquiv>
                    <Unicode>r von den</Unicode>
                </TextEquiv>
            </TextLine>
            <TextLine id="r1l34" custom="readingOrder {index:33;}">
                <Coords points="208,2510 247,2517 269,2535 292,2517 319,2514 345,2527 363,2519 400,2533 402,2476 371,2481 355,2468 314,2477 296,2468 275,2482 230,2468 210,2473"/>
                <Baseline points="218,2507 246,2507 275,2507 304,2507 332,2509 361,2511 390,2513"/>
                <TextEquiv>
                    <Unicode>dort im</Unicode>
                </TextEquiv>
            </TextLine>
            <TextLine id="r1l35" custom="readingOrder {index:34;}">
                <Coords points="149,2555 212,2584 233,2566 257,2567 270,2557 286,2570 319,2576 335,2566 388,2584 390,2527 370,2520 343,2525 306,2514 261,2535 213,2504 179,2519 151,2506"/>
                <Baseline points="160,2555 187,2556 214,2557 242,2558 269,2558 296,2559 324,2560 351,2562 379,2564"/>
                <TextEquiv>
                    <Unicode>chten hört,</Unicode>
                </TextEquiv>
            </TextLine>
            <TextLine id="r1l36" custom="readingOrder {index:35;}">
                <Coords points="221,2614 231,2614 239,2623 264,2615 305,2620 321,2613 342,2626 352,2618 366,2628 376,2622 395,2625 396,2566 351,2577 335,2566 324,2576 312,2567 288,2571 274,2560 255,2568 223,2563"/>
                <Baseline points="231,2604 256,2602 282,2602 307,2603 333,2604 358,2605 384,2607"/>
                <TextEquiv>
                    <Unicode>sondern</Unicode>
                </TextEquiv>
            </TextLine>
            <TextLine id="r1l37" custom="readingOrder {index:36;}">
                <Coords points="162,2662 195,2667 205,2659 213,2666 246,2660 254,2669 291,2653 324,2673 338,2661 373,2670 387,2666 389,2621 366,2629 340,2614 289,2612 247,2622 223,2604 188,2620 164,2615"/>
                <Baseline points="172,2650 197,2652 223,2654 249,2654 275,2654 300,2654 326,2655 352,2656 378,2659"/>
                <TextEquiv>
                    <Unicode>delt. Da¬</Unicode>
                </TextEquiv>
            </TextLine>
            <TextLine id="r1l38" custom="readingOrder {index:37;}">
                <Coords points="193,2719 211,2726 224,2714 260,2721 269,2713 306,2713 314,2707 350,2719 385,2712 387,2667 350,2665 323,2672 312,2660 307,2664 289,2655 258,2668 238,2659 224,2659 209,2670 195,2668"/>
                <Baseline points="204,2697 232,2700 261,2700 289,2701 318,2701 346,2703 375,2706"/>
                <TextEquiv>
                    <Unicode>all seinen</Unicode>
                </TextEquiv>
            </TextLine>
            <TextLine id="r1l39" custom="readingOrder {index:38;}">
                <Coords points="142,2760 158,2762 171,2757 193,2757 203,2768 208,2764 212,2768 218,2764 232,2767 233,2726 225,2726 219,2721 211,2725 195,2712 188,2716 176,2712 158,2697 144,2697"/>
                <Baseline points="153,2750 188,2750 223,2752"/>
                <TextEquiv>
                    <Unicode>n,</Unicode>
                </TextEquiv>
            </TextLine>
            <TextLine id="r1l40" custom="readingOrder {index:39;}">
                <Coords points="248,2747 259,2747 272,2762 299,2757 317,2763 338,2757 356,2767 379,2758 397,2767 399,2730 371,2720 346,2715 338,2719 314,2707 306,2713 285,2710 260,2721 250,2720"/>
                <Baseline points="258,2751 283,2749 309,2750 335,2752 361,2754 387,2756"/>
                <TextEquiv>
                    <Unicode>seinen</Unicode>
                </TextEquiv>
            </TextLine>
            <TextLine id="r1l41" custom="readingOrder {index:40;}">
                <Coords points="156,2803 184,2804 206,2817 258,2804 294,2826 321,2806 364,2814 383,2804 397,2809 398,2782 383,2782 339,2758 271,2762 257,2747 218,2769 193,2768 184,2757 157,2758"/>
                <Baseline points="166,2797 193,2796 221,2796 248,2795 276,2796 303,2796 331,2798 358,2801 386,2805"/>
                <TextEquiv>
                    <Unicode>nem Lotto,</Unicode>
                </TextEquiv>
            </TextLine>
            <TextLine id="r1l42" custom="readingOrder {index:41;}">
                <Coords points="149,2854 243,2851 268,2864 296,2857 317,2865 331,2853 356,2862 395,2846 395,2809 346,2812 330,2804 289,2826 258,2805 207,2816 187,2805 150,2803"/>
                <Baseline points="160,2844 188,2845 216,2846 244,2846 272,2846 300,2847 328,2847 356,2848 384,2849"/>
                <TextEquiv>
                    <Unicode>igend, das</Unicode>
                </TextEquiv>
            </TextLine>
            <TextLine id="r1l43" custom="readingOrder {index:42;}">
                <Coords points="167,2896 220,2907 234,2900 310,2898 336,2906 351,2902 361,2911 390,2906 392,2859 378,2854 322,2866 296,2854 275,2865 245,2851 169,2852"/>
                <Baseline points="178,2887 203,2889 228,2889 253,2891 279,2891 304,2893 329,2895 354,2896 380,2899"/>
                <TextEquiv>
                    <Unicode>Stimmung</Unicode>
                </TextEquiv>
            </TextLine>
            <TextLine id="r1l44" custom="readingOrder {index:43;}">
                <Coords points="149,2955 172,2958 191,2946 227,2950 238,2942 252,2949 262,2941 278,2954 350,2950 372,2959 402,2942 403,2916 378,2906 360,2910 299,2897 240,2928 192,2899 172,2905 152,2896"/>
                <Baseline points="160,2937 185,2940 211,2940 236,2941 262,2941 287,2941 313,2942 338,2943 364,2946 390,2951"/>
                <TextEquiv>
                    <Unicode>sein. Graf</Unicode>
                </TextEquiv>
            </TextLine>
            <TextLine id="r1l45" custom="readingOrder {index:44;}">
                <Coords points="153,2996 171,3005 196,2995 204,3002 270,2997 302,3009 317,3001 333,3006 341,2998 368,3003 393,2995 394,2964 322,2950 279,2955 261,2942 253,2948 237,2943 222,2955 210,2947 154,2959"/>
                <Baseline points="164,2986 191,2987 218,2988 246,2988 273,2988 300,2988 328,2989 355,2992 383,2996"/>
                <TextEquiv>
                    <Unicode>evalistischen</Unicode>
                </TextEquiv>
            </TextLine>
            <TextLine id="r1l46" custom="readingOrder {index:45;}">
                <Coords points="160,3059 191,3046 248,3056 304,3033 350,3065 358,3057 382,3072 397,3070 399,3001 317,3000 302,3008 229,2996 161,3006"/>
                <Baseline points="170,3035 197,3036 224,3037 251,3037 279,3039 306,3039 333,3040 360,3041 388,3041"/>
                <TextEquiv>
                    <Unicode>nachts mit</Unicode>
                </TextEquiv>
            </TextLine>
            <TextLine id="r1l47" custom="readingOrder {index:46;}">
                <Coords points="158,3142 185,3140 211,3157 238,3139 312,3150 322,3142 338,3151 351,3143 383,3147 384,3078 343,3096 306,3091 267,3101 249,3088 237,3096 214,3088 206,3094 180,3089 159,3099"/>
                <Baseline points="169,3132 194,3132 220,3131 245,3131 271,3132 297,3132 322,3133 348,3134 374,3135"/>
                <TextEquiv>
                    <Unicode>abgelauschte</Unicode>
                </TextEquiv>
            </TextLine>
            <TextLine id="r1l48" custom="readingOrder {index:47;}">
                <Coords points="157,3200 215,3180 235,3193 255,3187 274,3194 282,3186 319,3195 331,3189 345,3199 364,3191 374,3198 396,3188 397,3145 385,3143 373,3153 363,3142 344,3150 264,3140 207,3148 158,3138"/>
                <Baseline points="168,3181 195,3180 222,3180 249,3180 277,3180 304,3181 331,3182 358,3183 386,3185"/>
                <TextEquiv>
                    <Unicode>fte Dramen</Unicode>
                </TextEquiv>
            </TextLine>
            <TextLine id="r1l49" custom="readingOrder {index:48;}">
                <Coords points="151,3233 183,3235 198,3246 216,3236 228,3244 234,3238 259,3244 267,3236 308,3245 318,3237 369,3239 396,3229 397,3190 382,3186 339,3198 319,3188 239,3193 215,3182 169,3200 151,3198"/>
                <Baseline points="162,3226 189,3229 217,3230 245,3230 273,3230 301,3230 329,3229 357,3230 385,3232"/>
                <TextEquiv>
                    <Unicode>und fesselnd</Unicode>
                </TextEquiv>
            </TextLine>
            <TextLine id="r1l50" custom="readingOrder {index:49;}">
                <Coords points="148,3292 189,3293 206,3281 230,3285 243,3277 269,3294 341,3281 392,3293 393,3250 368,3251 348,3236 307,3244 270,3235 241,3243 149,3233"/>
                <Baseline points="158,3275 186,3276 214,3277 242,3277 270,3277 298,3278 326,3278 354,3279 382,3281"/>
                <TextEquiv>
                    <Unicode>chen feinen,</Unicode>
                </TextEquiv>
            </TextLine>
            <TextLine id="r1l51" custom="readingOrder {index:50;}">
                <Coords points="152,3340 174,3343 209,3331 235,3344 262,3332 270,3340 287,3328 307,3337 344,3331 372,3338 393,3334 394,3295 355,3284 271,3297 243,3278 226,3290 204,3282 191,3292 152,3293"/>
                <Baseline points="162,3323 189,3324 217,3323 244,3323 272,3323 300,3324 327,3324 355,3326 383,3328"/>
                <TextEquiv>
                    <Unicode>hnlagt, reich</Unicode>
                </TextEquiv>
            </TextLine>
            <TextLine id="r1l52" custom="readingOrder {index:51;}">
                <Coords points="162,3377 240,3380 252,3389 273,3379 313,3386 338,3377 377,3393 391,3391 393,3340 362,3337 350,3345 338,3332 327,3338 287,3328 270,3340 252,3333 235,3345 207,3330 164,3341"/>
                <Baseline points="172,3369 198,3370 224,3370 250,3371 277,3371 303,3372 329,3373 355,3375 382,3377"/>
                <TextEquiv>
                    <Unicode>beobachtet,</Unicode>
                </TextEquiv>
            </TextLine>
            <TextLine id="r1l53" custom="readingOrder {index:52;}">
                <Coords points="151,3453 196,3437 225,3444 233,3436 290,3435 308,3454 350,3436 399,3439 397,3387 377,3395 349,3378 303,3388 291,3380 279,3388 273,3381 246,3387 152,3375"/>
                <Baseline points="162,3419 187,3420 212,3421 237,3422 262,3422 287,3422 312,3423 337,3423 362,3423 388,3423"/>
                <TextEquiv>
                    <Unicode>iese neuesten</Unicode>
                </TextEquiv>
            </TextLine>
            <TextEquiv>
                <Unicode>die Luxus¬
und=Litho¬
he Reichs¬
fträgern.
wie die
so doch in
trafen in
ig an fest¬
um Wirken
Arter
von
nuartagen
Menge
immer eine
denen man
zusammen.
das zum
ungöfonds
Haupttheil
Bandelhalle
e in den
Ffeierte man
der herliner
gen Lands¬
Heater zum
tler unter
jugend nicht
ne.
Feste be¬
gewefenen
ein ge¬
te, welche
r von den
dort im
chten hört,
sondern
delt. Da¬
all seinen
n,
seinen
nem Lotto,
igend, das
Stimmung
sein. Graf
evalistischen
nachts mit
abgelauschte
fte Dramen
und fesselnd
chen feinen,
hnlagt, reich
beobachtet,
iese neuesten</Unicode>
            </TextEquiv>
        </TextRegion>
        <TextRegion orientation="0.0" id="r2" custom="readingOrder {index:1;}">
            <Coords points="334,140 334,3448 1969,3448 1969,140"/>
            <TextLine id="r2l1" custom="readingOrder {index:0;}">
                <Coords points="323,195 1980,221 1981,154 1849,121 1565,185 1388,124 671,112 578,157 325,117"/>
                <Baseline points="334,162 415,169 497,175 579,180 661,184 742,187 824,190 906,192 988,193 1069,195 1151,195 1233,196 1315,196 1396,197 1478,197 1560,198 1642,199 1723,200 1805,202 1887,204 1969,207"/>
                <TextEquiv>
                    <Unicode>16.1. Lebendige Stunden zyklus</Unicode>
                </TextEquiv>
            </TextLine>
            <TextLine id="r2l2" custom="readingOrder {index:1;}">
                <Coords points="408,998 1717,1014 1703,940 408,947"/>
                <Baseline points="418,986 482,988 546,989 611,990 675,991 740,992 804,992 868,993 933,993 997,994 1062,994 1126,994 1190,995 1255,995 1319,996 1384,996 1448,997 1512,998 1577,999 1641,1000 1706,1001"/>
                <TextEquiv>
                    <Unicode>vier — ob auch so manches in ihnen uns befremdlich und seltsam</Unicode>
                </TextEquiv>
            </TextLine>
            <TextLine id="r2l3" custom="readingOrder {index:2;}">
                <Coords points="417,1035 1676,1069 1728,1018 417,1006"/>
                <Baseline points="426,1038 490,1038 555,1039 619,1040 684,1040 749,1041 813,1041 878,1042 942,1042 1007,1043 1072,1044 1136,1044 1201,1045 1265,1045 1330,1046 1394,1047 1459,1048 1524,1049 1588,1050 1653,1051 1718,1052"/>
                <TextEquiv>
                    <Unicode>anmuthet — können diese Meinung von ihrem Verfasser nur</Unicode>
                </TextEquiv>
            </TextLine>
            <TextLine id="r2l4" custom="readingOrder {index:3;}">
                <Coords points="410,1092 445,1090 469,1103 500,1091 545,1089 568,1102 586,1090 623,1098 635,1088 664,1087 664,1056 640,1041 617,1047 609,1041 597,1053 564,1057 548,1044 458,1039 411,1055"/>
                <Baseline points="420,1083 446,1083 472,1083 498,1083 524,1083 550,1083 576,1083 602,1084 628,1085 654,1086"/>
                <TextEquiv>
                    <Unicode>bestätigen.</Unicode>
                </TextEquiv>
            </TextLine>
            <TextLine id="r2l5" custom="readingOrder {index:4;}">
                <Coords points="491,1128 1728,1154 1728,1103 1561,1078 1477,1108 1406,1078 491,1091"/>
                <Baseline points="500,1128 560,1128 621,1128 682,1129 743,1129 804,1130 865,1131 926,1131 987,1132 1048,1133 1109,1134 1169,1135 1230,1136 1291,1138 1352,1138 1413,1140 1474,1141 1535,1142 1596,1142 1657,1143 1718,1144"/>
                <TextEquiv>
                    <Unicode>Der erste und kleinste dieser Einacter, der den Specialtitel</Unicode>
                </TextEquiv>
            </TextLine>
            <TextLine id="r2l6" custom="readingOrder {index:5;}">
                <Coords points="421,1189 1658,1208 1715,1202 1716,1155 421,1144"/>
                <Baseline points="432,1179 495,1179 559,1179 623,1180 686,1180 750,1181 814,1182 877,1182 941,1183 1005,1184 1069,1185 1132,1186 1196,1187 1260,1187 1323,1188 1387,1189 1451,1189 1514,1190 1578,1190 1642,1190 1706,1190"/>
                <TextEquiv>
                    <Unicode>„Lebendige Stunden" führt, besteht nur aus dem Gespräch eines</Unicode>
                </TextEquiv>
            </TextLine>
            <TextLine id="r2l7" custom="readingOrder {index:6;}">
                <Coords points="409,1231 1726,1238 1565,1194 409,1186"/>
                <Baseline points="420,1228 484,1228 549,1228 614,1228 679,1228 744,1228 808,1229 873,1229 938,1230 1003,1231 1068,1232 1132,1233 1197,1234 1262,1235 1327,1236 1392,1236 1456,1237 1521,1238 1586,1238 1651,1238 1716,1238"/>
                <TextEquiv>
                    <Unicode>pensionirten correcten alten Beamten und Gartenfreundes, der im</Unicode>
                </TextEquiv>
            </TextLine>
            <TextLine id="r2l8" custom="readingOrder {index:7;}">
                <Coords points="414,1278 1720,1305 1721,1253 414,1238"/>
                <Baseline points="424,1273 488,1274 552,1275 616,1276 681,1276 745,1277 809,1278 874,1278 938,1279 1002,1279 1067,1280 1131,1280 1195,1281 1259,1281 1324,1282 1388,1283 1452,1284 1517,1285 1581,1286 1645,1287 1710,1289"/>
                <TextEquiv>
                    <Unicode>tiefsten, innig fühlenden Herzen getroffen und erschüttert ist durch</Unicode>
                </TextEquiv>
            </TextLine>
            <TextLine id="r2l9" custom="readingOrder {index:8;}">
                <Coords points="417,1332 1707,1356 1720,1301 417,1281"/>
                <Baseline points="428,1320 492,1321 556,1321 620,1322 684,1323 748,1324 812,1324 876,1325 940,1325 1004,1326 1069,1327 1133,1327 1197,1328 1261,1329 1325,1329 1389,1330 1453,1331 1517,1332 1581,1333 1645,1334 1710,1335"/>
                <TextEquiv>
                    <Unicode>den Tod seiner über alles geliebten, seit Jahren schwer leidend</Unicode>
                </TextEquiv>
            </TextLine>
            <TextLine id="r2l10" custom="readingOrder {index:9;}">
                <Coords points="417,1375 1716,1393 1665,1339 1563,1331 418,1332"/>
                <Baseline points="428,1368 491,1368 555,1369 619,1369 683,1369 747,1370 811,1370 875,1371 939,1371 1003,1372 1067,1372 1130,1373 1194,1374 1258,1374 1322,1375 1386,1376 1450,1378 1514,1379 1578,1381 1642,1383 1706,1385"/>
                <TextEquiv>
                    <Unicode>gewesenen Gattin, mit deren Sohn aus erster Ehe, einem Dichter,</Unicode>
                </TextEquiv>
            </TextLine>
            <TextLine id="r2l11" custom="readingOrder {index:10;}">
                <Coords points="420,1427 1689,1444 1727,1389 420,1378"/>
                <Baseline points="431,1416 495,1417 559,1418 623,1418 688,1419 752,1419 816,1419 880,1420 945,1420 1009,1420 1073,1420 1137,1421 1202,1421 1266,1422 1330,1423 1394,1424 1459,1425 1523,1426 1587,1428 1651,1430 1716,1432"/>
                <TextEquiv>
                    <Unicode>den jenes qualvolle Leiden der Mutter um alle Arbeitsfähigkeit</Unicode>
                </TextEquiv>
            </TextLine>
            <TextLine id="r2l12" custom="readingOrder {index:11;}">
                <Coords points="413,1466 1701,1503 1718,1433 413,1435"/>
                <Baseline points="424,1461 488,1462 552,1463 616,1464 680,1464 745,1465 809,1466 873,1466 937,1467 1001,1467 1066,1468 1130,1468 1194,1469 1258,1470 1322,1471 1387,1472 1451,1473 1515,1475 1579,1476 1643,1478 1708,1481"/>
                <TextEquiv>
                    <Unicode>und Lebensenergie gebracht hatte. Der Wittwer will nicht begreifen,</Unicode>
                </TextEquiv>
            </TextLine>
            <TextLine id="r2l13" custom="readingOrder {index:12;}">
                <Coords points="411,1510 1660,1540 1712,1503 411,1475"/>
                <Baseline points="421,1512 485,1512 549,1512 613,1513 677,1513 741,1514 805,1514 869,1515 933,1515 997,1516 1061,1517 1125,1518 1189,1519 1253,1519 1317,1520 1381,1521 1445,1522 1509,1523 1573,1523 1637,1524 1702,1525"/>
                <TextEquiv>
                    <Unicode>daß jener noch an etwas anderes, z. B. an seine Arbeiten, denken</Unicode>
                </TextEquiv>
            </TextLine>
            <TextLine id="r2l14" custom="readingOrder {index:13;}">
                <Coords points="411,1566 1718,1586 1718,1537 1602,1526 412,1511"/>
                <Baseline points="421,1561 485,1561 549,1561 614,1561 678,1561 742,1561 807,1562 871,1562 935,1563 1000,1563 1064,1564 1128,1565 1193,1566 1257,1566 1321,1567 1386,1568 1450,1569 1514,1569 1579,1570 1643,1571 1708,1571"/>
                <TextEquiv>
                    <Unicode>kann, statt sich rückhaltlos dem Schmerz um die ihm Entrissene</Unicode>
                </TextEquiv>
            </TextLine>
            <TextLine id="r2l15" custom="readingOrder {index:14;}">
                <Coords points="404,1626 1690,1640 1715,1585 404,1557"/>
                <Baseline points="414,1606 478,1607 543,1608 607,1608 672,1609 736,1609 801,1610 865,1610 930,1610 994,1611 1059,1611 1123,1612 1188,1612 1252,1613 1317,1614 1381,1615 1446,1616 1510,1618 1575,1619 1639,1621 1704,1623"/>
                <TextEquiv>
                    <Unicode>hinzugeben. Um den Stiefsohne ganz zum Bewußtsein zu bringen,</Unicode>
                </TextEquiv>
            </TextLine>
            <TextLine id="r2l16" custom="readingOrder {index:15;}">
                <Coords points="409,1665 1712,1674 1710,1626 1536,1616 409,1620"/>
                <Baseline points="420,1657 484,1657 548,1656 612,1656 676,1657 740,1657 804,1657 868,1658 932,1659 996,1660 1061,1660 1125,1662 1189,1662 1253,1663 1317,1664 1381,1665 1445,1666 1509,1667 1573,1668 1637,1668 1702,1669"/>
                <TextEquiv>
                    <Unicode>was beide verloren haben, theilt er ihm, trotz des gegentheiligen</Unicode>
                </TextEquiv>
            </TextLine>
            <TextLine id="r2l17" custom="readingOrder {index:16;}">
                <Coords points="409,1708 1619,1740 1715,1724 1716,1673 409,1667"/>
                <Baseline points="419,1706 483,1706 547,1705 611,1705 676,1705 740,1705 804,1705 869,1705 933,1705 997,1706 1062,1706 1126,1707 1190,1708 1254,1709 1319,1710 1383,1711 1447,1712 1512,1714 1576,1715 1640,1717 1705,1719"/>
                <TextEquiv>
                    <Unicode>letzten Willens der Verstorbenen, deren hinterlassenen Brief mit, in</Unicode>
                </TextEquiv>
            </TextLine>
            <TextLine id="r2l18" custom="readingOrder {index:17;}">
                <Coords points="410,1755 1561,1785 1716,1770 1717,1737 410,1708"/>
                <Baseline points="421,1753 485,1753 549,1753 613,1753 678,1753 742,1753 806,1754 870,1754 935,1755 999,1755 1063,1756 1127,1757 1192,1758 1256,1759 1320,1760 1384,1760 1449,1761 1513,1762 1577,1763 1641,1764 1706,1765"/>
                <TextEquiv>
                    <Unicode>welchem sie dem Manne bekennt, daß sie sich heimlich mit</Unicode>
                </TextEquiv>
            </TextLine>
            <TextLine id="r2l19" custom="readingOrder {index:18;}">
                <Coords points="415,1807 1711,1822 1712,1775 415,1756"/>
                <Baseline points="425,1798 488,1798 552,1799 616,1800 680,1800 744,1801 807,1801 871,1802 935,1802 999,1803 1063,1804 1126,1804 1190,1805 1254,1806 1318,1807 1382,1808 1445,1809 1509,1811 1573,1812 1637,1814 1701,1816"/>
                <TextEquiv>
                    <Unicode>Morphium den Tod zu geben im Begriff stehe, um dem Sohne</Unicode>
                </TextEquiv>
            </TextLine>
            <TextLine id="r2l20" custom="readingOrder {index:19;}">
                <Coords points="412,1848 1579,1873 1712,1865 1713,1826 412,1811"/>
                <Baseline points="423,1844 487,1845 551,1846 615,1846 679,1847 743,1848 807,1849 871,1850 935,1850 999,1851 1063,1852 1127,1853 1191,1854 1255,1855 1319,1855 1383,1856 1447,1857 1511,1858 1575,1859 1639,1860 1703,1860"/>
                <TextEquiv>
                    <Unicode>die Ruhe und Kraft zur Arbeit wiederzugeben. Diese Nachricht</Unicode>
                </TextEquiv>
            </TextLine>
            <TextLine id="r2l21" custom="readingOrder {index:20;}">
                <Coords points="404,1908 1724,1905 1724,1864 1376,1852 405,1863"/>
                <Baseline points="414,1896 482,1895 550,1895 619,1895 687,1896 755,1896 824,1897 892,1897 960,1898 1029,1899 1097,1900 1166,1901 1234,1901 1302,1902 1371,1903 1439,1904 1507,1905 1576,1905 1644,1906 1713,1906"/>
                <TextEquiv>
                    <Unicode>zerreißt ihm das Herz. Aber was bleibt ihm zu thun — so gesteht</Unicode>
                </TextEquiv>
            </TextLine>
            <TextLine id="r2l22" custom="readingOrder {index:21;}">
                <Coords points="414,1943 1569,1971 1704,1958 1705,1909 414,1909"/>
                <Baseline points="423,1942 486,1942 550,1942 613,1943 677,1943 740,1943 804,1944 867,1944 931,1945 994,1946 1058,1946 1121,1947 1185,1948 1248,1949 1312,1949 1375,1950 1439,1951 1502,1953 1566,1954 1629,1955 1693,1956"/>
                <TextEquiv>
                    <Unicode>er zum Entsetzen des Stiefvaters — als seinen Seelenzustand</Unicode>
                </TextEquiv>
            </TextLine>
            <TextLine id="r2l23" custom="readingOrder {index:22;}">
                <Coords points="414,1994 1713,2009 1676,1959 415,1949"/>
                <Baseline points="425,1988 488,1989 552,1990 616,1991 680,1991 744,1992 808,1993 872,1993 936,1994 1000,1994 1064,1995 1127,1995 1191,1996 1255,1996 1319,1997 1383,1998 1447,1998 1511,1999 1575,2000 1639,2001 1703,2002"/>
                <TextEquiv>
                    <Unicode>durch Arbeit zu heilen und das wilde Weh zu überwinden. „Auch</Unicode>
                </TextEquiv>
            </TextLine>
            <TextLine id="r2l24" custom="readingOrder {index:23;}">
                <Coords points="411,2052 1714,2058 1692,2007 411,1992"/>
                <Baseline points="421,2032 485,2034 549,2035 613,2036 677,2037 741,2038 805,2039 870,2040 934,2041 998,2041 1062,2042 1126,2043 1190,2043 1254,2044 1319,2044 1383,2045 1447,2045 1511,2046 1575,2046 1639,2047 1704,2048"/>
                <TextEquiv>
                    <Unicode>Sie werden im Frühling wieder in Ihrem Garten arbeiten,“ ruft</Unicode>
                </TextEquiv>
            </TextLine>
            <TextLine id="r2l25" custom="readingOrder {index:24;}">
                <Coords points="395,2108 1719,2110 1719,2061 1605,2047 396,2029"/>
                <Baseline points="406,2082 471,2083 536,2084 601,2085 666,2086 731,2087 796,2088 862,2089 927,2090 992,2090 1057,2091 1122,2091 1187,2092 1252,2092 1318,2093 1383,2093 1448,2094 1513,2094 1578,2095 1643,2096 1709,2096"/>
                <TextEquiv>
                    <Unicode>er dem Stiefvater zu, der die anscheinende Herzlosigkeit und Kälte</Unicode>
                </TextEquiv>
            </TextLine>
            <TextLine id="r2l26" custom="readingOrder {index:25;}">
                <Coords points="408,2138 971,2128 1173,2174 1705,2148 1705,2111 1585,2099 409,2088"/>
                <Baseline points="418,2128 481,2129 545,2130 609,2131 673,2132 737,2133 801,2134 864,2135 928,2135 992,2136 1056,2137 1120,2138 1184,2139 1248,2140 1311,2141 1375,2142 1439,2143 1503,2145 1567,2146 1631,2148 1695,2150"/>
                <TextEquiv>
                    <Unicode>bei solcher Kunde, wie er sie dem jungen Dichter gegeben hat, gar</Unicode>
                </TextEquiv>
            </TextLine>
            <TextLine id="r2l27" custom="readingOrder {index:26;}">
                <Coords points="407,2181 464,2204 481,2188 493,2201 520,2177 638,2198 714,2183 798,2199 835,2179 835,2155 809,2158 772,2133 754,2147 723,2136 666,2149 641,2136 574,2153 547,2136 518,2148 480,2135 408,2144"/>
                <Baseline points="418,2175 443,2175 468,2176 494,2176 519,2177 544,2178 570,2178 595,2179 621,2180 646,2181 671,2181 697,2182 722,2182 747,2182 773,2182 798,2182 824,2181"/>
                <TextEquiv>
                    <Unicode>nicht begreifen kann.</Unicode>
                </TextEquiv>
            </TextLine>
            <TextLine id="r2l28" custom="readingOrder {index:27;}">
                <Coords points="498,2228 1647,2257 1711,2237 1712,2194 499,2183"/>
                <Baseline points="509,2222 568,2224 628,2225 687,2227 747,2228 807,2230 866,2230 926,2231 985,2232 1045,2232 1105,2233 1164,2234 1224,2234 1283,2235 1343,2235 1403,2236 1462,2237 1522,2238 1581,2239 1641,2241 1701,2242"/>
                <TextEquiv>
                    <Unicode>Ganz absonderlich ist das zweite Stück: „Die Frau mit</Unicode>
                </TextEquiv>
            </TextLine>
            <TextLine id="r2l29" custom="readingOrder {index:28;}">
                <Coords points="409,2277 1695,2305 1717,2267 410,2230"/>
                <Baseline points="420,2273 484,2273 548,2274 612,2275 677,2276 741,2277 805,2278 869,2279 934,2280 998,2281 1062,2282 1126,2282 1191,2284 1255,2285 1319,2286 1383,2287 1448,2289 1512,2290 1576,2292 1640,2293 1705,2295"/>
                <TextEquiv>
                    <Unicode>dem Dolche". In einer Bildergalerie trifft eine kokette, junge,</Unicode>
                </TextEquiv>
            </TextLine>
            <TextLine id="r2l30" custom="readingOrder {index:29;}">
                <Coords points="407,2335 1595,2350 1722,2333 1723,2299 408,2275"/>
                <Baseline points="418,2323 482,2323 547,2324 612,2324 676,2325 741,2326 806,2326 870,2327 935,2328 1000,2329 1065,2330 1129,2331 1194,2332 1259,2333 1323,2334 1388,2334 1453,2335 1517,2336 1582,2337 1647,2338 1712,2339"/>
                <TextEquiv>
                    <Unicode>elegante, rothgoldhaarige Frau mit ihrem glühenden Verehrer</Unicode>
                </TextEquiv>
            </TextLine>
            <TextLine id="r2l31" custom="readingOrder {index:30;}">
                <Coords points="401,2388 1638,2401 1714,2392 1715,2345 402,2337"/>
                <Baseline points="412,2370 476,2370 541,2370 605,2370 670,2371 734,2372 799,2372 863,2373 928,2374 992,2375 1057,2376 1122,2377 1186,2378 1251,2379 1315,2380 1380,2381 1444,2381 1509,2382 1573,2383 1638,2384 1703,2384"/>
                <TextEquiv>
                    <Unicode>zusammen, der in sie dringt, mit ihm zu fliehen, während sie ihm</Unicode>
                </TextEquiv>
            </TextLine>
            <TextLine id="r2l32" custom="readingOrder {index:31;}">
                <Coords points="401,2421 1675,2446 1711,2393 402,2388"/>
                <Baseline points="412,2416 476,2417 540,2417 605,2418 669,2419 733,2420 798,2421 862,2422 926,2422 991,2423 1055,2424 1119,2425 1184,2426 1248,2427 1312,2428 1377,2429 1441,2430 1505,2430 1570,2431 1634,2432 1699,2432"/>
                <TextEquiv>
                    <Unicode>kühl lächelnd mittheilt, daß sie heute noch mit ihrem Gatten auf</Unicode>
                </TextEquiv>
            </TextLine>
            <TextLine id="r2l33" custom="readingOrder {index:32;}">
                <Coords points="407,2466 1709,2504 1694,2432 408,2421"/>
                <Baseline points="417,2466 481,2466 545,2465 609,2465 673,2465 737,2466 801,2466 865,2467 929,2468 993,2469 1058,2470 1122,2472 1186,2473 1250,2474 1314,2475 1378,2477 1442,2478 1506,2479 1570,2480 1634,2481 1699,2482"/>
                <TextEquiv>
                    <Unicode>lange Zeit verreisen werde. Unter den alten italienischen Meister¬</Unicode>
                </TextEquiv>
            </TextLine>
            <TextLine id="r2l34" custom="readingOrder {index:33;}">
                <Coords points="406,2519 1219,2540 1310,2507 1622,2546 1707,2488 406,2474"/>
                <Baseline points="416,2513 483,2513 550,2513 617,2513 685,2514 752,2515 819,2516 887,2517 954,2518 1021,2519 1089,2520 1156,2521 1223,2522 1291,2523 1358,2524 1425,2525 1493,2526 1560,2527 1627,2527 1695,2528"/>
                <TextEquiv>
                    <Unicode>werken der Galerie hängt das große Bild einer goldhaarigen</Unicode>
                </TextEquiv>
            </TextLine>
            <TextLine id="r2l35" custom="readingOrder {index:34;}">
                <Coords points="404,2571 1697,2577 1697,2538 1648,2532 405,2520"/>
                <Baseline points="414,2560 477,2561 541,2562 604,2563 668,2563 732,2564 795,2565 859,2565 923,2566 986,2567 1050,2568 1114,2569 1177,2570 1241,2571 1305,2572 1368,2573 1432,2574 1496,2575 1559,2577 1623,2578 1687,2580"/>
                <TextEquiv>
                    <Unicode>schönen Dame des 16. Jahrhunderts, die im weißen Nacht¬</Unicode>
                </TextEquiv>
            </TextLine>
            <TextLine id="r2l36" custom="readingOrder {index:35;}">
                <Coords points="397,2615 1667,2639 1713,2578 398,2574"/>
                <Baseline points="408,2613 472,2612 537,2611 601,2610 666,2610 731,2610 795,2610 860,2611 925,2611 989,2612 1054,2613 1119,2614 1183,2616 1248,2617 1313,2618 1377,2620 1442,2622 1507,2623 1571,2625 1636,2627 1701,2629"/>
                <TextEquiv>
                    <Unicode>gewande mit bleichem, unheimlich blickendem Antlitze dasteht, einen</Unicode>
                </TextEquiv>
            </TextLine>
            <TextLine id="r2l37" custom="readingOrder {index:36;}">
                <Coords points="403,2659 1702,2683 1606,2628 404,2618"/>
                <Baseline points="413,2657 480,2657 547,2657 614,2657 682,2658 749,2658 816,2659 884,2660 951,2661 1018,2662 1086,2663 1153,2664 1220,2666 1288,2667 1355,2669 1422,2670 1490,2671 1557,2672 1624,2673 1692,2675"/>
                <TextEquiv>
                    <Unicode>wie nach eben geführtem Stoße noch gezückten Dolch in der Rechten.</Unicode>
                </TextEquiv>
            </TextLine>
            <TextLine id="r2l38" custom="readingOrder {index:37;}">
                <Coords points="406,2712 1717,2727 1717,2686 1456,2666 406,2675"/>
                <Baseline points="417,2705 481,2705 545,2705 610,2705 674,2705 739,2706 803,2707 868,2708 932,2709 997,2710 1061,2711 1125,2712 1190,2714 1254,2715 1319,2716 1383,2717 1448,2718 1512,2719 1577,2720 1641,2720 1706,2721"/>
                <TextEquiv>
                    <Unicode>Das sie betrachtende Paar findet die größte Aehnlichkeit in der</Unicode>
                </TextEquiv>
            </TextLine>
            <TextLine id="r2l39" custom="readingOrder {index:38;}">
                <Coords points="400,2767 1609,2778 1713,2773 1714,2734 401,2709"/>
                <Baseline points="411,2750 475,2751 540,2752 604,2753 669,2754 734,2755 798,2756 863,2756 927,2757 992,2758 1057,2759 1121,2760 1186,2761 1250,2762 1315,2763 1379,2763 1444,2764 1509,2766 1573,2767 1638,2768 1703,2769"/>
                <TextEquiv>
                    <Unicode>Erscheinung der gemalten schönen Zeitgenossin Tizians mit der</Unicode>
                </TextEquiv>
            </TextLine>
            <TextLine id="r2l40" custom="readingOrder {index:39;}">
                <Coords points="407,2813 1204,2837 1350,2804 1413,2840 1712,2804 1520,2764 408,2760"/>
                <Baseline points="418,2797 482,2799 546,2800 610,2800 674,2801 738,2802 802,2803 867,2804 931,2805 995,2806 1059,2807 1123,2808 1187,2809 1251,2810 1316,2811 1380,2813 1444,2814 1508,2815 1572,2817 1636,2818 1701,2820"/>
                <TextEquiv>
                    <Unicode>Beschauerin. Es schlägt 12 Uhr mittags, und letztere fühlt sich</Unicode>
                </TextEquiv>
            </TextLine>
            <TextLine id="r2l41" custom="readingOrder {index:40;}">
                <Coords points="406,2857 1700,2879 1662,2829 1502,2811 1412,2840 406,2812"/>
                <Baseline points="416,2849 479,2849 543,2850 606,2850 670,2850 734,2851 797,2851 861,2852 925,2852 988,2853 1052,2853 1116,2854 1179,2855 1243,2856 1307,2857 1370,2859 1434,2860 1498,2862 1561,2864 1625,2867 1689,2869"/>
                <TextEquiv>
                    <Unicode>wie von einem seltsamen Traumzustand umfangen. Die Sinne,</Unicode>
                </TextEquiv>
            </TextLine>
            <TextLine id="r2l42" custom="readingOrder {index:41;}">
                <Coords points="403,2897 1554,2928 1715,2918 1716,2879 403,2858"/>
                <Baseline points="413,2896 477,2895 542,2895 606,2895 671,2896 736,2896 800,2897 865,2898 930,2899 994,2900 1059,2901 1124,2902 1188,2904 1253,2905 1318,2906 1382,2908 1447,2909 1512,2911 1576,2912 1641,2913 1706,2914"/>
                <TextEquiv>
                    <Unicode>das Bewußtsein schwinden ihr. Sie träumt, selbst jene Frau mit</Unicode>
                </TextEquiv>
            </TextLine>
            <TextLine id="r2l43" custom="readingOrder {index:42;}">
                <Coords points="408,2949 1704,2970 1654,2914 408,2900"/>
                <Baseline points="417,2944 480,2944 544,2944 608,2945 672,2945 736,2945 799,2946 863,2946 927,2947 991,2947 1055,2948 1118,2949 1182,2950 1246,2951 1310,2952 1374,2954 1437,2955 1501,2957 1565,2958 1629,2960 1693,2962"/>
                <TextEquiv>
                    <Unicode>dem Dolche zu sein und deren düsteren Roman zu erleben. Die</Unicode>
                </TextEquiv>
            </TextLine>
            <TextLine id="r2l44" custom="readingOrder {index:43;}">
                <Coords points="409,2994 1699,3019 1678,2964 410,2947"/>
                <Baseline points="419,2992 482,2992 546,2992 609,2993 673,2993 736,2994 800,2995 863,2995 927,2996 990,2997 1054,2998 1118,2999 1181,3000 1245,3001 1308,3002 1372,3003 1435,3004 1499,3005 1562,3006 1626,3007 1690,3008"/>
                <TextEquiv>
                    <Unicode>Bühne verdunkelt sich, der Vorhang sinkt. Als er nach einem</Unicode>
                </TextEquiv>
            </TextLine>
            <TextLine id="r2l45" custom="readingOrder {index:44;}">
                <Coords points="412,3048 1704,3076 1705,3020 412,2997"/>
                <Baseline points="421,3042 484,3042 548,3042 611,3042 675,3042 739,3042 802,3042 866,3043 929,3043 993,3043 1057,3044 1120,3045 1184,3046 1247,3047 1311,3048 1375,3049 1438,3051 1502,3052 1565,3054 1629,3056 1693,3058"/>
                <TextEquiv>
                    <Unicode>Momente wieder aufgeht, blickt man wie durch einen Nebel in die</Unicode>
                </TextEquiv>
            </TextLine>
            <TextLine id="r2l46" custom="readingOrder {index:45;}">
                <Coords points="398,3093 1699,3110 1681,3067 1542,3049 399,3052"/>
                <Baseline points="409,3089 476,3089 543,3088 610,3088 678,3089 745,3089 812,3090 880,3090 947,3091 1014,3092 1082,3093 1149,3094 1216,3096 1284,3097 1351,3098 1418,3099 1486,3100 1553,3101 1620,3102 1688,3103"/>
                <TextEquiv>
                    <Unicode>Werkstatt eines altitalienischen Meisters. Der Morgen dämmert.</Unicode>
                </TextEquiv>
            </TextLine>
            <TextLine id="r2l47" custom="readingOrder {index:46;}">
                <Coords points="411,3139 1703,3163 1692,3112 412,3094"/>
                <Baseline points="421,3135 484,3135 548,3135 611,3136 675,3136 738,3137 802,3138 865,3138 929,3139 992,3140 1056,3141 1120,3142 1183,3143 1247,3144 1310,3145 1374,3147 1437,3148 1501,3149 1564,3151 1628,3152 1692,3153"/>
                <TextEquiv>
                    <Unicode>Das begonnene Bild der Frau, aber noch ohne den Dolch in der</Unicode>
                </TextEquiv>
            </TextLine>
            <TextLine id="r2l48" custom="readingOrder {index:47;}">
                <Coords points="404,3188 1701,3199 1701,3164 1603,3151 404,3155"/>
                <Baseline points="414,3189 477,3188 541,3187 605,3187 669,3187 733,3187 797,3187 860,3187 924,3187 988,3188 1052,3189 1116,3189 1180,3190 1244,3191 1307,3192 1371,3193 1435,3194 1499,3195 1563,3196 1627,3197 1691,3198"/>
                <TextEquiv>
                    <Unicode>Hand, steht dort auf der Staffelei. Das Original, die Dame</Unicode>
                </TextEquiv>
            </TextLine>
            <TextLine id="r2l49" custom="readingOrder {index:48;}">
                <Coords points="404,3246 1691,3248 1691,3199 405,3189"/>
                <Baseline points="414,3235 477,3235 540,3234 603,3234 667,3234 730,3234 793,3235 857,3235 920,3235 983,3235 1047,3235 1110,3236 1173,3236 1236,3237 1300,3237 1363,3238 1426,3239 1490,3240 1553,3241 1616,3242 1680,3244"/>
                <TextEquiv>
                    <Unicode>Paula, im weißen Nachtgewande davor, neben dem von ihr be¬</Unicode>
                </TextEquiv>
            </TextLine>
            <TextLine id="r2l50" custom="readingOrder {index:49;}">
                <Coords points="409,3291 1701,3309 1702,3245 410,3248"/>
                <Baseline points="420,3281 483,3280 547,3279 610,3279 674,3279 738,3280 801,3280 865,3281 928,3282 992,3283 1056,3284 1119,3285 1183,3286 1246,3288 1310,3289 1374,3289 1437,3290 1501,3291 1564,3291 1628,3291 1692,3290"/>
                <TextEquiv>
                    <Unicode>glückten Liebhaber Leonardo, dem jungen Maler, der noch wie</Unicode>
                </TextEquiv>
            </TextLine>
            <TextLine id="r2l51" custom="readingOrder {index:50;}">
                <Coords points="402,3337 1705,3338 1665,3299 1477,3289 403,3285"/>
                <Baseline points="413,3328 477,3328 541,3327 605,3327 669,3327 733,3328 797,3328 861,3329 925,3330 989,3330 1053,3331 1117,3333 1181,3334 1245,3335 1309,3336 1373,3337 1437,3338 1501,3339 1565,3340 1629,3340 1694,3341"/>
                <TextEquiv>
                    <Unicode>berauscht ist von der genossenen Liebesnacht. Aber der Rausch</Unicode>
                </TextEquiv>
            </TextLine>
            <TextLine id="r2l52" custom="readingOrder {index:51;}">
                <Coords points="408,3385 1582,3400 1699,3358 408,3338"/>
                <Baseline points="419,3377 482,3378 545,3378 609,3378 672,3378 736,3379 799,3379 863,3379 926,3380 990,3380 1053,3380 1116,3381 1180,3381 1243,3381 1307,3382 1370,3383 1434,3383 1497,3384 1561,3385 1624,3386 1688,3388"/>
                <TextEquiv>
                    <Unicode>der Dame ist bereits verflogen, sie erwartet freudig die Heimkehr des</Unicode>
                </TextEquiv>
            </TextLine>
            <TextLine id="r2l53" custom="readingOrder {index:52;}">
                <Coords points="392,3430 909,3468 1697,3440 1679,3391 527,3395 393,3360"/>
                <Baseline points="403,3428 467,3427 531,3426 595,3425 659,3425 723,3425 787,3426 852,3427 916,3429 980,3430 1044,3431 1108,3433 1172,3434 1236,3435 1301,3436 1365,3437 1429,3437 1493,3437 1557,3436 1621,3435 1686,3433"/>
                <TextEquiv>
                    <Unicode>Gatten, der Leonardo's Meister ist, von einer Reise. Sie spottet kalt</Unicode>
                </TextEquiv>
            </TextLine>
            <TextEquiv>
                <Unicode>16.1. Lebendige Stunden zyklus
vier — ob auch so manches in ihnen uns befremdlich und seltsam
anmuthet — können diese Meinung von ihrem Verfasser nur
bestätigen.
Der erste und kleinste dieser Einacter, der den Specialtitel
„Lebendige Stunden" führt, besteht nur aus dem Gespräch eines
pensionirten correcten alten Beamten und Gartenfreundes, der im
tiefsten, innig fühlenden Herzen getroffen und erschüttert ist durch
den Tod seiner über alles geliebten, seit Jahren schwer leidend
gewesenen Gattin, mit deren Sohn aus erster Ehe, einem Dichter,
den jenes qualvolle Leiden der Mutter um alle Arbeitsfähigkeit
und Lebensenergie gebracht hatte. Der Wittwer will nicht begreifen,
daß jener noch an etwas anderes, z. B. an seine Arbeiten, denken
kann, statt sich rückhaltlos dem Schmerz um die ihm Entrissene
hinzugeben. Um den Stiefsohne ganz zum Bewußtsein zu bringen,
was beide verloren haben, theilt er ihm, trotz des gegentheiligen
letzten Willens der Verstorbenen, deren hinterlassenen Brief mit, in
welchem sie dem Manne bekennt, daß sie sich heimlich mit
Morphium den Tod zu geben im Begriff stehe, um dem Sohne
die Ruhe und Kraft zur Arbeit wiederzugeben. Diese Nachricht
zerreißt ihm das Herz. Aber was bleibt ihm zu thun — so gesteht
er zum Entsetzen des Stiefvaters — als seinen Seelenzustand
durch Arbeit zu heilen und das wilde Weh zu überwinden. „Auch
Sie werden im Frühling wieder in Ihrem Garten arbeiten,“ ruft
er dem Stiefvater zu, der die anscheinende Herzlosigkeit und Kälte
bei solcher Kunde, wie er sie dem jungen Dichter gegeben hat, gar
nicht begreifen kann.
Ganz absonderlich ist das zweite Stück: „Die Frau mit
dem Dolche". In einer Bildergalerie trifft eine kokette, junge,
elegante, rothgoldhaarige Frau mit ihrem glühenden Verehrer
zusammen, der in sie dringt, mit ihm zu fliehen, während sie ihm
kühl lächelnd mittheilt, daß sie heute noch mit ihrem Gatten auf
lange Zeit verreisen werde. Unter den alten italienischen Meister¬
werken der Galerie hängt das große Bild einer goldhaarigen
schönen Dame des 16. Jahrhunderts, die im weißen Nacht¬
gewande mit bleichem, unheimlich blickendem Antlitze dasteht, einen
wie nach eben geführtem Stoße noch gezückten Dolch in der Rechten.
Das sie betrachtende Paar findet die größte Aehnlichkeit in der
Erscheinung der gemalten schönen Zeitgenossin Tizians mit der
Beschauerin. Es schlägt 12 Uhr mittags, und letztere fühlt sich
wie von einem seltsamen Traumzustand umfangen. Die Sinne,
das Bewußtsein schwinden ihr. Sie träumt, selbst jene Frau mit
dem Dolche zu sein und deren düsteren Roman zu erleben. Die
Bühne verdunkelt sich, der Vorhang sinkt. Als er nach einem
Momente wieder aufgeht, blickt man wie durch einen Nebel in die
Werkstatt eines altitalienischen Meisters. Der Morgen dämmert.
Das begonnene Bild der Frau, aber noch ohne den Dolch in der
Hand, steht dort auf der Staffelei. Das Original, die Dame
Paula, im weißen Nachtgewande davor, neben dem von ihr be¬
glückten Liebhaber Leonardo, dem jungen Maler, der noch wie
berauscht ist von der genossenen Liebesnacht. Aber der Rausch
der Dame ist bereits verflogen, sie erwartet freudig die Heimkehr des
Gatten, der Leonardo's Meister ist, von einer Reise. Sie spottet kalt</Unicode>
            </TextEquiv>
        </TextRegion>
        <TextRegion orientation="0.0" id="r3" custom="readingOrder {index:2;}">
            <Coords points="2051,164 2051,3497 3363,3497 3363,164"/>
            <TextLine id="r3l1" custom="readingOrder {index:0;}">
                <Coords points="2139,189 2193,211 2304,206 2327,190 2439,226 2494,205 2549,220 2588,205 2591,125 2533,138 2413,127 2328,167 2292,134 2238,143 2140,128"/>
                <Baseline points="2150,186 2175,187 2200,188 2225,189 2250,190 2275,191 2301,192 2326,192 2351,193 2376,194 2401,195 2426,195 2452,196 2477,196 2502,197 2527,197 2552,197 2578,197"/>
                <TextEquiv>
                    <Unicode>box 21/2</Unicode>
                </TextEquiv>
            </TextLine>
            <TextLine id="r3l2" custom="readingOrder {index:1;}">
                <Coords points="2131,996 3356,1036 3357,1001 3290,996 2133,955"/>
                <Baseline points="2141,996 2201,998 2261,999 2321,1002 2381,1003 2442,1006 2502,1008 2562,1011 2622,1013 2682,1016 2743,1019 2803,1022 2863,1025 2923,1028 2983,1031 3044,1033 3104,1036 3164,1038 3224,1040 3284,1042 3345,1044"/>
                <TextEquiv>
                    <Unicode>der Verzweiflung des so grausam enttäuschten Jünglings, der</Unicode>
                </TextEquiv>
            </TextLine>
            <TextLine id="r3l3" custom="readingOrder {index:2;}">
                <Coords points="2133,1056 3367,1100 3339,1046 2135,1014"/>
                <Baseline points="2144,1045 2204,1047 2265,1050 2325,1053 2386,1055 2447,1057 2507,1060 2568,1063 2629,1066 2689,1069 2750,1071 2811,1074 2871,1077 2932,1079 2993,1082 3053,1084 3114,1085 3175,1087 3235,1089 3296,1090 3357,1091"/>
                <TextEquiv>
                    <Unicode>nicht mehr loszureißen vermag. Der Meister tritt ein und fin</Unicode>
                </TextEquiv>
            </TextLine>
            <TextLine id="r3l4" custom="readingOrder {index:3;}">
                <Coords points="2132,1104 3219,1147 3370,1147 3372,1106 2134,1057"/>
                <Baseline points="2143,1095 2203,1096 2264,1098 2325,1100 2386,1102 2447,1104 2508,1107 2569,1110 2630,1113 2691,1115 2752,1119 2812,1121 2873,1124 2934,1126 2995,1129 3056,1131 3117,1133 3178,1135 3239,1136 3300,1137 3361,1138"/>
                <TextEquiv>
                    <Unicode>die Beiden. Das Weib wirft sich ihm zu Füßen und beke</Unicode>
                </TextEquiv>
            </TextLine>
            <TextLine id="r3l5" custom="readingOrder {index:4;}">
                <Coords points="2126,1138 3370,1197 3345,1141 2127,1101"/>
                <Baseline points="2136,1139 2197,1141 2258,1144 2319,1147 2380,1149 2441,1152 2502,1155 2564,1157 2625,1159 2686,1161 2747,1164 2808,1166 2869,1168 2930,1170 2992,1172 3053,1174 3114,1176 3175,1178 3236,1180 3297,1182 3359,1183"/>
                <TextEquiv>
                    <Unicode>das Geschehene und sagt: „Nun tödte mich!“ Der betrogene Ga</Unicode>
                </TextEquiv>
            </TextLine>
            <TextLine id="r3l6" custom="readingOrder {index:5;}">
                <Coords points="2130,1194 3367,1236 3342,1188 2131,1157"/>
                <Baseline points="2141,1191 2201,1193 2262,1195 2323,1197 2384,1199 2445,1201 2505,1203 2566,1205 2627,1207 2688,1208 2749,1210 2809,1212 2870,1214 2931,1216 2992,1218 3053,1220 3113,1222 3174,1224 3235,1227 3296,1229 3357,1232"/>
                <TextEquiv>
                    <Unicode>aber heißt den mit seiner Verachtung belasteten Schüler geh</Unicode>
                </TextEquiv>
            </TextLine>
            <TextLine id="r3l7" custom="readingOrder {index:6;}">
                <Coords points="2124,1249 3360,1294 3362,1239 2125,1200"/>
                <Baseline points="2135,1239 2195,1240 2256,1243 2317,1244 2378,1247 2439,1248 2499,1250 2560,1252 2621,1255 2682,1257 2743,1259 2803,1261 2864,1263 2925,1265 2986,1267 3047,1269 3107,1271 3168,1273 3229,1274 3290,1276 3351,1278"/>
                <TextEquiv>
                    <Unicode>Nun verlangt auch dieser seinen Tod von der Hand des</Unicode>
                </TextEquiv>
            </TextLine>
            <TextLine id="r3l8" custom="readingOrder {index:7;}">
                <Coords points="2117,1284 3371,1349 3373,1285 2118,1262"/>
                <Baseline points="2128,1287 2189,1289 2251,1291 2312,1293 2374,1294 2436,1297 2497,1298 2559,1301 2621,1302 2682,1304 2744,1306 2806,1308 2867,1310 2929,1312 2991,1314 3052,1316 3114,1318 3176,1319 3237,1321 3299,1322 3361,1324"/>
                <TextEquiv>
                    <Unicode>leidigten. Aber vergebens ruft er dem Meister wüthende Schn#</Unicode>
                </TextEquiv>
            </TextLine>
            <TextLine id="r3l9" custom="readingOrder {index:8;}">
                <Coords points="2122,1353 3347,1381 3348,1330 2124,1284"/>
                <Baseline points="2133,1335 2193,1336 2253,1336 2313,1337 2373,1339 2434,1341 2494,1343 2554,1345 2614,1347 2674,1349 2735,1352 2795,1354 2855,1356 2915,1359 2975,1361 3036,1363 3096,1365 3156,1366 3216,1368 3276,1369 3337,1370"/>
                <TextEquiv>
                    <Unicode>hungen zu, um ihn zum Zorne zu reizen. Dieser bleibt kalt. D</Unicode>
                </TextEquiv>
            </TextLine>
            <TextLine id="r3l10" custom="readingOrder {index:9;}">
                <Coords points="2121,1379 3210,1439 3339,1435 3374,1381 2123,1346"/>
                <Baseline points="2131,1381 2192,1382 2254,1384 2315,1386 2377,1387 2439,1389 2500,1391 2562,1393 2623,1395 2685,1398 2747,1400 2808,1402 2870,1404 2931,1406 2993,1409 3055,1411 3116,1413 3178,1415 3239,1418 3301,1420 3363,1422"/>
                <TextEquiv>
                    <Unicode>die Sünderin selbst greift zum Dolch und stößt das Opfer sein</Unicode>
                </TextEquiv>
            </TextLine>
            <TextLine id="r3l11" custom="readingOrder {index:10;}">
                <Coords points="2114,1422 3109,1481 3295,1481 3344,1434 2115,1392"/>
                <Baseline points="2124,1429 2184,1430 2244,1431 2305,1433 2365,1434 2426,1435 2486,1437 2547,1440 2607,1441 2668,1444 2728,1446 2788,1448 2849,1451 2909,1453 2970,1455 3030,1458 3091,1460 3151,1462 3212,1464 3272,1465 3333,1467"/>
                <TextEquiv>
                    <Unicode>Leidenschaft nieder. Wie sie noch starr vor Entsetzen über</Unicode>
                </TextEquiv>
            </TextLine>
            <TextLine id="r3l12" custom="readingOrder {index:11;}">
                <Coords points="2112,1489 3285,1532 3361,1522 3362,1483 2113,1440"/>
                <Baseline points="2123,1475 2184,1476 2245,1478 2307,1479 2368,1482 2429,1484 2491,1486 2552,1488 2613,1490 2675,1493 2736,1495 2797,1497 2859,1499 2920,1501 2981,1503 3043,1505 3104,1507 3165,1508 3227,1510 3288,1511 3350,1513"/>
                <TextEquiv>
                    <Unicode>selbstbegangene That dasteht, heißt sie der Gatte in dieser Stellu</Unicode>
                </TextEquiv>
            </TextLine>
            <TextLine id="r3l13" custom="readingOrder {index:12;}">
                <Coords points="2120,1524 3367,1582 3346,1520 2122,1485"/>
                <Baseline points="2131,1522 2192,1524 2253,1526 2314,1528 2376,1530 2437,1533 2498,1535 2560,1537 2621,1539 2682,1542 2744,1544 2805,1546 2866,1548 2927,1551 2989,1552 3050,1554 3111,1556 3173,1558 3234,1560 3295,1562 3357,1563"/>
                <TextEquiv>
                    <Unicode>verharren, greift zu Pinsel und Palette und vollendet sein Bi</Unicode>
                </TextEquiv>
            </TextLine>
            <TextLine id="r3l14" custom="readingOrder {index:13;}">
                <Coords points="2118,1580 3295,1626 3366,1626 3368,1581 2119,1541"/>
                <Baseline points="2129,1571 2190,1572 2251,1574 2313,1576 2374,1578 2436,1580 2497,1582 2558,1584 2620,1586 2681,1588 2743,1590 2804,1593 2865,1595 2927,1597 2988,1600 3050,1601 3111,1604 3172,1605 3234,1607 3295,1609 3357,1610"/>
                <TextEquiv>
                    <Unicode>für dessen Frauengestalt er nun erst die passendste Situation, d</Unicode>
                </TextEquiv>
            </TextLine>
            <TextLine id="r3l15" custom="readingOrder {index:14;}">
                <Coords points="2106,1634 3363,1678 3337,1617 2108,1585"/>
                <Baseline points="2116,1621 2177,1622 2239,1623 2301,1624 2363,1626 2425,1627 2487,1629 2548,1631 2610,1633 2672,1636 2734,1638 2796,1640 2858,1642 2920,1645 2981,1647 3043,1650 3105,1652 3167,1655 3229,1657 3291,1659 3353,1662"/>
                <TextEquiv>
                    <Unicode>rechte Stellungs= und Ausdrucksmotiv gefunden zu haben mei</Unicode>
                </TextEquiv>
            </TextLine>
            <TextLine id="r3l16" custom="readingOrder {index:15;}">
                <Coords points="2115,1680 3368,1719 3369,1676 3282,1661 2116,1637"/>
                <Baseline points="2125,1668 2186,1669 2248,1670 2309,1671 2371,1673 2433,1675 2494,1676 2556,1678 2617,1680 2679,1683 2741,1685 2802,1687 2864,1690 2925,1692 2987,1695 3049,1697 3110,1699 3172,1702 3233,1704 3295,1706 3357,1708"/>
                <TextEquiv>
                    <Unicode>Dann verdunkelt und erhellt sich die Bühne wieder. Das Mitte</Unicode>
                </TextEquiv>
            </TextLine>
            <TextLine id="r3l17" custom="readingOrder {index:16;}">
                <Coords points="2103,1710 3345,1768 3372,1719 2104,1695"/>
                <Baseline points="2114,1717 2176,1718 2238,1719 2301,1720 2363,1721 2425,1723 2488,1725 2550,1726 2612,1728 2675,1731 2737,1733 2799,1736 2862,1738 2924,1741 2986,1743 3049,1745 3111,1748 3173,1750 3236,1752 3298,1754 3361,1755"/>
                <TextEquiv>
                    <Unicode>geläut ertönt von neuem. Wir blicken wieder in die Galler</Unicode>
                </TextEquiv>
            </TextLine>
            <TextLine id="r3l18" custom="readingOrder {index:17;}">
                <Coords points="2111,1780 3254,1816 3358,1809 3360,1766 2113,1725"/>
                <Baseline points="2121,1764 2182,1764 2243,1765 2305,1766 2366,1768 2428,1769 2489,1771 2550,1773 2612,1775 2673,1777 2735,1780 2796,1782 2857,1784 2919,1787 2980,1789 3042,1792 3103,1794 3164,1797 3226,1799 3287,1801 3349,1804"/>
                <TextEquiv>
                    <Unicode>Die Dame erwacht zum Bewußtsein aus dem räthselhaften Traut</Unicode>
                </TextEquiv>
            </TextLine>
            <TextLine id="r3l19" custom="readingOrder {index:18;}">
                <Coords points="2104,1820 3283,1871 3367,1860 3369,1817 2105,1783"/>
                <Baseline points="2114,1809 2176,1810 2238,1811 2300,1812 2362,1814 2424,1816 2486,1818 2549,1821 2611,1823 2673,1825 2735,1828 2797,1830 2859,1833 2921,1835 2984,1837 3046,1840 3108,1842 3170,1843 3232,1845 3294,1846 3357,1848"/>
                <TextEquiv>
                    <Unicode>zustand. Das darin Erlebte hat sie auf andere Gedanken gebrach</Unicode>
                </TextEquiv>
            </TextLine>
            <TextLine id="r3l20" custom="readingOrder {index:19;}">
                <Coords points="2107,1847 2237,1882 2663,1864 3251,1913 3263,1866 2108,1818"/>
                <Baseline points="2118,1856 2174,1859 2231,1861 2288,1862 2344,1864 2401,1866 2458,1867 2514,1869 2571,1871 2628,1872 2685,1874 2741,1876 2798,1878 2855,1880 2911,1882 2968,1884 3025,1887 3081,1889 3138,1892 3195,1895 3252,1898"/>
                <TextEquiv>
                    <Unicode>hat ihr Mitleid für den liebenden Leonard eingeflößt.</Unicode>
                </TextEquiv>
            </TextLine>
            <TextLine id="r3l21" custom="readingOrder {index:20;}">
                <Coords points="2108,1911 3160,1956 3287,1942 3288,1911 2109,1864"/>
                <Baseline points="2119,1908 2180,1908 2241,1908 2302,1909 2363,1911 2424,1912 2485,1914 2546,1916 2607,1919 2668,1921 2729,1923 2790,1926 2851,1928 2912,1931 2973,1933 3034,1935 3095,1937 3156,1940 3217,1941 3278,1943"/>
                <TextEquiv>
                    <Unicode>komme heut Abend zu Dir, verspricht sie ihm lächelnd.</Unicode>
                </TextEquiv>
            </TextLine>
            <TextLine id="r3l22" custom="readingOrder {index:21;}">
                <Coords points="2098,1957 3320,2000 3322,1928 3143,1957 2100,1906"/>
                <Baseline points="2108,1953 2168,1954 2228,1955 2288,1956 2348,1957 2408,1959 2468,1961 2528,1962 2588,1964 2648,1966 2708,1969 2768,1971 2828,1973 2888,1976 2948,1979 3008,1981 3068,1984 3128,1987 3188,1990 3248,1993 3309,1995"/>
                <TextEquiv>
                    <Unicode>wird nicht mit dem Gatten reisen, und — der Vorhang fällt.</Unicode>
                </TextEquiv>
            </TextLine>
            <TextLine id="r3l23" custom="readingOrder {index:22;}">
                <Coords points="2193,2009 3268,2060 3364,2053 3366,2009 2195,1964"/>
                <Baseline points="2204,2003 2261,2003 2319,2004 2376,2006 2434,2007 2491,2009 2549,2011 2606,2013 2664,2015 2721,2017 2779,2020 2837,2022 2894,2024 2952,2027 3009,2030 3067,2032 3124,2035 3182,2037 3239,2039 3297,2041 3355,2043"/>
                <TextEquiv>
                    <Unicode>In einer Stube des wiener Allgemeinen Krankenhauses spieh</Unicode>
                </TextEquiv>
            </TextLine>
            <TextLine id="r3l24" custom="readingOrder {index:23;}">
                <Coords points="2092,2058 3354,2095 3323,2045 2094,2011"/>
                <Baseline points="2104,2047 2169,2048 2234,2050 2299,2051 2364,2053 2430,2055 2495,2057 2560,2059 2625,2062 2690,2064 2756,2066 2821,2069 2886,2071 2951,2074 3016,2076 3082,2078 3147,2081 3212,2083 3277,2085 3343,2087"/>
                <TextEquiv>
                    <Unicode>das dritte Drama „Die Masken“, das packendste von allen. E</Unicode>
                </TextEquiv>
            </TextLine>
            <TextLine id="r3l25" custom="readingOrder {index:24;}">
                <Coords points="2099,2095 3347,2157 3363,2096 2100,2054"/>
                <Baseline points="2108,2097 2170,2097 2232,2098 2294,2099 2356,2100 2418,2103 2480,2104 2543,2107 2605,2109 2667,2112 2729,2115 2791,2117 2853,2120 2915,2123 2978,2125 3040,2128 3102,2130 3164,2132 3226,2134 3288,2135 3351,2137"/>
                <TextEquiv>
                    <Unicode>im Leben schiffbrüchig gewordener, wenig über fünfzig Jahre alt</Unicode>
                </TextEquiv>
            </TextLine>
            <TextLine id="r3l26" custom="readingOrder {index:25;}">
                <Coords points="2100,2126 2265,2173 2327,2144 3346,2203 3365,2136 2101,2104"/>
                <Baseline points="2109,2147 2171,2147 2233,2147 2295,2148 2357,2149 2419,2151 2481,2153 2544,2156 2606,2158 2668,2160 2730,2163 2792,2165 2854,2168 2916,2171 2979,2173 3041,2176 3103,2178 3165,2180 3227,2182 3289,2183 3352,2184"/>
                <TextEquiv>
                    <Unicode>Journalist erwartet todtkrank, elend und verlassen seine letz</Unicode>
                </TextEquiv>
            </TextLine>
            <TextLine id="r3l27" custom="readingOrder {index:26;}">
                <Coords points="2092,2189 3285,2253 3357,2243 3359,2200 2279,2179 2094,2130"/>
                <Baseline points="2103,2190 2165,2192 2227,2194 2289,2196 2351,2198 2414,2200 2476,2202 2538,2204 2600,2206 2662,2208 2725,2210 2787,2212 2849,2214 2911,2217 2973,2218 3036,2220 3098,2223 3160,2225 3222,2227 3284,2229 3347,2231"/>
                <TextEquiv>
                    <Unicode>Stunde. Ein noch munter umhertänzelnder, vermeintlich scho</Unicode>
                </TextEquiv>
            </TextLine>
            <TextLine id="r3l28" custom="readingOrder {index:27;}">
                <Coords points="2098,2251 3353,2284 3354,2243 3267,2232 2100,2192"/>
                <Baseline points="2109,2241 2170,2242 2232,2244 2294,2245 2355,2247 2417,2248 2479,2250 2540,2252 2602,2254 2664,2256 2726,2258 2787,2260 2849,2262 2911,2265 2972,2267 3034,2269 3096,2272 3157,2273 3219,2275 3281,2278 3343,2280"/>
                <TextEquiv>
                    <Unicode>halb genesener Schauspieler sucht den Aermsten vergebens m</Unicode>
                </TextEquiv>
            </TextLine>
            <TextLine id="r3l29" custom="readingOrder {index:28;}">
                <Coords points="2097,2302 3356,2344 3358,2291 3307,2279 2099,2251"/>
                <Baseline points="2107,2288 2172,2289 2237,2290 2302,2292 2367,2294 2433,2296 2498,2298 2563,2301 2628,2303 2693,2306 2759,2308 2824,2311 2889,2313 2954,2315 3019,2317 3085,2319 3150,2320 3215,2322 3280,2322 3346,2323"/>
                <TextEquiv>
                    <Unicode>lustigem Humor über seinen Zustand zu täuschen. Ebensowen</Unicode>
                </TextEquiv>
            </TextLine>
            <TextLine id="r3l30" custom="readingOrder {index:29;}">
                <Coords points="2090,2351 3149,2384 3151,2337 2092,2300"/>
                <Baseline points="2101,2337 2155,2337 2210,2337 2265,2338 2319,2339 2374,2341 2429,2342 2483,2344 2538,2346 2593,2349 2647,2350 2702,2353 2757,2355 2811,2357 2866,2359 2921,2361 2975,2363 3030,2364 3085,2366 3140,2367"/>
                <TextEquiv>
                    <Unicode>gelingt das dem Anstaltsarzt. Der Kranke weiß,</Unicode>
                </TextEquiv>
            </TextLine>
            <TextLine id="r3l31" custom="readingOrder {index:30;}">
                <Coords points="3155,2376 3203,2374 3217,2383 3246,2372 3288,2388 3301,2381 3315,2388 3325,2380 3331,2386 3358,2383 3360,2338 3341,2344 3325,2333 3309,2340 3264,2332 3251,2340 3184,2328 3158,2331"/>
                <Baseline points="3166,2366 3192,2370 3218,2372 3244,2374 3270,2375 3296,2375 3322,2375 3348,2376"/>
                <TextEquiv>
                    <Unicode>das sein</Unicode>
                </TextEquiv>
            </TextLine>
            <TextLine id="r3l32" custom="readingOrder {index:31;}">
                <Coords points="2093,2390 3355,2443 3358,2382 2094,2348"/>
                <Baseline points="2103,2382 2165,2383 2227,2385 2289,2387 2351,2388 2413,2390 2475,2392 2537,2394 2599,2396 2661,2398 2724,2400 2786,2402 2848,2405 2910,2407 2972,2410 3034,2412 3096,2414 3158,2418 3220,2420 3282,2423 3345,2425"/>
                <TextEquiv>
                    <Unicode>Minuten gezählt sind. Da beschwört er den Arzt, ihm eine</Unicode>
                </TextEquiv>
            </TextLine>
            <TextLine id="r3l33" custom="readingOrder {index:32;}">
                <Coords points="2091,2433 3356,2490 3358,2437 3172,2416 2093,2394"/>
                <Baseline points="2101,2430 2163,2431 2225,2433 2287,2435 2350,2437 2412,2439 2474,2441 2537,2443 2599,2445 2661,2448 2724,2450 2786,2452 2848,2454 2910,2457 2973,2459 3035,2462 3097,2464 3160,2466 3222,2468 3284,2470 3347,2472"/>
                <TextEquiv>
                    <Unicode>alten Jugendfreund, einen glücklich in die Höhe gekommene</Unicode>
                </TextEquiv>
            </TextLine>
            <TextLine id="r3l34" custom="readingOrder {index:33;}">
                <Coords points="2091,2485 3353,2540 3355,2487 3113,2461 2752,2483 2093,2436"/>
                <Baseline points="2101,2476 2163,2477 2225,2479 2287,2481 2349,2483 2412,2485 2474,2486 2536,2489 2598,2492 2660,2494 2723,2496 2785,2499 2847,2502 2909,2504 2971,2506 3034,2509 3096,2511 3158,2514 3220,2516 3282,2518 3345,2520"/>
                <TextEquiv>
                    <Unicode>Modeschriftsteller, Weichhold, den er um jeden Preis vor seinen</Unicode>
                </TextEquiv>
            </TextLine>
            <TextLine id="r3l35" custom="readingOrder {index:34;}">
                <Coords points="2079,2520 3331,2585 3359,2539 2080,2487"/>
                <Baseline points="2088,2526 2151,2527 2214,2529 2277,2530 2340,2532 2403,2534 2466,2537 2529,2539 2592,2541 2655,2543 2718,2546 2781,2548 2844,2551 2907,2554 2970,2556 3033,2558 3096,2560 3159,2563 3222,2565 3285,2566 3348,2568"/>
                <TextEquiv>
                    <Unicode>Ende noch einmal sprechen möchte, hierher zu schaffen. Der Arz</Unicode>
                </TextEquiv>
            </TextLine>
            <TextLine id="r3l36" custom="readingOrder {index:35;}">
                <Coords points="2083,2586 3286,2630 3344,2624 3345,2585 2084,2541"/>
                <Baseline points="2094,2575 2156,2576 2218,2577 2280,2579 2342,2580 2404,2582 2466,2584 2528,2586 2590,2588 2652,2590 2714,2592 2776,2595 2838,2597 2900,2600 2962,2602 3024,2605 3086,2607 3148,2609 3210,2612 3272,2614 3335,2616"/>
                <TextEquiv>
                    <Unicode>giebt den dringenden Bitten nach und verspricht es. Der Schau</Unicode>
                </TextEquiv>
            </TextLine>
            <TextLine id="r3l37" custom="readingOrder {index:36;}">
                <Coords points="2084,2630 3161,2674 3345,2670 3347,2623 2086,2589"/>
                <Baseline points="2095,2624 2157,2624 2219,2625 2281,2626 2343,2628 2405,2629 2467,2632 2529,2633 2591,2636 2653,2639 2715,2641 2777,2643 2839,2646 2901,2648 2963,2651 3025,2654 3087,2656 3149,2658 3211,2660 3273,2661 3335,2663"/>
                <TextEquiv>
                    <Unicode>spieler kann die Neugierde nicht bezähmen und dringt in der</Unicode>
                </TextEquiv>
            </TextLine>
            <TextLine id="r3l38" custom="readingOrder {index:37;}">
                <Coords points="2075,2668 3353,2721 3354,2664 3285,2657 2077,2631"/>
                <Baseline points="2085,2669 2147,2670 2210,2673 2273,2675 2336,2677 2399,2679 2462,2681 2525,2683 2588,2685 2651,2687 2714,2690 2776,2692 2839,2693 2902,2696 2965,2698 3028,2700 3091,2702 3154,2704 3217,2706 3280,2709 3343,2711"/>
                <TextEquiv>
                    <Unicode>Kranken, ihm zu sagen, was er denn gar so Nothwendiges mi</Unicode>
                </TextEquiv>
            </TextLine>
            <TextLine id="r3l39" custom="readingOrder {index:38;}">
                <Coords points="2075,2719 3354,2781 3354,2711 2077,2668"/>
                <Baseline points="2085,2717 2148,2718 2211,2720 2274,2722 2337,2724 2400,2726 2463,2728 2526,2730 2589,2732 2652,2734 2715,2736 2778,2739 2841,2741 2904,2743 2967,2745 3030,2748 3093,2750 3156,2753 3219,2756 3282,2759 3345,2762"/>
                <TextEquiv>
                    <Unicode>diesem Herrn zu sprechen habe. Endlich bringt er es denn auch</Unicode>
                </TextEquiv>
            </TextLine>
            <TextLine id="r3l40" custom="readingOrder {index:39;}">
                <Coords points="2078,2762 3353,2820 3306,2763 2079,2725"/>
                <Baseline points="2089,2765 2151,2767 2214,2769 2277,2771 2339,2772 2402,2775 2465,2776 2527,2779 2590,2781 2653,2783 2716,2785 2778,2787 2841,2789 2904,2791 2966,2794 3029,2796 3092,2799 3154,2801 3217,2803 3280,2806 3343,2808"/>
                <TextEquiv>
                    <Unicode>aus dem dem Tode Nahen heraus, daß er dem eitlen, hohlen</Unicode>
                </TextEquiv>
            </TextLine>
            <TextLine id="r3l41" custom="readingOrder {index:40;}">
                <Coords points="2073,2810 3354,2881 3356,2820 3309,2810 2074,2782"/>
                <Baseline points="2083,2816 2146,2817 2209,2818 2272,2819 2335,2820 2398,2822 2461,2823 2524,2825 2587,2827 2650,2830 2714,2832 2777,2835 2840,2837 2903,2840 2966,2842 3029,2845 3092,2848 3155,2850 3218,2853 3281,2855 3345,2857"/>
                <TextEquiv>
                    <Unicode>heuchlerischen, häßlichen Lumpen das Register seiner ganzen Er</Unicode>
                </TextEquiv>
            </TextLine>
            <TextLine id="r3l42" custom="readingOrder {index:41;}">
                <Coords points="2066,2862 3353,2921 3318,2862 2068,2809"/>
                <Baseline points="2075,2862 2138,2863 2201,2864 2265,2865 2328,2867 2392,2868 2455,2870 2518,2873 2582,2875 2645,2878 2709,2880 2772,2883 2835,2886 2899,2888 2962,2891 3026,2893 3089,2896 3152,2898 3216,2900 3279,2902 3343,2904"/>
                <TextEquiv>
                    <Unicode>bärmlichkeiten vorzuhalten und ihm noch zuletzt das Leben zu verz</Unicode>
                </TextEquiv>
            </TextLine>
            <TextLine id="r3l43" custom="readingOrder {index:42;}">
                <Coords points="2068,2905 3351,2960 3326,2908 2069,2874"/>
                <Baseline points="2078,2914 2141,2914 2204,2914 2267,2914 2330,2915 2393,2917 2456,2918 2520,2920 2583,2923 2646,2925 2709,2927 2772,2929 2835,2932 2898,2935 2962,2938 3025,2940 3088,2943 3151,2945 3214,2947 3277,2949 3341,2951"/>
                <TextEquiv>
                    <Unicode>giften verlange durch die Offenbarung des Geheimnisses, daß des</Unicode>
                </TextEquiv>
            </TextLine>
            <TextLine id="r3l44" custom="readingOrder {index:43;}">
                <Coords points="2063,2949 3182,3011 3348,3008 3350,2959 2064,2925"/>
                <Baseline points="2073,2960 2136,2961 2199,2961 2262,2962 2326,2964 2389,2966 2452,2968 2515,2970 2579,2972 2642,2974 2705,2977 2768,2979 2832,2982 2895,2984 2958,2986 3021,2989 3085,2991 3148,2993 3211,2995 3274,2996 3338,2997"/>
                <TextEquiv>
                    <Unicode>Verhaßten Frau, von der dieser sich angebetet und bewunder</Unicode>
                </TextEquiv>
            </TextLine>
            <TextLine id="r3l45" custom="readingOrder {index:44;}">
                <Coords points="2070,3006 3350,3053 3351,3008 3145,2987 2071,2977"/>
                <Baseline points="2080,3008 2146,3009 2212,3010 2278,3012 2345,3014 2411,3015 2477,3017 2543,3019 2610,3021 2676,3023 2742,3024 2808,3027 2875,3029 2941,3031 3007,3034 3073,3036 3140,3039 3206,3041 3272,3043 3339,3046"/>
                <TextEquiv>
                    <Unicode>glaubt, ihn verlache, ihn verachte und des nun Sterbenden Ge¬</Unicode>
                </TextEquiv>
            </TextLine>
            <TextLine id="r3l46" custom="readingOrder {index:45;}">
                <Coords points="2073,3067 3358,3112 3361,3051 2075,3014"/>
                <Baseline points="2083,3053 2146,3054 2209,3056 2272,3058 2336,3059 2399,3062 2462,3063 2525,3066 2589,3068 2652,3070 2715,3073 2778,3075 2842,3077 2905,3079 2968,3082 3031,3084 3095,3087 3158,3089 3221,3092 3284,3094 3348,3096"/>
                <TextEquiv>
                    <Unicode>liebte gewesen sei. Der Schauspieler beredet ihn, zunächst ein</Unicode>
                </TextEquiv>
            </TextLine>
            <TextLine id="r3l47" custom="readingOrder {index:46;}">
                <Coords points="2067,3116 3350,3167 3352,3112 2068,3069"/>
                <Baseline points="2077,3101 2140,3103 2203,3105 2266,3106 2329,3108 2393,3110 2456,3112 2519,3114 2582,3116 2645,3118 2709,3120 2772,3122 2835,3124 2898,3126 2961,3129 3025,3131 3088,3133 3151,3136 3214,3139 3277,3141 3341,3144"/>
                <TextEquiv>
                    <Unicode>Probe mit dieser geplanten Rede abzuhalten, wobei er den</Unicode>
                </TextEquiv>
            </TextLine>
            <TextLine id="r3l48" custom="readingOrder {index:47;}">
                <Coords points="2063,3139 3347,3210 3349,3156 2063,3114"/>
                <Baseline points="2073,3149 2136,3151 2199,3152 2262,3154 2326,3155 2389,3157 2452,3159 2515,3161 2579,3164 2642,3166 2705,3168 2768,3171 2832,3173 2895,3175 2958,3177 3021,3180 3085,3182 3148,3185 3211,3187 3274,3189 3338,3191"/>
                <TextEquiv>
                    <Unicode>Anderen spielen wolle. Das geschieht denn auch in einer köstlichen</Unicode>
                </TextEquiv>
            </TextLine>
            <TextLine id="r3l49" custom="readingOrder {index:48;}">
                <Coords points="2057,3200 3334,3248 3336,3203 3232,3189 2059,3159"/>
                <Baseline points="2067,3196 2129,3197 2192,3199 2255,3200 2318,3202 2381,3204 2444,3206 2506,3209 2569,3212 2632,3214 2695,3217 2758,3220 2821,3222 2884,3224 2946,3227 3009,3230 3072,3232 3135,3234 3198,3236 3261,3238 3324,3239"/>
                <TextEquiv>
                    <Unicode>Scene, in welcher ersterer im treu copirten Ton Sonnenthal's zu</Unicode>
                </TextEquiv>
            </TextLine>
            <TextLine id="r3l50" custom="readingOrder {index:49;}">
                <Coords points="2056,3251 3335,3303 3337,3250 2057,3212"/>
                <Baseline points="2067,3244 2129,3245 2192,3247 2255,3248 2318,3250 2381,3252 2444,3255 2507,3257 2570,3260 2633,3262 2696,3265 2758,3268 2821,3271 2884,3273 2947,3276 3010,3278 3073,3280 3136,3282 3199,3284 3262,3285 3325,3286"/>
                <TextEquiv>
                    <Unicode>dem „theuren alten Freunde“ spricht, dessen wüthende Invectiven</Unicode>
                </TextEquiv>
            </TextLine>
            <TextLine id="r3l51" custom="readingOrder {index:50;}">
                <Coords points="2048,3298 3207,3327 3331,3362 3343,3313 2049,3255"/>
                <Baseline points="2059,3291 2122,3292 2186,3294 2249,3296 2313,3298 2377,3300 2440,3303 2504,3305 2567,3307 2631,3310 2695,3313 2758,3315 2822,3318 2885,3320 2949,3323 3013,3325 3076,3327 3140,3329 3203,3331 3267,3333 3331,3335"/>
                <TextEquiv>
                    <Unicode>er sich ins Gesicht schleudern läßt. Kaum aber ist die Probe</Unicode>
                </TextEquiv>
            </TextLine>
            <TextLine id="r3l52" custom="readingOrder {index:51;}">
                <Coords points="2048,3343 3147,3394 3313,3390 3338,3337 2050,3298"/>
                <Baseline points="2059,3340 2122,3340 2185,3341 2249,3342 2312,3343 2376,3345 2439,3347 2502,3349 2566,3352 2629,3354 2693,3357 2756,3360 2819,3362 2883,3365 2946,3367 3010,3370 3073,3372 3136,3374 3200,3376 3263,3377 3327,3378"/>
                <TextEquiv>
                    <Unicode>vorüber, so kommt der Gehaßte selbst im eleganten Pelz als vor¬</Unicode>
                </TextEquiv>
            </TextLine>
            <TextLine id="r3l53" custom="readingOrder {index:52;}">
                <Coords points="2046,3388 3338,3442 3340,3385 2048,3351"/>
                <Baseline points="2056,3387 2119,3388 2183,3390 2246,3392 2310,3394 2373,3396 2437,3398 2500,3400 2564,3403 2627,3405 2691,3407 2755,3410 2818,3413 2882,3415 2945,3417 3009,3419 3072,3422 3136,3424 3199,3426 3263,3428 3327,3430"/>
                <TextEquiv>
                    <Unicode>nehmer Herr und erkundigt sich herablassend zärtlich, warum ihn</Unicode>
                </TextEquiv>
            </TextLine>
            <TextLine id="r3l54" custom="readingOrder {index:53;}">
                <Coords points="2041,3433 3348,3512 3350,3457 3261,3431 2042,3402"/>
                <Baseline points="2051,3436 2115,3438 2179,3440 2244,3442 2308,3445 2373,3447 2437,3449 2501,3452 2566,3454 2630,3456 2695,3459 2759,3461 2823,3464 2888,3466 2952,3469 3017,3472 3081,3474 3145,3477 3210,3480 3274,3483 3339,3486"/>
                <TextEquiv>
                    <Unicode>der „liebe arme Jugendfreund“ habe rufen lassen, was er von ihm</Unicode>
                </TextEquiv>
            </TextLine>
            <TextEquiv>
                <Unicode>box 21/2
der Verzweiflung des so grausam enttäuschten Jünglings, der
nicht mehr loszureißen vermag. Der Meister tritt ein und fin
die Beiden. Das Weib wirft sich ihm zu Füßen und beke
das Geschehene und sagt: „Nun tödte mich!“ Der betrogene Ga
aber heißt den mit seiner Verachtung belasteten Schüler geh
Nun verlangt auch dieser seinen Tod von der Hand des
leidigten. Aber vergebens ruft er dem Meister wüthende Schn#
hungen zu, um ihn zum Zorne zu reizen. Dieser bleibt kalt. D
die Sünderin selbst greift zum Dolch und stößt das Opfer sein
Leidenschaft nieder. Wie sie noch starr vor Entsetzen über
selbstbegangene That dasteht, heißt sie der Gatte in dieser Stellu
verharren, greift zu Pinsel und Palette und vollendet sein Bi
für dessen Frauengestalt er nun erst die passendste Situation, d
rechte Stellungs= und Ausdrucksmotiv gefunden zu haben mei
Dann verdunkelt und erhellt sich die Bühne wieder. Das Mitte
geläut ertönt von neuem. Wir blicken wieder in die Galler
Die Dame erwacht zum Bewußtsein aus dem räthselhaften Traut
zustand. Das darin Erlebte hat sie auf andere Gedanken gebrach
hat ihr Mitleid für den liebenden Leonard eingeflößt.
komme heut Abend zu Dir, verspricht sie ihm lächelnd.
wird nicht mit dem Gatten reisen, und — der Vorhang fällt.
In einer Stube des wiener Allgemeinen Krankenhauses spieh
das dritte Drama „Die Masken“, das packendste von allen. E
im Leben schiffbrüchig gewordener, wenig über fünfzig Jahre alt
Journalist erwartet todtkrank, elend und verlassen seine letz
Stunde. Ein noch munter umhertänzelnder, vermeintlich scho
halb genesener Schauspieler sucht den Aermsten vergebens m
lustigem Humor über seinen Zustand zu täuschen. Ebensowen
gelingt das dem Anstaltsarzt. Der Kranke weiß,
das sein
Minuten gezählt sind. Da beschwört er den Arzt, ihm eine
alten Jugendfreund, einen glücklich in die Höhe gekommene
Modeschriftsteller, Weichhold, den er um jeden Preis vor seinen
Ende noch einmal sprechen möchte, hierher zu schaffen. Der Arz
giebt den dringenden Bitten nach und verspricht es. Der Schau
spieler kann die Neugierde nicht bezähmen und dringt in der
Kranken, ihm zu sagen, was er denn gar so Nothwendiges mi
diesem Herrn zu sprechen habe. Endlich bringt er es denn auch
aus dem dem Tode Nahen heraus, daß er dem eitlen, hohlen
heuchlerischen, häßlichen Lumpen das Register seiner ganzen Er
bärmlichkeiten vorzuhalten und ihm noch zuletzt das Leben zu verz
giften verlange durch die Offenbarung des Geheimnisses, daß des
Verhaßten Frau, von der dieser sich angebetet und bewunder
glaubt, ihn verlache, ihn verachte und des nun Sterbenden Ge¬
liebte gewesen sei. Der Schauspieler beredet ihn, zunächst ein
Probe mit dieser geplanten Rede abzuhalten, wobei er den
Anderen spielen wolle. Das geschieht denn auch in einer köstlichen
Scene, in welcher ersterer im treu copirten Ton Sonnenthal's zu
dem „theuren alten Freunde“ spricht, dessen wüthende Invectiven
er sich ins Gesicht schleudern läßt. Kaum aber ist die Probe
vorüber, so kommt der Gehaßte selbst im eleganten Pelz als vor¬
nehmer Herr und erkundigt sich herablassend zärtlich, warum ihn
der „liebe arme Jugendfreund“ habe rufen lassen, was er von ihm</Unicode>
            </TextEquiv>
        </TextRegion>
    </Page>
</PcGts>
