3436 4384
989 121 2285 178 dem Dolche". In der Gemäldegalerie geben sich Pauline, die Frau
986 155 2283 201 seines Dichters, und Leonhard, ihr Anbeter, ein Stelldichein. Sie stehen
974 199 2281 230 vor dem Bilde eines unbekannten Meisters, der „Frau mit dem Dolche“
974 236 2291 288 die stier auf die Leiche eines von ihr gemordeten Jünglings blickt. Frau
986 273 2288 306 Pauline, die unberechenbar capriciöse Dame, schaut der dolchbewehrten
982 307 2281 345 Mörderin des Bildes auffallend ähnlich. Und als die Lebende die ge¬
977 350 2287 400 malte Doppelgängerin näher betrachter, findet sie auch, daß der am
979 384 2285 428 Boden liegende, vom Dolche durchbohrte Jüngling ihrem Leonhard gleicht.
987 424 2286 477 Dem Paare dämmert eine traumhafte Ahnung empor, als hätten sie
978 457 2285 518 schon einmal gelebt, sich schon einmal geliebt; die Schatten vergangener
983 492 2284 534 Zeiten steigen herauf und in einer Vision tritt die im Bilde dargestellte
978 535 2288 588 Sensationsgeschichte aus der Renaissancezeit sichtbarlich an die Stelle
977 562 2286 619 der Gegenwart. Pauline wandelt sich zur Paola, Leonhard zum
983 621 2283 666 Lionardo. Sie erleben ihr modernes Schicksal in der Variation jener
970 649 2290 689 blutigen Zeiten. Die Vision nimmt ein Ende. Pauline und Leonhard
973 687 2282 736 sind wieder in der Gemäldegalerie. Aber unter dem betäubenden Einfluß
974 724 2288 763 des erotischen Traumes tritt jetzt bei Pauline entschlossene Gewährung
981 771 2277 813 an die Stelle unentschlossenen Versagens. Mit der tnappen Abrede des
971 789 2285 842 entscheidenden Rendezvons schließt das Bild, das seine eigenen, phan¬
978 834 2277 876 tastischen Reize besitzt, aber unter der Subsumirung unter die Gemein¬
981 872 2275 925 samkeit der Idee der „Lebendigen Stunden“ entschieden zu leiden hat.
983 907 2280 955 Die kecke Schlußpointe verheißt zwar eine sehr lebendige Stunde, aber
972 946 2171 994 eine von ganz anderer Art, als der Dichter ursprünglich meinte.
1067 979 2274 1034 Nummer drei: „Die letzten Masken“ ist von einer theatralischen
981 1014 2280 1064 Kraft, die an den „Grünen Kakadu“ erinnert. Sie spielt im Kranken¬
970 1062 2285 1100 hause, zwischen Sterbenden. Der Eine ist Schauspieler, der andere
986 1098 2283 1156 Journalist. Gegner im Leben, Freunde hier. Der kleine Mime trägt sich
969 1143 2283 1178 mit Zukunftshoffnungen und studirt den Tod für die Zwecke des
981 1171 2273 1216 Lebens. Der kleine Zeitungsschreiber weiß, daß er am Ende steht.
981 1215 2276 1253 Er hat nur noch einen Wunsch, den, dem zum Ruhm gelangten
969 1234 2276 1296 „Freunde", dem berühmten Antor Weihgast, seinen Haß, seine Ver¬
967 1288 2282 1341 sachtung ins Gesicht zu werfen, ihm den Schimpf zuzuschleudern, daß er
980 1322 2282 1362 im eigenen Hause der Betrogene gewesen ist. Schauspieler und
978 1359 2285 1410 Journalist halten zusammen Probe, um die Einzelheiten der Seene
987 1398 2272 1451 festzustellen. Ein bizarrer, kühner, aber doch mehr erklügelter, als
992 1442 2271 1477 lebensaufrichtiger Einfall. Dann, als Weihgast kommt und seine eigene
982 1473 2281 1528 Kampfmüdigkeit, seine nichtige Eitelkeit enthullt, gelangt jene Scene doch
975 1521 2277 1573 Inicht zur Ausführung. Der sterbende Journalist erkennt, daß er glück¬
974 1538 2276 1588 licher ist, als der lebende Dichter und verzichtet auf seine Rache. Diese
972 1585 2276 1645 Wandlung hätte vielleicht noch schärfer motivirt werden können. Dafür
978 1624 2279 1675 sentschädigt die meisterlich gegebene Krantenhaus=Schilderung mit den
978 1665 1583 1712 haarscharf umrissenen Gestalten.
1068 1699 2257 1747 Nach diesen drei Tragödien kommt die Posse. Sie heißt „Litteratur“
935 1737 2274 1794 zlund ist in ihrer Lustigteit geschlossener, als ihre drei ernsthaften Vor¬
941 1776 2281 1829 asgängerinnen in ihrer Tragik. Charakteristische Eigenschaften unserer
975 1814 2275 1861 großstädtischen Litteratur=Bohémiens werden mit zundendem Witz an
972 1855 2276 1903 den Pranger gestellt. Margarethe ist ein jener Damen, die viel er¬
974 1887 2281 1926 sieben müssen, um viel „dichten“ zu können. Als sie die gleichgestimmten
983 1928 2265 1976 Genossen ihrer Erlebnisse satt hat, findet sie zur rechten Zeit den Sports¬
970 1965 2270 2005 lman Clemens, der sich aus den Pferden mehr macht, als aus der
978 1997 2276 2062 Litteratur. Margarethe will Frau Baronin und ordentlich werden, aber
977 2042 2259 2078 ein bischen dichten möchte sie auch. Ihr neuester Roman soll die brief¬
975 2074 2259 2129 lichen Ergüsse ihrer letzten illegitimen Liebesavemiure enthalten, natür¬
978 2103 2276 2171 lich, ohne daß Clemens ahnen darf, daß jene Ergüsse echt sind. Aber
993 2150 2270 2197 Gilbert, der Adressat und Schreiber der Briefe, hat ganz dieselbe geniale
986 2185 2283 2231 Idee gehabt. Auch in seinem Romane sollen diese menschlichen
983 2214 2283 2287 Solumente als Hauptstück paradiren. Dann müßte aber selbst ein
984 2263 2283 2310 Clemens den pikanten Zusammenhang merken und so erkennt Margarethe
981 2298 2275 2347 frechtzeitig die Gefahren des allzu aufrichtigen Litteraturbetriebes. Sie
971 2340 2284 2398 swirft das letzte, verrätherische Exemplar der von Clemens aufgekauften
983 2369 1733 2427 Auflage ihres Werkes ins Feuer und —
1729 2373 2266 2430 giebt damit dem künftigen
980 2409 2264 2465 Gatten ein schönes Opferzeichen ihrer hingebenden, selbst auf litterarische
983 2454 2265 2491 Ehren verzichtenden Liebe. Die kleine Farge ist voll amüsantester
985 2489 2265 2533 Pointen und von A bis Z mit glänzendem Elan zu Ende geführt. Die
985 2530 2266 2576 Gigerl der Aristokratie und der Bohème haben sich nicht zu beklagen.
983 2557 2274 2610 Sie bekommen beide ihr vollgemessen Theil und zwar mit den doppelt
972 2591 1651 2664 schmerzenden Hieben feinster Ironie.
1045 2631 2272 2684 Man sieht aus Allem, daß die scenische Wiedergabe der vier neuen
976 2664 2268 2733 Schnitzlers kein leichtes Ding ist. Herr Niedt, der bisher bei Seite ge¬
980 2719 2269 2762 standen hat, war für diese Aufgabe als Regisseur bestallt worden. Der
973 2744 2275 2800 Abend setzte darstellerisch sehr matt ein. Grade der äußerlich anspruchs¬
979 2795 2260 2840 loseste Act, die „Lebendige Stunden“ wurde am schwächsten gespielt. Der
977 2821 2262 2876 Hausdorfer des Herrn Ziegel polterte allzu laut drauf los und Herr
971 2853 2271 2898 [Schlaghammer war wohl für seine Verhältnisse ganz brav, vermochte
976 2909 2262 2953 aber mit seiner Liebhaber=Routine der blasirten Melancholie des jungen
970 2938 2262 2987 Dichters nicht beizukommen. Im zweiten Stück versagte die Regie oder
978 2975 2262 3025 vielmehr die Splendidität der Direction. Die Scene spielt in einer Ge¬
970 3015 2262 3068 mälde=Galerie. In welcher Stadt, sagt Schnitzler nicht. Aber beim Auf¬
973 3047 2264 3102 gehen des Vorhanges wußte es jedermann. Das konnte nur die Gemälde¬
976 3099 2258 3139 Galerie von Potschappel sein, dieses winzige Sälchen mit den windschiefen
968 3162 2265 3221 Titelbild, das sich vermaß, Frl. Illing ähnlich zu sehen, erzielte
960 3197 2004 3254 sa tempo, einen durchschlagenden Heiterkeits=Erfolg.
2001 3198 2264 3256 Auch die
964 3234 2264 3278 zweimalige mysteriöse Verwandlung, bei der alles auf Schnelligkeit und
971 3275 2255 3328 traumhaft verschwimmen de Illusion ankommt, mißglückte. Bei den eigenthüm¬
956 3317 2268 3370 lichen Raum= und Lichtverhältnissen der Lobebühne wäre es richtig gewesen¬
957 3371 2251 3424 die Metamorphose hinter einem deckenden, die scenischen Arbeiten ver¬
953 3420 2240 3467 hüllenden Schleier vorzunehmen. Es ist ein Beweis für die Kraft des
962 3458 2241 3501 Werkes und des Spieles von Frl. Illing, daß selbst unter diesen widrigen
956 3490 2235 3543 Umständen ein entschiedener Erfolg für die „Frau mit dem Dolche“ zu
956 3535 2233 3575 Stande kam. Herr Schlaghammer hatte einen „eleganten Jüngling in
964 3572 2237 3614 schwarzem Mantel“ zu mimen. Den schwarzen Mantel hatte er richtig an,
954 3603 2243 3648 aber mit der Eleganz war es schwach bestellt. Besser als der moderne
949 3644 1986 3707 „Hausfreund“ gerieth ihm der Amoroso des Cinquecento.
1030 3658 2256 3724 Auf bequemeres Terrain gelangten Regie und Schauspieler mit den
955 3720 2249 3770 „Letzten Masken“ Hier excellirten die Herren Ziegel (Journalist), Marx!
956 3758 2248 3801 (Schauspieler) und Botz (Weihgast). Und trotzdem der menschenfreundliche
960 3797 2250 3832 Krankenhausarzt des wirklich ein bischen viel beschäftigten Herrn Schlag¬
952 3819 2255 3875 hammer viel steifer als nöthig war, kam doch die düstere Stimmung des
951 3871 2253 3920 Nachtbildes bedrückend ntark heraus. Den abschließenden Schwank endlich
962 3908 2241 3952 gaben Fräulein Illing, die Herren Marx und Botz mit sprühender!
959 3941 2246 3989 Laune. Sehr drollig war insbesondere Herr Marx als Clemens, aber doch
961 3976 2242 4031 nicht ganz echt. Daß er einen Aristokraten und halben Antisemiten
961 4019 2215 4081 repräsentiren soll, heißt auch entschieden zu viel von ihm verlangen. F.
