3484 4384
1987 56 2714 147 vere— ere- reneer sene
1549 74 2722 182 große Bestrebungen, es ist voll von Mühseligkeiten, von¬
1541 123 2702 236 Ideen, von realem Schaffen. Gewal ige Probleme werden
1542 173 2647 269 gelöst öder rastkose Hirne martern sich wenigstens gö, um
1526 218 2642 312 zu ergründen. Dabej mitzuhelsen, zu fördern, zuswirken,
1529 260 2701 370 des Dichters Aufgabe. Er ist ein spielerischer Mussicgänger,
1510 304 2705 421 #wenn#er in der Ecke eines Literauurkaffeehauses bleibt
1515 343 2689 468 und nur seine Umgebung betrachtet. Aber das ist seit einiger
1527 399 2693 517 #eit so Mode. Der Literat wird Ressortmensch. Maler Klecks
1521 448 2699 571 malt einen Maler, wie er einen Maler malt, und der
1521 499 2693 625 Dichter dichtet Dichter, wie sie über Dichter dichten. Man
1511 545 2682 654 wird zugeben mü en, daß dies zumindest eine Einseitig¬
1517 596 2695 692 keit ist, denn die Literatur soll ein Spiegel der Zeit
1506 629 1629 693 sein
1626 646 2678 751 und nicht blos ein Spiegel Derjenigen,
1512 678 1874 755 die der Zeit
1890 690 2677 799 einen Spiege! vorzuhalten haben.
1500 732 2681 853 Diese principielle Einwendung muß vorausgeschickt werden,
1492 778 2666 876 ehe man den Vorzügen der Schnitzler'schen Einatter Gerech¬
1476 843 2643 910 #tigkeit widerfahren lassen darf. Der Schwank „Literatur“
1495 877 2669 973 ist eine flotte Persiflage der „Bohéme“. Margarethe, eine
1487 939 2670 1021 geschiedene Frau, hat ein Verhältniß mit einem literarischen
1496 980 2657 1069 Jüngling, der noch im Urzustande des Havelocks und des
1494 1033 2668 1117 Calabresers ist. Sie wandert dann in die Hände eines
1493 1071 2659 1151 Barons, der sie ehelichen will. Da geschieht das, was heut¬
1483 1136 2656 1202 zutage so oft vorkommt: die abgestandene Liebe wird in
1476 1167 2660 1253 Druckerschwärze umgesetzt. Der Calabreser schreibt über sie einen
1482 1214 2653 1300 Roman, sie schreibt einen Reman über den Calabreser.
1478 1251 2652 1342 Aus Angst vor einer Entde kung durch die Gleichartigkeit der
1469 1322 2644 1384 Themen opfert Margare he ihren Roman dem Feuertode. Der
1474 1366 2644 1459 Baron, der selbstverständlich bornirt ist, und sich blos für
1474 1407 2650 1489 Pferde interessirt, nimmt dies als Liebesbeweis hin und
1469 1466 2641 1556 Margarethe darf sich beruhigt sieben Zacken auf ihre
1461 1506 2062 1581 Taschentücher sticken lassen.
2144 1522 2640 1604 In dem Schauspiele
1473 1563 2644 1621 „Die letzten Masken“ wird die Todesstunde
1463 1611 2641 1674 eines Journalisten geschildert, der sein geistiges Pfund loth¬
1450 1662 2637 1738 weise in der Zeitung verausgabt hat und elend im
1458 1710 2643 1776 allgemeinen Krankenhause zusammenbricht. Ich weiß nicht, ob
1458 1751 2633 1834 viele meiner Berufscollegen Herrn Dr. Schnitzler für diese
1456 1791 2635 1875 mitleidsvolle Regung dankbar sein werden, denn es ist nicht
1456 1840 2626 1928 sehr angenehm, den Stand, dem man angehört, öffentlich
1440 1885 1877 1963 proletarisirt zu sehen.
1546 1943 2625 2045 Das Schauspiel „Die Frau mit dem Dolche“
1449 1966 2626 2078 ist eine jener Mahnungen an die Seelenwanderung, die uns
1446 2045 2628 2127 Alle mitunter beshleicht. Buddha glaubte an sie und selbst
1444 2090 2628 2177 der ewig kritische Schovenhauer kokettirt mit ihr. Man hat
1443 2134 2620 2225 manchmal die unbestimmte Empfindung, als sei man schon
1433 2161 2610 2261 einmal auf dieser Welt gewesen, lange, lange vorher. Pauline,
1438 2217 2618 2315 die Frau eines Schriftstellers, steht mit ihrem jugendlichen
1434 2269 2620 2363 Verehrer Leonhard vor der „Frau mit dem Dolche", dem
1435 2305 2614 2394 Bilde eines unbekannten Malers aus der Renaissance. In
1429 2371 2604 2440 dem Augenblicke, da die Versuchung an sie herantritt,
1431 2425 2610 2506 fühlt Pauline, sie selbst sei einst jene Frau geresen, sie habe
1425 2477 2612 2553 mit dem gezückten Dolche den Geliebten getöbtet, und ihrem
1428 2516 2608 2597 Gatten Remigio sei aus dieser Mordthat die herrlichste
1420 2548 2603 2656 Schöpsung erstanden: die Frau mit dem Dolche. Pauline
1418 2614 2607 2707 erwacht aus ihrer hysterischen Versunkenheit und gibt ihrem
1414 2668 2592 2746 Verehrer ein Rendezvons für denselben Abend. Wozu also
1414 2702 2596 2790 die Träumerei? Daß man auch früher einmal geliebt hat,
1422 2743 2600 2838 ist keine unbekannte Thatsache. Sie ist sogar durch den
1421 2811 2604 2900 ersten Sündenfall biblisch und unwiderleglich festgestellt.
1420 2852 2592 2934 Die Rückerinnerung an das Cinquecento het wenig Sinn,
1421 2895 2589 2987 wenn sie nicht zur Warnung wird. Oder soll nur ausgebrückt
1420 2960 2599 3029 werden, daß Alles in der Zeiten Wandel sich wiederholt?
1404 2997 2606 3104 Das ist eine Weisheit, die durch ihre große Verbreitung
1399 3034 1993 3114 bereits einer Baualität ähnelt.
1503 3091 2587 3175 Die vier Einacter Schnitzler's sind im Grunde genommen
1408 3126 2598 3231 nur vier Einfälle, die wieder viele hübsche kleine Einfälle
1403 3168 2041 3262 enthalten. Graziöse Worte,
2064 3202 2174 3268 wie
2316 3213 2588 3272 in Salons
1397 3244 2581 3326 geschliffen werden, angekränkelte Gedankenblässe, feine
1416 3277 1713 3342 Stimmungen.
1875 3294 2590 3373 große dramalische Zug fehlt.
1412 3331 2578 3411 Herr Dr. Schn#er hat einen zu kurzen Athem, er wird
1401 3376 2583 3457 fertig, ehe dem Zuschauer warm geworden ist. Der Abend
1390 3421 2575 3504 brachte ein Wiedersehen mit lieben Bekannten vom Berliner
1398 3466 2578 3555 Deutschen Theater. Max Reinhardt, Rudolf Rittner,
1391 3511 2581 3588 Albert Bassermann, Friedrich Kayßler, dann Hans
1394 3564 2565 3630 Fischer und Oskar Hofmeister bilden eine tüchtige
1400 3604 2571 3678 Truppe, die auch im stärksten Feuer bestehen kann. Fräulein
1402 3650 2572 3744 Irene Triesch, welche die Margarethe und die Pauline gab,
1409 3699 2556 3784 ist eine intelligente und begabte, nur etwas zu nervöse Schau¬
1405 3740 2558 3833 spielerin. Die Mitwirkenden wurden oft gerufen, Herr Dr.
1390 3786 2564 3886 Schnitzler mit ihnen. Im Hause sah man viel „Literatur“.
1384 3835 2565 3931 Das war schließlich blos ein Act der Dankbarkeit für die vier
1384 3891 2144 3974 Acte, die ihr gewidmet worden waren.
2374 3916 2524 3984 Ltz.
