3436 4256
323 265 1995 369 16.1. Lebendige Stunden— Zyklus
2127 286 2608 390 box 21/2
186 1438 3345 1597 ren gegangen, neue Kraft. Dies ist der erste Paradesatz. Wir [Opfer wird vergebens sein; dieser schwachherzige, handfertige Jongleur und Taschenspieler ist, das
184 1493 2386 1609 Hinauf, möchte sind Sklaven des Schicksals allesammt. Es peitscht phrasengeschwollene Jüngling dringt niemals zum
178 1520 2385 1664 n sein: Einer, unsern Geist durch die Jahrhunderte; dem, was [Gipfel auf. Interessant ist an dem auf Schrauben
2365 1558 3344 1647 vermag uns nur der „Schleier der Beatrice" zu
181 1572 491 1656 kirte Sisyphus
2376 1621 3339 1690 zeigen. Wirklich, Herr Brahm sollte uns zu dieser
466 1584 2385 1721 uns vorherbestimmt war, können wir nicht ent= gestellten Stücke die grelle Beleuchtung des ehe¬
198 1620 1424 1726 Nun probirt gehen; wir müssen dem Fatum zu Willen sein. Dies
2362 1657 3349 1741 Erkenntniß verhelfen. Der Krach des „Rothen
1424 1660 2377 1744 männlichen und des kindlichen Egoismus: Vater
174 1669 1427 1771 und diese oder ist der Weisheit zweiter, tiefinnersier Sinn. Die
2365 1700 3352 1782 Hahnes“ gibt ihm Zeit und Anlaß zu einem Experi¬
185 1719 482 1781 kt es stunden¬
1412 1717 2373 1800 und Sohn werden wenige Monate später die Todte
458 1720 1430 1815 Chokolade könnte Einem kalt werden, wenn man
2364 1751 3364 1843 ment, das nicht von vornherein eine Niederlage be¬
185 1748 475 1824 Bummler hat
1418 1760 2371 1846 vergessen haben und seelenvergnügt ihren kleinen
459 1772 1431 1864 sich nachhaltig in sie versenkte. Und drittens: der
2366 1790 2614 1857 deutet.
2661 1810 3325 1878 Richard Nordhausen.—
183 1808 475 1872 um soignirten
1418 1810 2371 1893 Spezialliebhabereien nachrennen. Vater und Sohn
462 1825 1422 1901 Tod macht groß und frei. Wahre lebendige Stun¬
188 1847 468 1934 es Bischen an
3127 1865 3224 1913 —
1404 1855 3326 1964 sagen sich an der offenen Gruft Derer, die um ihret¬  S
453 1852 1421 1961 den werden uns oft genug erst auf dem Sterbebette
1402 1909 2370 1989 willen sterben ging, recht anzügliche, wenn auch höf¬
457 1910 1418 1995 bescheert. „Die letzten Masken“ heißt das Schau¬
1404 1937 1791 2010 liche Bosheiten ...
202 1927 1426 2044 einer Folge spiel, worin Schnitzler dies Theorem illustrirt. Ein
1436 1990 2373 2072 „Die Frau mit dem Dolche“ könnte von einem
183 1969 1424 2088 Theater neu=armer Heruntergekommener liegt verröchelnd im
1412 2024 2370 2119 Zacharias Werner, richtiger gesagt von einem
183 2035 1416 2122 n einer StelleSpital. Leben und Dichten sind ihm verronnen,
1405 2073 2381 2155 Wienerischen Müllner stammen. Paula und Leon¬
173 2078 1418 2173 piel „Litera=Inutzlos, glücklos, Nun beseelt ihn nur noch der eine
1404 2122 2364 2212 hard haben sich in der Gemäldegalerie ein Stelldich¬
179 2118 1419 2219 der amathus=Wunsch: Rache zu nehmen an dem Jugendfreunde,
1402 2167 2362 2234 ein gegeben. Sie liebt den heiß begehrenden Jüng¬
169 2160 1406 2259 res durchaus der es so herrlich weit gebracht hat und doch ein er¬
1396 2211 2360 2294 ling nicht, aber es kitzelt sie, sich an ihrem berühmten
180 2215 1414 2312 an veröffent= bärmlicher Hohlkopf, ein künstlich aufgeblasenes
1403 2251 2367 2341 Mann zu rächen, der sie unablässig hintergeht. Und
180 2247 1417 2359 selbsterlebter [Nichts ist. Er läßt ihn an sein Lager rufen, um
1392 2298 2356 2384 während sich ihre Blicke in das Bild vor ihr, die
179 2296 2353 2416 in korrekter sihm Verachtung und Hohn in's Gesicht zu schreien, Frau mit dem Dolche, bohren, wähnt sie plötzlich,
167 2339 2349 2461 Die Richtigkeit um ihm zu verrathen, daß dem Dunklen, jetzt in die selber diese Frau zu sein. Traumgewvölt steigt auf:
185 2386 2354 2516 daß heirats= Nachi Versinkenden die Liebe der Frau gehört hat, jPaola hat mit Lionarbo eine Liebesnacht vertän¬
168 2406 1412 2519 ihre Erotica die der berühmte Dichterling an sic uketten wußte.
1392 2466 2353 2565 delt; als aber der Meister zurückkehrt, da gesteht sie
169 2457 1410 2574 bler zu über= Der Sterbende spielt einem Leidensgenossen einem
1398 2521 2358 2613 ihm Alles und ersticht den Buhlen. Und Remigio,
197 2523 2353 2651 Der deka= übrigens mit prächtiger Komik gezeichneten Schau=der große Künstler, der jenseits von Gut und Böse,
165 2557 2349 2692 ut eine Reihe spieler, die wilde Racheszene vor. Als dann aber Liebe und Haß, steht, greift zum Pinsel und benutzt
164 2592 2359 2720 marotzt hat, der sehnsüchtig Erwartete kommt und mit trauriger die Mörderin als Modell . .. Der Traum verweht,
157 2651 1391 2755 nen, jene sel=Stimme von seinen Mühseligkeiten erzählt, seinen
1381 2695 2345 2784 Paula und Leonhard stehen noch vor dem Bilde...
153 2713 1401 2786 arbeiten. Und krampshaften Anstrengungen, sich oben zu erhalten,
1378 2735 2349 2833 „Ich komme heute Abend,“ flüstert sie ihm in jäher
164 2744 1399 2832 ich er gewisse eine Tagesgröße zu bleiben, als er all' seine kleine
1387 2784 2355 2873 wilder Laune zu. Es ist nicht ganz klar, was
154 2775 2353 2917 un ist es der Eitelkeit und Windigkeit beichtet, da verzichtet der Schnitzler mit dem verblüffenden Schlusse sagen
155 2825 2343 2967 rischen Ruhm [Kranke auf die Rache an diesem Aermlichen. Der will. Hat er sich wirklich Hirngespinnsten über die
161 2876 2340 2983 tigam erhal=ist ihm zu schäbig dazu ... „Die letzten Masken“ Seelenwanderung hingegeben und beabsichtigt am
167 2931 1379 3010 erwacht ... sind ein wenig umständlich komponirt, aber mit be¬
1382 2946 2347 3042 bunten Beispiel aufzuweisen, daß wir Spielbälle
151 2974 1385 3062 eren Ton und trächtlichem Fleiße aufgebaut; sie überraschen und
1377 2989 2341 3096 sind in der Hand des Schicksals, dann scheint mir
164 3009 1389 3093 viel mit der stimmen zugleich nachdenklich. Hier ist es dem Ver¬
1374 3050 2335 3147 das Exempel gerade nicht besonders geschickt ge¬
164 3060 1385 3160 khur Schnitz= [fasser gelungen, seinen Ideen persönliches Leben
1364 3095 1593 3162 wählt. —
160 3099 1377 3194 kaffeehäusern zu verleihen; hier wirken Handlung und Menschen
1398 3139 2335 3226 Am Einakter, auch wenn er gleich in Waggonlad¬
171 3125 1376 3235 Tratsches ist, nicht von vornherein erkl lgelt, wie in den beiden
160 3185 352 3242 machen.
1368 3187 2335 3273 ungen auf uns niederprasselt, erkennt man Art und
409 3211 1372 3279 anderen Stücken, der „Frau mit dem Dolche" und
1366 3225 2333 3299 Vermögen des Dichters schlecht. Ein tändelnder
164 3232 1382 3326 der Bummel=den „Lebendigen Stunden“, welch' letzteres Dramo¬
1365 3272 2332 3356 Gedanke; gebotene Flüchtigkeit, die den Stoff nicht
153 3263 1370 3380 d das macht let dem ganzen Cyklus den Namen gegeben hat.
1349 3318 2317 3403 ausschöpfen will und darf; ängstliche Sorge, vor
158 3321 1368 3418 den drei an= Wie Henriette Stieglitz sich erschoß, um das dichter¬
1348 3361 2331 3441 Allem den Schlager, den Akt= und damit Dramen¬
157 3364 2333 3506 ste Grübler=ische Genie ihres Mannes zu großer That zu ent= schluß, gehörig vorzubereiten; dazwischen kokettes
157 3417 2324 3523 künstlerische flammen, so begeht bei Schnitzler eine Mutter [Spiel mit geistreichelnden Nebenbeziehungen —
163 3453 2326 3568 r beim GlaseSelbstmoro, damit der geliebte Sohn nicht länger was kann daraus Gutes werden? Ob Schnitzler
165 3500 2318 3618 serlöschende unter dem Bann ihrer schweren Krankheit schmach= seit seinem „Grünen Kakadu“ einen Schritt vor¬
151 3535 2341 3679 igenen Leben ten muß und frei die Fittiche regen kann. Ihr wärts gethan hat, ob er mehr als der sinnverwirrend
