3484 4256
-12 3091 46 3163 ri
-5 2804 59 2854 ein
14 3196 60 3239 1
309 190 1960 277 16.1. Lebendige Stunden— Zyklus
190 2050 1588 2114 schon krän= ihr Blick auf das Bild eines alten venetianischen Meisters,
427 2093 1583 2159 „Die Frau mit dem Dolche“, und in dem Ermor¬
195 2103 396 2161 Freunde,
426 2132 1586 2196 deten zu deren Füßen möchte sie den Liebhaber erkennen:
179 2133 414 2204 lters, der,
184 2189 418 2246 war. Ihr
423 2180 1593 2242 ihre Hand hat ihn niedergestreckt. Und die Frau selbst? Ist
421 2228 1597 2294 sie das nicht, in ferner, ferner Vergangenheit, als Weib des
180 2242 415 2294 denn, wie
180 2276 401 2338 em Leben
426 2271 1602 2334 Cinquecento ?... Die Bühne verwandelt sich, und wir
420 2314 1598 2377 sehen sie so. Als Gemahlin des berühmten Malers Remigio
171 2323 414 2383 den Sohn
433 2369 1605 2422 hat sie, ohne Liebe, die Nacht mit dessen Schüler verbuhlt.
175 2365 411 2427 nzen Bru¬
172 2406 407 2464 cht er dem
423 2400 1597 2463 Ihre Sünde war groß, aber ihr Mut ist nicht kleiner. Als
428 2443 1602 2505 der Morgen graut, ist sie entschlossen, dem heimkehrenden
169 2452 410 2522 Prief. Der
425 2483 1607 2553 Gemahl ihre Schuld offen einzugestehen. Er mag dann
188 2500 405 2557 n so elasti¬
430 2534 1602 2596 richten. Aber der Meister, ganz Künstler, verschmäht die
179 2532 412 2604 tragen, der
422 2577 1600 2630 Rache und weist den Dieb seiner Ehre nur verachtend von
184 2581 406 2638 den Sinn
423 2622 1595 2679 der Schwelle. Auch dessen Drohungen, daß dann er ihn
165 2627 406 2684 Schöpfun¬
421 2673 1605 2718 töten werde, wo er ihn finde, können den Lächelnden nicht
189 2672 413 2726 bendige
431 2710 1603 2772 erschüttern. Da greift die Frau zum Dolche und sticht den
178 2712 407 2776 stellung der
439 2760 1605 2808 Liebhaber nieder. Und wie sie noch mit der blutigen Waffe
203 2751 417 2819 fruchtbar
438 2796 1610 2856 in schöner Pose wie erstarrt dasteht, greift er zu Pinsel und
186 2801 423 2863 stlos Toten
432 2834 1602 2891 Palette: die That des Todes wird ihm zur lebendigen In¬
195 2842 419 2905 bleibt un¬
207 2889 421 2948 der dem
427 2884 1606 2945 spiration, so will er sein mürrisch verlassenes Gemälde voll¬
698 2940 1611 2985 So zur Zeit der Renaissance; wie in der mo¬
163 2919 419 2995 hlos gegen¬
438 2940 620 2993 enden
431 2963 1613 3026 dernen? Die Frau erwacht aus ihrer Seelenwanderer¬
189 2970 423 3035 speit, wie
195 3021 415 3089 verkehr mit
439 3024 1552 3069 Halluzination — wie wird sie handeln? Man durfte g
214 3062 419 3119 Rein¬
440 3057 1616 3121 spannt sein, Aie Schnitzler diese raffiniert geschickte Anti¬
182 3099 419 3166 Spiel that
433 3103 1615 3168 these lösen würde, ein grandiöser Vorwurf erschien sich
922 3143 1610 3200 mit einem witzigen Frage¬
790 3143 922 3210 aber
185 3154 426 3213 rs schlichte
437 3153 666 3216 aufzuthun
192 3196 432 3261 e, hier ver¬
433 3196 1617 3246 zeichen schlägt er sich seitwärts in die Büsche. „Kommst
798 3236 1600 3293 „Ja, heute abend darfst Du mich erwar¬
204 3240 430 3297 der mehr
440 3238 788 3305 Du, Pauline?“ —
208 3278 428 3354 Versagen
440 3274 1612 3330 ten.“ Selten hat eine edle Rebe einen so fahrlässigen Kel¬
448 3305 1610 3381 terer gefunden. Das Stück bietet auch der Schauspielerkunst
440 3364 1614 3419 nur Virtuosenaufgaben, denen sich eine Könnerin wie
173 3349 432 3437 Quarteit den
442 3411 1620 3487 Irene Triesch vortrefflich, ein armseliger Schönling
173 3417 422 3476 an. Manch¬
448 3457 1424 3520 wie Rich. Hahn sehr wenig gewachsen zeigte.
176 3457 430 3525 m eindring¬
526 3481 1614 3547 Die tiefste Gabe des Abends waren „Die letzten
192 3498 441 3572 e trifft sich
432 3534 1615 3619 ]Masken“, eine Tragikomödie des menschlichen Sterbens,
203 3547 440 3610 der schon
443 3581 1615 3652 voller Humor und nachdenklicher Lebensphilosophie. Im
180 3583 433 3655 aftlich und
452 3625 1618 3687 Spital fühlt ein im Leben gescheiterter Journalist den Tod
180 3628 439 3700 fet von der
445 3666 1623 3726 Fnahen. Sein verbittertes Herz hat nur noch einen Wunsch:
184 3680 427 3740 Demütigun¬
452 3720 1614 3763 bevor er stirbt, möchte er seinem vom Glück umbuhlten und
182 3725 447 3786 vunde Seele
179 3774 1634 3827 mus, da fällt] doch so nichtigen Jugendfreund seine ganze Verachtung ins
2118 186 2555 287 box 21/2
2706 1999 2809 2073 SRRNRERR
2128 2047 3313 2129 Gesicht schleudern, nöchte dem „Glüclichen“ sagen, wie elend
2144 2121 3294 2180 er doch im Grunde ihm gegenüber gewesen sei — denn des
2141 2148 3301 2214 Freundes Frau war seine Geliebte und durchschaute die
2136 2197 3311 2275 ganze Flachheit des Glückspilzes. Er spielt diese pathetische
2135 2235 3323 2317 Genugthuungs= und Racheszene zur Probe gleichsam einem
2131 2284 3299 2337 anderen Sterbekandidaten, einem köstlich gezeichneten Komiker
2147 2324 3303 2399 (Hans Fischer), auch wirklich vor. Als aber der Ge¬
2129 2374 3310 2442 rufene da ist, in seiner ganzen behäbigen Wohlgenährtheit
2149 2411 3309 2489 und moralischen Salbung, da kommt mit den wachsenden
2141 2447 3333 2519 Schatten des Todes, mit den dämmernden Strahlen der
2140 2496 3320 2585 Ewigkeit das verstummende Verzeihen über ihn. „Die letzten;
2139 2540 3309 2610 Masken“ fallen. Er fragt nach der Frau, nach den Kindern
2256 2593 3316 2652 auch hier Sorge und Mühe, und dazu die Kleinheit
2144 2632 3318 2706 der Gesinnung — wer ist der Bemitleidenswerte? Er stirbt
2142 2684 3313 2747 und lächelt; der Andere geht, nach einem Trinkgeld an die
2142 2717 3320 2804 Krankenwärterin, zurück zu den kleinen Freuden und Leiden
2138 2763 3299 2835 seines ewigen Alltags. Reinhardt als Sterbender,
2148 2813 3305 2871 Bassermann als Lebender in einer prächtigen Frei¬
2148 2850 3310 2930 sinnsbarden=Maske führten das Stück, das beste, das
2151 2877 3323 2959 Schnitzter je gelungen, zu einem starken, mehr als theatra¬
2142 2952 2485 3025 lischem Erfolge.
2224 2986 3314 3061 Ein Satyrdrama „Litteratur“ ein Schwankbild
2146 3044 3288 3107 aus der Münchener Bohène voll entzückender Selbstironi¬
2153 3093 3176 3155 sierung und einem aus der Natur der Dinge natürli
2147 3135 3164 3196 borenen Witz, machte den Kehraus. Ein Zeitlustspi
2145 3186 3168 3264 der Décadence, neben dem Wolzogens „Lumpenge
2141 3220 3181 3284 nur eine piumpe Karikatur. Es hat nicht die Füll
2157 3270 3198 3328 Lebens und den positiven Gemütsinhalt der Freytag
2149 3303 3303 3375 „Journalisten“, aber es ist als Zeitdokument nicht weniger
2154 3339 3322 3415 charakteristisch und weit eleganter in der Technik, behender
2152 3383 3322 3455 im Witz, freier im Humor. IreneTriesch gab den Marie
2146 3432 3319 3495 Madeleine=, Rittner den Hartleben=Typus mit verblüffen¬
2152 3479 3310 3550 der Echtheit. Schnitzler hat an diesem Abend doch bewiesen,
2143 3523 3314 3593 daß er mehr kann als „der Menschheit Schnitzel kräuseln",
2145 3554 3324 3629 wenn er sich auch, seiner Nativität entsprechend, statt der
2156 3607 3332 3694 „Schwere dieser Erden“ mit den „spielenden Geberden“ be¬
3149 3649 3326 3727 F. 9
2144 3668 2391 3735 gnügt hat.
