3484 4384
1463 107 2505 198 Carl=Theater. Gestern hat die Eröffnungsvorstellung
1311 127 1386 210 7.
1390 136 2499 222 des Gesamtgastspiels des Deutschen Theaters in Berlin be¬
1389 187 2501 282 gonnen und zwar gelangte aus diesem Anlasse der Einakter¬
1388 243 2501 329 zyllus „Lebendige Stunden“ von Artur Schnitzler zur
1381 283 2495 379 Aufführung. Die vier Stückchen, die scheinbar ganz ver¬
1376 305 2495 396 schiedene Fragen behandeln, sind miteinander durch eine
1380 368 2487 456 gemeinsame Idee in Verbindung gebracht, ähnlich wie dies
1378 405 2499 501 bei Sudermanns „Morituri“ der Fall ist. Diese gemeinsame
1376 454 2556 559 Idee ist die, daß die verschiedenen Kunstformen nicht immer##
1146 510 1246 576 Für
1365 490 2479 583 im stande sind, Ereignisse des wirklichen Lebens festzu¬
1251 550 1350 605 100
1363 535 2542 633 halten, sondern daß selbst aus der Vernichtung mensch=#ir
1258 591 1346 634 200
1366 571 2560 678 lichen Daseins neues Leben erblühen kann, indem gerade ius.
1258 627 1353 675 500
1363 627 2470 710 dadurch zu künstlerischem Schaffen Anregung gegeben wird.
1240 644 2470 753 1000 In dem ersten Einakter wird das, was der Verfasser will,
2496 685 2598 742 das
1272 708 1343 767 In
1364 718 2475 804 am deutlichsten ausgesprochen. Ein junger Dichter hat meh¬
2479 729 2593 782 den
1151 741 1343 808 Abonnem
1371 759 2474 847 rere Jahre hindurch nichts Neues hervorbringen können,
1154 784 1366 860 Abonnen
1370 793 2468 888 weil ihn die Leiden seiner kranken Mutter am Arbeiten hin¬
2464 846 2595 912 1 die
1356 833 2596 950 derten. Als sie stirbt, fühlt er, daß die schlaff gewordenensgen¬
1275 884 2459 969 Dr Schwingen sich wieder regen und auch die Entdeckung, daß
1152 910 1348 981 Inhaltsa,
2464 934 2591 986 ang“)
1357 924 2598 1031 die Mutter freiwillig in den Tod ging, um ihn seinemtliche
1165 960 1344 1013 blätte
1362 969 2592 1067 Beruf wieder zu geben, kann ihn nicht hindern, weiter zu Mit¬
1168 1001 1334 1047 wodurch
1166 1026 1326 1085 Leben (
1358 1012 2472 1081 leben und die freigewordene Kraft zu gebrauchen. Das zweite
1158 1076 1346 1142 theilung
1356 1063 2475 1137 Stück ist ziemlich unklar in der Diktion. Eine junge Frau
1339 1077 2467 1192 hat mit ihrem Geliebten in der Bildergalerie ein Stelldichein.
1343 1144 2460 1240 Noch trennt die Beiden der letzte, entscheidende Schritt. In
1346 1192 2455 1288 der Galerie hängt das Porträt einer Frau, die in der Rechten
1344 1239 2450 1323 einen Dolch hält, und der Dame, die es betrachtet, Zug für
1339 1279 2458 1376 Zug gleicht. Eine Verwandlung führt uns in die Vergangen¬
1340 1322 2450 1412 heit zurück, in der das sonderbare Bild entstand. Der Ehe¬
1332 1366 2453 1452 bruch, der hier erst noch geschehen soll, ist dort bereits
1338 1406 2447 1495 begangen worden. Die sündige Gattin spielt aber mit dem
1334 1450 2448 1546 Jüngling, den sie beglückte, ein grausames Spiel und dem
1337 1497 2448 1571 heimkehrenden Gatten gesteht sie offen ihren Fehltritt. Als
1334 1533 2449 1625 der von der Geliebten getäuschte, und von deren Gatten ver¬
1336 1581 2451 1659 spottete Jüngling hingehen will, um aller Welt zu sagen, was
1332 1625 2450 1719 geschehen ist, tötet sie ihn mit einem Dolch. Der Gatte aber,
1316 1678 2457 1763 der das Bild seiner Frau bis jetzt nicht vollendet hatte, greift
1326 1708 2449 1811 plötzlich zum Pinsel und so entstand die Leinwand, die den
1308 1759 2434 1848 Namen „Die Frau mit dem Dolch“ trägt ... „Die letzten
1318 1812 2430 1897 Masken“ führen uns in ein Zimmer des Wiener Allgemeinen
1309 1852 2431 1944 Krankenhauses. Ein Journalist und ein Schauspieler
1324 1888 2444 1976 sind dort durch die Nachbarschaft zu Freunden geworden.
1302 1938 2434 2021 Beide sind dem sicheren Tod verfallen. Der Journalist hat
1304 1980 2421 2068 noch den brennenden Wunsch, einem seiner einstigen Kollegen,
1307 2029 2424 2110 den er haßt, weil er es trotz seiner Oberflächlichkeit zu
1300 2087 2432 2165 etwas gebracht hat, ins Gesicht zu sagen, was er über ihn
1301 2115 2432 2207 derkt, und ihm außerdem zu verraten, daß er mit seiner
1307 2150 2422 2246 Frau intime Beziehungen unterhalten hatte. Mit dem Schau¬
1307 2202 2421 2273 spieler vereint wird eine Probe dessen abgehalten, was ge¬
1300 2255 2421 2334 plaut ist. Als aber der „berühmte Dichter“ dann kommt
1301 2276 2426 2358 und sich als ein Mensch entpuppt, der eigentlich gar nicht
1295 2333 2410 2411 glücklich ist, sondern einen häßlichen Kampf um sein
1292 2361 2410 2458 literarisches Renommee führen muß, ohne dafür durch reines
1295 2417 2411 2502 Familienglück entschädigt zu werden, bleibt es beim Vor¬
1286 2466 2425 2559 satze, und der Journalist nimmt seine Anklagerede mit
1293 2514 2421 2604 in sein Grab. In dem vierten Stückchen, einem Schwank, der
1293 2561 2403 2628 sich „Literatur“ betitelt, macht sich der Verfasser gleich¬
1290 2588 2412 2671 sam selbst über das lustig, was er uns in den früheren
1284 2636 2412 2725 Einaktern mit eindringlichem Ernste und großen
1280 2680 2113 2745 Phrasen sagen zu wollen schien.
2159 2701 2402 2764 Eine ge¬
1289 2711 2401 2796 schiedene Frau, die auch sonst schon ihre Vergangenheit
1279 2776 2393 2856 hat, will sich in zweiter Ehe mit einem Baron verheiraten,
1278 2817 2407 2903 der von ihren schriftstellerischen Alluren nichts wissen will,
1275 2862 2405 2934 da er nur Sportzeitungen als „Literatur“ anerkennt. Da
1282 2903 2404 2987 begibt sich etwas, woran die Heirat beinahe scheitern würde.
1282 2938 2392 3027 Die junge Frau und nunmehrige Braut hat einen Roman
1266 3000 2390 3071 drucken lassen, der ihren Briefwechsel mit einem „Freund“
1275 3034 2392 3118 als Dokument. „lebendiger Stunden“ enthält. Gleichzeitig
1273 3069 2393 3154 hat aber sanich jener Freund dieselben Briefe in einem
1277 3122 2384 3208 von ihm verfaßten Roman verwendet, so daß keine Entdeckung
1271 3154 2379 3245 des wahren Sachverhalts sicher zu erwarten steht. Der Baron
1262 3209 2381 3280 kauft nun zwar die vollständige Auflage des Romans seiner
1270 3251 2387 3331 künftigen Frau auf und läßt sie einstampfen, ein Exemplar
1273 3296 2382 3375 aber bringt er mit, um es zu lesen. Doch die einstige Schrift¬
1268 3335 2393 3424 stellerin wirft auch dieses ins Feuer, was der Baron entzückt
1278 3384 2378 3464 für einen Beweis ihrer Liebe hält. Wie man sieht, ist der
1271 3427 2368 3508 Zusammenhang der vier Einakier ein sehr loser und ebenso
1270 3469 2388 3559 machen auch die einzelnen Stücke den Eindruck des Ge¬
1267 3503 2373 3578 künstelten und mühsam Konstruierten. Am wenigsten ist dies
1260 3561 2370 3633 noch bei dem letzten Einakter der Fall. Was die Darstellung
1260 3595 2365 3682 anbelangt, so war sie in den Hauptsachen eine vorzügliche.
1264 3637 2365 3724 In erster Linie sind die Herren Reinhardt, Rittner,
1255 3688 2378 3762 [Kayßler sund Albert Bassermann zu nennen. Von
1263 3734 2364 3802 den Damen des Berliner Ensembles war gestern nur Irene
1254 3777 2367 3853 Triesch hervorragend beschäftigt. Sie ist keine Schau¬
1253 3816 2364 3889 spielerin nach dem Geschmack der Wiener, auch nicht jenes
1255 3863 2359 3939 Publikums, das mit ihr eines Stammes ist. Die zahlreich
1254 3905 2356 3980 versammelte „Schnitzler=Gemeinde“ bereitete den vier Ein¬
1241 3934 2180 4033 aktern natürlich eine sehr geräuschvolle Aufnahme.
