3436 4224
2079 123 2520 207 box 21/2
247 146 1935 233 16.1. Lebendige Stunden Zyklus
980 781 1400 852 Telefon 12801.
495 890 1875 971 Alex. Weigl’s Unternehmen für Zeitungs-Ausschnitte“
1508 950 1723 1023 Ausschnitt
846 963 1862 1095 „OBSERVER“ Nr. 56
435 1095 1933 1164 I. österr. behördl. conc. Burean für Zeitungsberichte u. Personalnachrichten
628 1173 1748 1244 Wien, IX, Türkenstrasse 17.
824 1245 1542 1328 — Fillale in Budapest: „Figyelö“ —
441 1327 1911 1403 Vertretungen in Berlin, Chicago, Genf, London, Newyork, Paris, Rom, Stockholm.
435 1442 1012 1531 Ausschnitt aus:
989 1415 1717 1567 vomb Trtun
447 1593 1037 1694 vom 6 /7 „102.
1391 2093 3072 2187 ein Männlein und ein Weiblein der Bohème —] verschmäht es, Leonardo, der ihm Glück und
484 2045 1282 2208 4% Lebendige Stunden.“
1398 2141 2286 2213 sie haben allerlei „lebendige Stunden“ gehabt mit
2291 2169 2826 2218 geraubt hat hat, zu vernichten
2870 2174 3045 2233 da springt
1391 2189 2282 2246 einander, nun sie von einander gegangen,
615 2184 1236 2258 L(Deutsches Theater.)
2290 2204 3046 2273 auf und stößt dem Vexführer, der ihtem Gatten
1385 2218 2294 2299 wollen sie diesen Stunden Dauer verleiben
472 2203 1386 2314 W= Eine starke, nachhaltige Bühnenwirkung geht
2287 2241 2992 2302 über so klein ist, den Dolch in den Hal¬
1377 2253 2276 2326 und schreiben je einen Roman. Aber ihnen
2294 2279 2808 2334 steht sie da, den Dolch in der
477 2276 1379 2344 von dem Einaktercykl“ Schnitzlers, den
2868 2285 3098 2353 hobenen Recht
1385 2304 2283 2376 fehlt die dichterische Kraft — sie geben keine sceli¬
2285 2310 2744 2381 den Bück zu Boden gest
482 2323 1373 2377 „Lebendigen Stunden“, aus. Die Auf¬
2907 2333 3040 2383 n, der
1384 2339 2279 2405 schen Offenbarungen, nur scelische Entblößungen.
2277 2355 2750 2416 liegt. Und diese Stellung
478 2353 1379 2419 nahme seitens des Publikums war eine so rück¬
2863 2364 2974 2416 teite de
1381 2372 2284 2453 Sie vermögen den einst lebendigen Stunden keine
2276 2393 2755 2457 zu künstlerischer Großthat -
468 2396 1391 2459 haltlos freudige, wie sie in dieser Saison noch
1380 2404 1769 2473 Dauer zu verleihen.
2284 2437 2742 2495 werk, „Die Frau mit der
473 2437 1381 2507 keine Bühnenarbeit von dichterischem Wert ge¬
1439 2450 2275 2523 Solche Stunden leben nicht länger als der
2285 2473 2757 2534 erwacht aus ihrer Träu
479 2476 1375 2544 kunden hat. Die Elegie freilich des ersten
1374 2473 2279 2547 letzte, der sich ihrer erinnert ... Doch kann nicht
2277 2511 2760 2573 Leonhardt das erbetene St
479 2500 1378 2580 Stückes schuf noch keine starke Wirkung.
1383 2542 2279 2607 jählings eine Vorstellung in uns auftauchen,
2326 2547 2774 2616 Das Ganze ist wohle
462 2546 1378 2618 Wohl brachte es bereits Stimmung und Inter¬
1372 2570 2278 2655 die uns erscheint wie die Erinnerung an
2278 2575 2590 2637 nicht nur als
461 2589 756 2646 esse, aber in
2577 2597 2875 2654 farbiges, im
735 2597 1380 2652 seiner Bedeutung, seinem geistigen
1378 2612 2280 2677 ein bisher uns ganz Unbekanntes? Und
2271 2626 2937 2696 effektvolles Theaterbild, sondern al
459 2629 1368 2701 und dichterischen Werte kann es erst anerkannt und
1383 2655 2268 2721 dann gewinnen Stunden, die längst vergangen,
2270 2671 2812 2727 logisch sehr interessant.
432 2680 1365 2736 gewürdigt werden im Zusammenhang mit den
1378 2697 2275 2760 in uns wieder Leben. Haben wir schon einmal
2275 2705 2546 2768 ist Dichted —
2575 2666 2917 2769 wird der Sa
456 2716 1369 2777 folgenden Dichtungen des Abends. Denn diese
1372 2729 2274 2806 früher existiert? Kann, was so plötzlich nie im
2266 2736 2902 2811 die ihn mit Leonhardt nun
461 2754 1370 2820 vier Einakter, so verschieden in Stimmung, Tem¬
1380 2771 2265 2835 siebernden Leben vor uns steht, kann solch eine
2273 2782 2901 2847 den Dichter adeln zu einem groß
461 2785 1373 2852 perament und Scenenbild, bedeuten doch ein
1370 2803 2265 2877 lebendige Stunde nicht vielleicht das Sviegelbild
2270 2819 2902 2882 wie der Schmeiz und der Zorn
458 2825 1370 2892 Ganzes, sind eine Einheit. In dieser Einheit
1371 2839 2277 2925 einer Erinnerung sein? Solch psychologisches
2270 2863 2908 2920 zum Künsiler erzogen hat? Und in
465 2872 1374 2931 aber gieht sich eine Vielheit von Gedanken und
1357 2875 2262 2949 Rätsel bietet uns die zweite der lebendigen Stun¬
2272 2897 2911 2966 der Opferung, die sich hier ja auch
461 2905 1370 2971 Empfindungen kund, die den reichgestaltenden,
1355 2912 2264 2998 den, das Schauspiel „Die Frau mit dem
2262 2929 2911 3003 Naturell Paulinens erklärt, liegt
464 2955 1370 3009 aus Phantasie und Leben schöpfenden Dichter
1370 2966 2265 3029 Dolche“. In der Gemäldegalerie steht Frau Pau¬
2265 2982 2917 3047 Verwandtschaft mit dem Einleit
451 2991 1360 3060 offenbart, und in wundervollen Strahlenbrechungen
1416 3003 2259 3066 r vor jenem Bilde eines unbekannten Meisters,
2262 3016 2921 3074 Dort opfert sich die seit Jahren ki
450 3020 988 3086 leuchtete und glitzerte alles.
1357 3033 2273 3109 das eine weißgekleidete Frau darstellt, die einen Dolch
2259 3063 2928 3124 für ihren Sohn, den jungen Dichter,
501 3056 1368 3119 Dem Alten, der die Freundin verloren hat,
1363 3079 2265 3143 in der erhobenen Rechten hält und zu Boden sieht,
2264 3098 2926 3167 über dem Leiden seiner Mutter die
453 3088 1369 3175 die ihm Geliebte, Kamerad, der ganze Inhalt des
1359 3116 2264 3188 als läge dort einer ermordet. Und neben Frau
2258 3125 2698 3193 Schaffen verloren hat.
453 3151 1368 3201 Lebens gewesen, erscheint mit dem Tove dieser
1367 3154 2262 3216 Pauline steht Lconhardt, der sie liebt und ein
2318 3163 2925 3233 Hat der dem Tode schon Gewäh
461 3181 1369 3239 Frau alles verloren. Keine Konst des größten
1373 3192 2254 3261 Stelldichein von ihr begehrt. Sie verweigert's
2253 3211 2951 3275 ziehungen zu den Lebenden? Die Liber
462 3219 1368 3274 Genies wird ihm jene lebendige Stunden ersetzen,
1355 3238 2253 3299 ihm, wiewohl sie einmal einen Augenblick in der
2264 3250 2968 3307 die opferwillig in den Tod geht, den
459 3253 1364 3324 in denen die Freundin bei ihm im Garten ge¬
1362 3271 2256 3341 Stimmung gewesen ist, seine Geliebte zu werden.
2258 3282 2994 3348 dem Sohne glückliche lebendige Stunden zu
459 3290 1357 3364 fessen. Der Sohn der Frau aber, den das Leben
1366 3307 2202 3374 Nicht aus Freundschaft, nur aus Lust
2806 3330 2862 3368 a0
2257 3331 2993 3392 Der Haß hat keine Bezienungen#mehr
451 3331 1350 3393 noch lockt mit Hoffnungen und Zielen, er kann
1361 3342 2267 3425 vielleicht wie es jene Frau auf dem Bilde
2258 3362 2917 3427 die letzten Masken gefallen sird¬
449 3377 1351 3441 die lebendige Stunde so hoch nicht schätzen:
1353 3385 2255 3460 da einmal gethan hat mit einem jugendlichen
2246 3405 2975 3466 dritten Einakter „Die letztenM
439 3417 1352 3482 „Lehendige Stunden? Sie leben doch nicht länger
1359 3426 2247 3496 Leonardo. Und je mehr Frau Pauline auf
2254 3444 2959 3512 führt Arthur Schnitzler das in fenen¬
456 3462 1350 3521 als der letzte, der sich ihrer erinnert". Und er
1357 3464 2255 3543 das Bild schaut, desto mehr ersteht in ihrer
2257 3482 2962 3540 ausgeführten Scenen vor. Ein all
449 3482 1361 3549 preist seinen Dichterberuf, der ihn befähigt, solchen
1347 3508 2248 3574 Phantasie etwas wie eine Erinnerung: Paola,
2255 3522 2963 3582 Rademacher, der immer nur Suhalte
445 3519 1349 3591 Stunden Dauer zu verleiben über ihre Zeit hin¬
3174 3545 3228 3587 mit
1350 3547 2249 3612 die Frau in Weiß, hat dem Leonardo einmal ihre
2254 3548 2968 3622 schaffen dürfen, liegt im Krankenh###.
444 3552 587 3622 aus.
653 3575 1361 3630 Das versuchen in dem Satyrspiel
3077 3562 3311 3642 ht Abend.
1340 3583 2256 3655 Liebe geschenkt. Nun ist der Gatte, der Künstler,
2251 3598 3163 3668 den Tod nah vor sich und möchte neh eine Freude
445 3620 3253 3704 „Litteratur“, das den Abend abschließt, auch ] der Maler ienes Bildes, hinzugekommen. Er' sich verschaffen: dem Jugendfreund, der lange####
