6732 4384
200 2179 263 2293 n
261 148 1001 263 16.1. Lebendig
367 1507 858 1580 kann sie mehr bewegen.
232 1558 860 1615 der alles verehrten und geliebten
203 1606 882 1659 zu gestehen. Und da Re nigio
236 1642 873 1706 erbirgt sie ihm nichts. Doch der
232 1690 881 1755 geltung, hat nur Verachtung für
196 1741 253 1794 sich
331 1734 869 1787 ionardo den Tod zu geben,
409 1778 869 1833 im Augenblick, als der
299 1783 382 1835 Da,
363 1801 872 1875 Racheschwur davonstürzen
330 1869 883 1943 Der Meister aber ergreift
341 1956 754 2030 Ist mein Gebet erhört,
238 1957 315 2028 inn:
371 1988 770 2078 ir Erleuchtung werde?
235 2006 353 2072 ldnißr
333 2058 695 2109 Der Du dies gefügt,
359 2092 643 2150 lang gemöshte
270 2132 625 2200 Ruhe dieser Hand.“
353 2169 887 2245 Die Mittagsglocken klingen
338 2238 882 2293 ß ein Schickal sie mit un¬
371 2270 882 2341 s treibt. Was sie gesehn,
433 2318 884 2371 trotzdem, oder nein,
270 2363 898 2425 eLeonhard entschlossen ins Auge
374 2410 475 2467 ime!“
426 2433 889 2508 Ein Mann, dem Bart
344 2327 408 2461 0
329 2491 890 2546 graut, am Ende eines zer¬
362 2537 893 2593 Pläne, sein Talent, seine
238 2531 326 2595 Seit
368 2581 890 2634 an der Ungunst der Ver¬
265 2628 888 2682 id, den vielgenannten Dichter
377 2660 896 2725 rößres Können zur Seite
358 2708 906 2762 u den Höhen des Ruhms
468 2754 876 2816 Stiefkind des Glücks,
204 2754 444 2815 rend er, das
335 2796 892 2866 erdienst des Zeilenschreibers
342 2845 906 2902 iegt er hier im Spital, dem
201 2877 905 2945 eite des todkranken Komikers, der noch
236 2934 890 2984 Ausdruck vom Gesicht abliest, um
559 2975 890 3034 jetzt all die alten
335 3022 888 3095 dGlücklichsein wieder in ihm
263 3031 315 3083 11
3297 1493 3491 1564 ückender,
3289 1547 3488 1608 souper“;
3302 1592 3505 1653 ergnügen
3436 1698 3495 1777 er
3320 2507 3439 2564 ünstlei
3289 2549 3474 2611 kräftiger
3282 2598 3470 2666 ib recht
3305 2669 3426 2736 s etw
3294 2768 3391 2835 ußer
3296 2901 3471 2966 geschickt
3288 2949 3477 3004 ard sehr
3292 2984 3489 3046 Leider
3268 3034 3506 3105 in Doré
4083 176 5234 303 ndige Stunden— zyklus
4458 1387 5194 1488 cenn
5261 1389 5399 1489 S
4087 1464 4250 1528 uspiel
4385 1463 5387 1544 Das Satyrspiel schließlich ist ein entzückender,
3776 1512 4245 1582 hier
4308 1508 5387 1593 leicht frivoler Scherz im Stil des „Abschiedssouper“;
3811 1553 4240 1615 „ ur in
4311 1560 5400 1625 ein Lustspiel, bei dem es uns vor Behagen und Vergnügen
3848 1603 3904 1648 Der
4145 1601 4242 1668 im
4305 1606 5399 1671 in allen Gliedern zuckt und bei dem am Schluß unsere
4306 1652 5263 1716 Schadenfreude den lustigsten Purzelbaum schießt.
4377 1680 5396 1751 Von einer Grundidee gehen sie alle aus, die vier
4307 1720 5390 1807 Einakter. Aber alle sind sie in sich abgeschlossen. Alle
4307 1773 5402 1858 sind sie interessante und lebensprühende Bühnenstücke. Das
4314 1829 5389 1894 Ganze aber ist ein Werk, das sich mit dem Recht des
4314 1870 5391 1936 Guten die Theater erobert und den Wiener Dichter um
4312 1916 5403 1983 viele Staffeln emporführt in der Schätzung aller Kenner
4300 1952 4547 2025 und Laien.
4092 1950 4246 2059 u be
4392 1981 5388 2058 Die gestrige Aufführung war fast durchweg aus¬
4081 2037 4241 2100 nigen
4315 2048 5398 2111 gezeichnet. Die Inszenirung vor allem war meisterhaft.
4115 2089 4234 2151 zum
4311 2081 5403 2152 Verhältnißmäßig am wenigsten gefiel uns das erste
4085 2111 4230 2194 Men¬
4305 2139 5402 2184 Stück. Die Herren Forst und Schroth als Hausdorfer
4302 2178 5393 2232 und Heinrich gaben sich in erster Linie Mühe, recht
4079 2201 4238 2280 n“ ist
4313 2223 5396 2285 einfach zu sein, was gewiß alles Lob verdient. Hie
4097 2259 4240 2315 jarten
4300 2270 5400 2329 und da aber hätte doch wohl ein stärkerer Accent nicht
4303 2313 5406 2374 geschadet. Herr Schroth hätte bei der Enthüllung
4306 2359 5387 2417 Hausdorfer's doch etwas länger in seiner Betrossenheit,
4317 2402 5389 2458 seinem Schmerz verbarren, hätte überhaupt ein wenig
4104 2437 4229 2493 beitet.
4313 2448 5396 2499 sensitiver spielen können. Herr Forst aber hätte gut
4115 2474 4233 2547 der
4290 2491 5385 2544 gethan, die Bitterkeit des Alten über den Künstler¬
4308 2533 5394 2594 egoismus des Jungen, den er nicht begreift, kräftiger
4075 2543 4227 2621 takter
4308 2572 5391 2633 hervortreten zu lassen. Herr Stettner gab recht
4312 2611 4716 2681 hübsch den Gärtner.
4387 2643 5389 2712 Im zweiten Einakter sollte die Regie das etwas
4128 2702 4241 2756 und
4309 2678 5395 2748 derb gemalte Bild durch ein „schöneres“ ersetzen lassen.
4087 2741 4248 2804 ickchen
4299 2748 5391 2805 Das Publikum ließ sich gestern durch diese Aeußerlich¬
4084 2789 4242 2845 sar zu
4301 2788 5384 2843 keit so sehr stören, daß das ganze Stück in Gefahr
4102 2827 4226 2888 lassen.
4312 2833 5392 2893 kam, ausgelacht zu werden. Im übrigen wurden die
4183 2878 4234 2931 8
4297 2882 5398 2945 technischen Schwierigkeiten der Aufführung sehr geschickt
4142 2913 4248 2971 kecke
4308 2926 5391 2984 überwunden. Herr Montor spielte den Leonhard sehr
4074 2948 4242 3025 ##e Be¬
4309 2961 5401 3011 dezent und den Lionardo mit echter Leidenschaft. Leider
4293 3001 5401 3085 überbastete er etwas die Verse der Einlage. Frau Doré
5381 191 5836 292 box 21/3
6493 1348 6573 1439 8
6026 1398 6546 1496 GI er Fr S
5447 1480 6550 1546 schuf in der Pauline—Paola einen sehr interessanten
5465 1521 6553 1576 Charakter. Sie ließ in dieser starkgeistigen Renaissance¬
5455 1564 6552 1635 natur, besonders der Paola, neben Entschlossenheit,
5468 1619 6559 1667 Offenheit, einer gewissen Härte und starken Leidenschaft
5456 1663 6553 1731 etwas Launenhaftes, oder ich möchte sagen Sphinx¬
5464 1703 6558 1775 artiges hervortreten. Ich weiß nicht, ob ganz mit
5460 1742 6566 1819 Recht. Der Charakter bekam in der Auffassung
5462 1782 6542 1846 der Künstlerin etwas Schillerndes, was ich in
5461 1818 6538 1890 dem Maße nicht bei Schnitzler zu finden glaube. Jeden¬
5462 1879 6545 1935 falls war die Darstellung der Frau Doré außerordent¬
5469 1925 6543 1976 lich interessant und war gewiß in erster Linie die Ursache
5460 1960 6599 2025 für den Beifall am Schluß des zweiten Stückes. Herr
5473 2015 6539 2074 Nhil lieh der kleinen, aber sehr wichtigen Partie des
5475 2055 6538 2110 Remigio seine ganze prächtige Kunst und schuf in ihr
5475 2086 6373 2151 eine überaus scharf und fein umrissene Figur.
5554 2117 6550 2194 „Die letzten Masken“ brachten in dem kranken
5461 2176 6541 2245 Journalisten Rademacher des Herrn Nhil und dem
5479 2216 6548 2289 Komiker Jackwerth des Herrn Brahm ganz ausge¬
5458 2276 6539 2334 zeichnete Leistungen. Besonders die Unterhaltung Rade¬
5467 2318 6547 2377 macher's mit Weihgast, den Herr Montor gleichfalls
5468 2358 6540 2420 ganz famos charakterisirte, spielte Herr Nhil, ebenso wie
5475 2402 6541 2450 die letzte Szene, mit geradezu erschütternder Wirkung.
5465 2429 6551 2494 Auch Herr Schroth und Fräulein Löge als Arzt
5449 2485 6543 2567 und Wärterin entsprachen in jeder Beziehung ihren
5475 2525 5630 2595 Rollen.
5538 2554 6539 2631 Die lustige Satire zum Schluß wurde mit einer
5446 2614 6540 2673 ganz wundervollen Bravour heruntergespielt. Frl.
5463 2661 6534 2715 Hönigswald sowohl wie die Herren Burg und
5461 2708 6541 2750 Biensfeldt gaben die drei amüsanten Figuren so
5445 2758 6531 2816 drollig, so liebenswürdig und so gänzlich ohne Ueber¬
5451 2790 6397 2858 treibung, daß einem das Herz im Leibe lachte.
5538 2817 6531 2895 Kurz und gut, es war gestern ein prächtiger Abend,
5459 2881 6528 2930 den nur ein Einziges störte: das unzeitige Lachen einiger
5451 2921 6545 3000 geistig unbemittelten Herrschaften und ein recht wenig
5461 2974 6516 3033 stimmungsvolles Husten= und Trompetenkonzert. G.
