3484 4320
1218 268 1284 323 11
2088 263 2546 358 box 21/4
272 274 1929 364 16.1. Lebendige Stunden ZukIus
515 1393 702 1475 Heft 11
1545 1405 1996 1495 „Wiener Mode“ X11.
2913 1425 3008 1499 673
554 1517 2258 1593 und Todesnähe, Todesfnicht. Desinsektionsgerüche. Wärterinnen, junge Hofrätin: Lizzie!
550 1551 1083 1610 Sekundarärzte, Nachtvisiten.
1846 1559 2974 1633 Außerordentlicher: Es wurde ganz ausgezeichnet gespielt.
639 1604 2966 1690 Kommerzialrätin: Schnitzler, der Arzt, kennt das ja. Er Im richtigen Geschwindzugstempo. Kutschera als Literatur Ein¬
557 1632 1118 1688 hat das alles selbst beobachtet.
1769 1656 2929 1718 bildling war unwiderstehlich, unausstehlich. Nicht besser zu bringen.
637 1673 1768 1737 Außerordentlicher: Der Akt ist erschütternd wahr. Die
1862 1694 2969 1768 Geheimrat: Die beiden letzten Sachen dürften sich schon halten.
546 1721 1388 1783 letzten Masken fallen, die letzten Lügen. Journa¬
2146 1741 2587 1796 Einige Zeit wenigstens.
553 1762 1375 1814 list, Modedichter Provinzkomödiant — alles —
2216 1770 2974 1849 Außerordentlicher: Sie sind wirklich
555 1795 1390 1848 Masken, alte Masken und Modelle zu neuen
2143 1821 2979 1872 sehr geistreich und dreist gemacht. Schnitzler
552 1827 1394 1889 Masken. Herr Brandt, der junge Schauspieler,
2148 1868 2984 1906 hat seine eigene Anmut. Es ist was Französisch¬
546 1866 1385 1934 bot eine geniale Leistung als Anatomie¬
2146 1902 2976 1957 bewegliches in seinem Geist. Ein graziöser
539 1903 1389 1976 Kandidat, dabei grauenvoll lustig, ein Hans¬
2141 1949 2977 1997 Psychologe. Scheinbar an der Oberfläche — das
540 1947 1209 2012 wurst der nahenden Verwesung....
2144 1977 2393 2031 ist sein Trik
2381 1983 2974 2033 — der Dinge hinhuschend und
615 2001 1287 2055 „Mir ist, als hört' ich das Geschlürfe
2138 2015 2977 2074 doch viel tiefer und abgründlicher, als man meint.
604 2026 1369 2103 Der Kirchhofsratten und Grabmaulwürse.“
2205 2070 2975 2135 Geheimrat: Deshalb ist er auch nichts
658 2089 1386 2138 Geheimrat (sich zurücklehnend): Sagen
2148 2094 2490 2159 für junge Damen.
550 2119 1374 2189 Sie doch 'mal aufrichtig, liebster Herr Doktor,
2201 2133 2971 2218 Hofrätin: Man läuft bei ihm immer
536 2158 1381 2224 halten Sie das wirklich für ein angenehmes
2139 2168 2603 2238 Gefahr, ihn zu verstehen.
551 2198 1383 2272 Gespräch? Für ein Jourgespräch? Für ein
2202 2213 2974 2276 Kommerzialrätin (leise, tuschelnd): Aber
538 2236 874 2301 Damengespräch?
2147 2249 2974 2321 das gefährliche, schreckliche Buch, das leihen Sie
643 2275 1377 2335 Lizzie: Ich wenigstens her und lies...
2145 2286 2979 2363 mir doch, nicht wahr? Liebste, Beste, Süßeste,
647 2322 1286 2370 Hofrätin (verbessernd): — Lese. —
2144 2345 2709 2397 wenn ich so sehr darum bitte, —
649 2362 1372 2424 Lizzie: Also lese solch gruselige Sachen
2201 2373 2962 2436 Hofrätin (leise, bedenklich): Ich weiß wirk¬
545 2386 1376 2471 für mein Leben gern. Nur recht unheimlich, so
2142 2399 2339 2466 lich nicht
2324 2414 2973 2474 — ich habe ja mein großes Ehren¬
537 2426 931 2497 ganz zum Fürchten.
2147 2458 2821 2511 wort gegeben, daß ich es niemandem —
645 2460 1384 2551 Kommerzialrätin: Fesch und lustig
2198 2487 2964 2553 Kommerzialrätin: Was wollen Sie?
535 2518 1275 2574 war dafür das letzte Stückel: „Literatur“
2144 2525 2966 2583 Ich gebe Ihnen auch mein Ehrenwort — das
642 2540 1379 2614 Geheimcat: Da schwatzt der Herr Autor
2138 2566 2973 2624 ganz große — niemand, kein Mensch soll es
540 2578 1383 2662 wieder aus der Schule, porträtiert satirisch den
2132 2616 2954 2668 von mir aus haben — nur meine Cousine —
543 2630 748 2685 und jene.
2145 2648 2949 2703 höchstens die — aber sonst wirklich gar niemand. —
642 2671 1375 2735 Hofrätin: Gewiß tut er das. Zum
2202 2698 2979 2752 Hofrätin (leise): Der Herr Professor spricht
530 2690 1381 2784 Greifen ist alles. Unglaublich dreist und leck,
2134 2722 2970 2782 jetzt von den neuen, griechischen Tänzen der
537 2754 905 2807 lebendig und frisch.
2141 2764 2589 2826 Miß Isadora Duncan
2639 2773 2966 2831 von rotschwarzen
635 2771 1364 2848 Außerordentlicher: Die Uebertreibung
2139 2814 2960 2881 Vasenbildern — von Anakreon, Pindar und
528 2814 1377 2884 ist nicht stark. Man muß das Schreibgefindel nur
2137 2852 2329 2906 Theokrit.
532 2858 1365 2912 kennen, die Kaffeehausliteraturgrößen, aufge¬
2187 2873 2662 2945 Kommerzialrätin:
2649 2878 2967 2955 Also wirklich
532 2899 1361 2959 blasen, eingebildet, verlogen und anspruchsvoll.
2142 2928 2966 2998 Hellenismus, ganz ohne alle Trikots — ich
627 2954 1368 3002 Lizzie: Das müssen doch sehr inter¬
2142 2956 2914 3035 halte das einfach für skandalös. Shocking!
538 2957 1360 3037 essante Leute sein. Die Literaturwitwen ins¬
2193 3022 2960 3077 Außerordentlicher: Seien wir doch
530 3015 1371 3075 besondere, die Entgleisten der Ehe, die ewig
2124 3044 2917 3124 nicht zu puritanisch streng, zu engherzig prüde —
526 3041 1365 3111 Unbefriedigten, die sich vor der schalen Gewöhn¬
530 3092 1375 3154 lichkeit des kärglichen Daseins in die schützenden
2179 3103 2780 3169 Lizzie: Ich bin's gewiß nicht!
1570 3103 1920 3175 Miß Isadora Tuncan.
530 3135 996 3194 Arme der Kunst flüchten.
2191 3149 2639 3210 Außerordentlicher:
2687 3145 2962 3212 und beziehen
1377 3150 2111 3228 Mit Genehmigung von E. Bieber, Hos=Photograph,
637 3167 1390 3247 Hofrätin: Lizzie, ich bitte dich, hör' auf
1578 3198 1920 3258 Berlin und Hamburg.
2132 3183 2954 3243 wir unsere Anschauungen über Decenz nicht
517 3192 839 3276 zu deklamieren!
2144 3226 2258 3276 vom -
631 3235 1109 3302 Lizzie: Is eh schon aus.
1836 3249 2961 3317 Geheimrat: Seidenstrumpfwirker. Wenn sie nur sonst hübsch
629 3285 2968 3323 Kommerzialrätin: Fräulein Sandrock spielte die Literatur=, und lieb ist, die kleine Isadora. Es ist doch wieder einmal was Neues.
526 3308 1021 3387 Gredl köstlich persiflierend.
1848 3339 2962 3400 Kommerzialrätin (leise, dringlich zur Hofrätin): Also, ich bekomme
647 3367 1752 3449 Lizzie: Nicht wahr, der Kramer war gewiß wieder ungeheuer
1745 3376 2969 3458 das Buch — abgemacht? Ich kann doch darauf rechnen — ich könnte
518 3392 892 3454 elegant und fesch?
1739 3418 2355 3467 es vielleicht gleich mitnehmen. ...
1736 3477 2970 3564 Eine Stunde von Trient (Südtirol). Station der Valsuganabahn.
1759 3537 2835 3680 Passise -Hoteiale
720 3562 1521 3686 Sanataga-
