3436 4320
2114 184 2576 276 box 21/2
294 180 2029 286 16.1. Lebendige Stunden zyklus
1727 812 1861 917 551
1007 931 2582 1005 Erdengenossenschaft. Als Erscheinungen, die dichten, so wie andere erleben. Man
1006 1016 2594 1078 betrachtet den Teil ihres Erlebens, der sich als Dichten darstellt. Man schreibt,
1016 1067 2593 1134 als Kritiker, eine große Arbeit, deren Helden lauter Dichter sind. (Wären es lauter
1013 1126 2598 1176 Dichter!) Auch das ist ein schöpferisches Werk. Ausdruck, Ordnung, das Erfassen
1009 1164 2593 1238 eines Menschen ist mein. Gewiß zeigt der Kritikus, wie sie „sind“: nach
1005 1229 2597 1295 dem Maßstab Dessen, was kaukasische Völker seit einem gewissen Zeitraum für groß
1575 1276 2587 1345 Doch er zeigt in Einem, wie er vor ihnen ist.
1004 1284 1560 1354 oder stümperhaft erklären.
1004 1343 2594 1398 Er macht was aus ihnen. Robert Schumann sprach von Kritikern, „die sich nicht
1011 1392 2594 1452 einbilden sollten, daß sie die Herrgotts der Künstler, da diese sie doch verhungern
1002 1434 2599 1496 lassen könnten.“ Er meinte die falschen. Ein Zufall ist es, daß wir Euch zum
1005 1509 2584 1554 Gegenstand wählen, Dichter. Wir sind nicht angewiesen darauf. Tretet alle darum
1002 1545 2590 1601 ein in das Werk des Rezensenten, wie in ein Irrenhaus, — wie in ein Menschen¬
1006 1609 2598 1678 haus. Seht die Menschen des Kritikers; seht sie ihre künstlichen Menschlein schaffen.
1005 1644 2593 1728 Seht die Verzerrung, seht die geschwellte Blödheit, seht den versuchten Betrug,
1011 1723 2599 1789 seht das bleiche Unterliegen, seht die Glücklichen, die Schöpfer, — tragisch, noch wenn
1015 1755 2599 1842 sie siegreich sind; seht diese Wenigen, ihr eignes Blut und ihr verströmendes Leben
1006 1835 2598 1885 um kunstschaffene Gebilde verkaufend, um Scheinwesen von ihrer armen Seele
1013 1882 2600 1953 Gnaden, um Puppen, die Vampyre sind. Und wenn ich jetzt noch einen Schritt
1011 1916 2614 1994 weitergehe bin ich in Schnitzlers Einakterwelt. Ich kann zuverlässig den
1011 1990 1303 2077 Abschnitt Nr.
1736 2176 1865 2277 VII
1014 2257 2601 2343 beginnen und auf den Schluß zusteuern. Also: Schnitzlers neue vier Stücke sind
1018 2332 2604 2419 mir weniger als manches Andere des selben Mannes, — dessen latente Herr¬
1025 2388 2606 2449 lichkeit, dessen geistreiche Schwermut, dessen eingeborene Magie, dessen spielende
1011 2450 2601 2509 Sehnsucht, dessen unwägbar holden Reiz und Duft, dessen arrangierenden Zauber,
1015 2486 2610 2568 dessen bewißt wirrsälige Anmut ich mehr geliebt habe, als die meisten dicken
1021 2537 2613 2614 Felle des Zeitalters. Er bleibt der Einzige, auf dessen Dramatik ein Abglanz
1022 2599 2604 2676 von Alfred de Musset ruht. Aber die vier Akte sagen mir nicht viel: weil sie
1021 2660 1671 2745 mehr anekdotisch sind als beseelt.
1128 2687 2598 2775 Sie spinnen einen Faden dieses Dichters fort. Es ist sein bester nicht. Ein
1020 2762 2604 2837 leises Irrspiel zwischen Schein und Sein. Wann gab er das zuletzt? Fragt lieber:
1012 2820 2598 2883 wann gab er das am stärksten? Im Grünen Kakadu. Er hätte dort ein Revo¬
1012 2886 2606 2938 lutionsstück schreiben können. Er schrieb es nicht: der einzige Demokrat, Grasset,
1012 2925 2600 2989 war als ein Schwätzer; das einzige aristokratische Opfer, der Herzog, als holde
1015 2968 2607 3048 Blüte feiner Menschheit dargestellt. Ein Antirerevolutionsstück schrieb er auch nicht.
1024 3046 2599 3098 Er wirbelte nur durcheinander in einer kritischen Zeit: Schein und Sein; Leben und
1016 3085 2592 3161 Spiel. Spielerisch war er nie im Fulda'schen Sinn eines frostigen Tändelns.
1018 3135 2595 3212 Doch erwachsen in alter, weicher Kultur, neigt er zum Arrangieren. Er gab oft nicht
1009 3190 2591 3267 Bilder des Lebens: er gab Vexirbilder. Er nahm eine Kneipenwelt, wo Aristo¬
1014 3236 2604 3321 kraten und Stromer die Rollen tauschen. Ein Komödiant wird Held. Er spielt,
1026 3300 2597 3382 was er noch nicht erlebt hat. Die Mitspieler halten es für Wahrheit, die Zu¬
1028 3369 2599 3444 schauer für Komödie. In einem Augenblick glauben beide Teile an die Wahrheit,
1015 3406 2597 3473 während es Komödie ist. Er leugnet, einen Herzog erstochen zu haben. Alles
1010 3467 2613 3546 schwankt. Sensation: der lebende Herzog tritt ein. Gipfelpunkt: Henri ersticht
