3392 4320
2036 204 2505 298 box 21/3
250 219 1900 313 16.1. Lebendige Stunden - zuklus
2207 1604 3246 1677 nalist im Spitale zu sterben. Er hat einen Jugend¬
1159 1622 2204 1686 der aufgezogen wird, sehen wir Paula und Leonhard
1062 1640 1131 1716 1
2212 1660 3249 1730 freund, den Modedichter Weihgast, der durch Reclame
1171 1671 2201 1726 im Renaissancecostüm in einem Gemache, er leiden¬
220 1560 1053 1763 Lehendige Riundeht.
2213 1694 3258 1774 und geschickte Mittel berühmt und mit Weib und Kind
1162 1711 2197 1779 schaftlich zu ihren Füßen nach einer heißen Liebes¬
158 1732 1150 1819 finacter=Cyelus von Arthur Schnitzler.Zum erstenmale
2207 1746 3244 1811 ein glücklicher und geachteter Mann geworden ist.
1165 1761 2200 1816 nacht zu ihr emporstammelnd, sie kalt abwehrend und
2210 1782 3255 1854 Diesem will er noch vor seinem Tod allen Hass
238 1797 1025 1874 aufgeführt im Franzenskheater au. April.
1171 1811 2195 1862 als echtes Weib der Renaissancezeit ihm erklärend,
2212 1832 3247 1901 und Neid, den er gegen ihn hegt, ins Gesicht schleu¬
1167 1848 2201 1910 dass nicht Liebe, sondern nur Sinnenglut sie für
157 1844 1146 1914 Der erste Einacter: „Lebendige Stunden“, erzählt
2221 1873 3253 1938 dern und in sein unverdientes Glück einen Stachel
1163 1883 2210 1948 diese Nacht ihm zugeführt habe, und dafs sie weiter
164 1885 1146 1965 ns von der todkranken Mutter eines jungen Dich¬
2217 1924 3257 1992 durch das Geständnis werfen, dass dessen angebetete
1160 1946 2202 1997 mit ihm nichts gemeinsam haben wolle. Er will sich in
165 1943 1146 2005 rs, die sich das Leben nimmt, um ihren Sohn durch
2223 1969 3248 2029 Gattin durch zwei Jahre seine, des elenden Journali¬
1159 1984 2206 2042 Verzweiflung vor ihrer Thüre mit einem Dolche e#t¬
158 1991 1147 2053 n Anblick und den Schmerz über ihr Leiden nicht
2212 2006 3249 2067 sten, Geliebte gewesen ist. Er lässt ihn zu sich bitten,
1154 2017 2196 2085 leiben, da kommt der Gatte hinzu, begrüßt gleich¬
154 2032 1143 2092 künstlerischen Schaffen zu behindern. Aber die
2206 2055 3251 2105 und dieser erscheint gutmüthig und hilfebereit und
695 2063 748 2109 4#
1160 2069 2200 2126 giltig und ahnungslos seinen Schüler und seine Frau
163 2069 1155 2135 sointe des Stückes liegt nicht in diesem Opfertode
2209 2098 3256 2163 klagt ihm zugleich, wie der Neid an seinen literarischen
1174 2108 2198 2167 und geräth auch nicht viel aus seinem Phlegma, als
155 2120 1137 2188 lbstloser Mutterliebe — wir hören nur davon —
2222 2141 3264 2201 Ruhm greift und wie Kummer und Sorgen um Weib
1166 2147 2198 2207 ihm diese alles erzählt und der verzweifelnde Lieb¬
157 2168 1149 2226 ndern in der Antwort, die der erschütterte Dichter
2213 2180 3250 2252 und um seine theilweise missrathenen Kinder ihn
1161 2194 2211 2257 haber ihn bittet, ihn zu tödten. Aber auch davon will
161 2204 1148 2264 em alten treuen Freunde seiner Mutter auf dessen
2211 2221 3251 2294 quälen. Staunend hört ihn der Sterbende an und
1163 2252 2208 2295 der phlegmatische Künstler nichts wissen, bis die Frau
165 2246 1152 2315 rage, ob er durch all sein Dichten und Schaffen
2212 2272 3252 2325 als er sieht, wie das vermeintliche Glück seines viel¬
1161 2278 2204 2341 selbst ihren Liebhaber erdolcht, worauf der Maler
168 2285 1157 2351 ie Mutter wieder zum Leben erwecken könne, und ob
2208 2313 3253 2364 beneideten Freundes sich recht fadenscheinig erweist,
1169 2319 2206 2391 sofort ins Nebengemach eilt, um Pinsel und Palette
160 2329 1154 2396 ine einzige lebendige Stunde, wo sich seine Mutter
2215 2357 3260 2427 da verschweigt er, was er auf dem Herzen hat und
1159 2360 2211 2433 zur Aufnahme dieser schönen Gruppe, die Frau mit
154 2376 1161 2440 in Garten der Sonne erfreute, nicht mehr wert sei,
2217 2400 3252 2455 erwidert auf die Frage des Jugendfreundes, weshalb
1163 2413 2213 2474 dem Dolche in der Hand vor dem Leichnam des Ge¬
161 2438 1148 2492 ls seine ganze poetische Arbeit, im stotzen Selbst¬
2215 2445 3259 2498 er ihn eigentlich holen ließ, nur: „Ich wollte dich
1167 2456 2214 2520 liebten, zu holen. Der Vorhang 'sinkt, und als er sich
160 2463 1147 2533 fühle gibt: „Dessen Arbeit ist auch etwas wert, der
2220 2490 3262 2544 noch einmal seh'n“. Und darauf stirbt er, und seine
1157 2513 2212 2563 hebt, sind wir wieder in der Bildergallerie, Leonhard
162 2517 1157 2573 iese lebendige Stunde zur ewig dauernden zu machen
2205 2525 3253 2598 letzten Worte lauten: „Was hat ein Sterbender dem
1173 2555 2203 2612 sitzt zärtlich nahegerückt bei der geliebten Frau und sie
153 2557 1155 2622 ermag.“ — Der zweite Einacter: „Die Frau mit
2216 2572 3030 2655 zu sagen, der morgen noch weiter lebt“.
1169 2586 2211 2646 erklärt plötzlich: „Ich komme!“ Um das, was sie
159 2620 1156 2663 em Dolche“, führt uns in eine Bildergallerie. Leon¬
2260 2597 3269 2678 Eine geistvolle Literatur=Komödie ist das letzte
1167 2647 2209 2698 eben in Vision vor dem Bilde durchlebt, nun auch
156 2648 1163 2706 ard und Paula, die von ihm heißgeliebte Gattin
2210 2659 3270 2720 Stück: „Literatur“ und von dem Verfasser des „Ana¬
1161 2672 2201 2748 leibhaftig zu erleben? Darüber schweigt der Dichter.
155 2690 1157 2756 nes Malers, stehen vor dem Bilde einer Frau im
2220 2719 3267 2763 tol“ mit französischem Esprit gemacht. Eine ver¬
1158 2712 2203 2771 Oder hätten wir es hier mit occulistischen und spiri¬
154 2732 1150 2794 heißen Gewande mit einem Dolche in der Hand, die
2218 2731 3283 2807 kommene Literatur=Mondaine hat einen recht alber¬
1169 2760 2204 2820 tistischen Neigungen des Verfassers zu thun? Nur
158 2774 1162 2840 hit Paula Aehnlichkeit hat. Sie will der gefährlichen
2224 2784 3280 2860 nen Lebemann und Baron, der ihre Vergangenheit in :
1167 2818 2212 2867 schade! dass derlei Dinge das helle Bühnenlicht so
148 2810 1166 2888 Kähe des Geliebten entfliehen, und mit ihrem Gatten
2219 2839 3256 2894 seiner Einfalt nicht zu durchschauen vermag, bis zum
1161 2854 2216 2908 schlecht vertragen. Originell in der Erfindung und
157 2862 1164 2923 uf lange Zeit, vielleicht auf immer verreisen. Leon¬
2215 2871 3275 2931 Entschlusse sie zu heiraten, gebracht. Der unerwartete
1168 2899 2215 2949 von einer bei Schnitzler nicht eben häufigen dramati¬
160 2907 1159 2974 ard beschwört sie, noch einmal zu einem Stelldichein
2217 2911 3275 2991 Besuch ihres früheren Geliebten, eines ebenso her¬
1160 2934 2205 3000 schen Wucht ist das dritte Stück, das in einem Spitale
155 2944 1154 3015 kommen. Sie verweigert es. Da fällt ihr Blick
2226 2962 3249 3022 abgekommenen Schriftstellers, bringt sie in eine be¬
1144 2972 2211 3044 vor sich geht: „Die letzten Masken“. Ein begabter
156 2985 1150 3061 bieder auf das Bild. „Leonardo“, fragt sie plötzlich,
2219 3009 3236 3079 denkliche Situation, aus der sie sich aber äußerst ge¬
1168 3021 2213 3086 Dichter, Rademacher, hat es trotz Fleiß und Mühe
161 3042 1150 3097 haben wir das nicht schon einmal erlebt?“ Ein
2217 3053 3262 3128 schickt herauszuwinden versteht. Die Art und Weise,
163 3096 2217 3142 Schleiervorhang fällt über die Bühne und als er wie= nicht weiter im Leben gebracht, wie als armer Jour¬
