3392 4224
196 144 477 232 la sostanza
126 253 468 332 a sonvolgere
127 316 472 397 sa, fna una no¬
132 368 477 442 on fonsiderare
116 425 468 511 palstra in cui
131 489 465 567 attère si tem¬
129 545 472 628 silbene come
122 607 474 679 bild necessità,
115 651 467 745 ch impiego.
113 718 465 801 iets riconosca
124 779 467 864 Egiusto an¬
170 835 479 911 he procuri
126 947 468 1036 ortifdel nostro
147 1004 476 1083 eino allora
124 1067 481 1145 ternbile, nella
126 1126 474 1206 seghimento di
124 1168 468 1271 alj, anche gli
123 1239 464 1321 sersa. L’esame
114 1291 469 1380 minte 1a mi¬
124 1352 471 1439 ovine potesse
115 1417 475 1496 erb nelle sue
144 1475 445 1558 jue dispo¬
119 1538 451 1619 ovito per in¬
128 1592 467 1675 tutb superare
125 1650 467 1735 igchi, che pur
138 1717 468 1798 allri avevano
123 1761 472 1847 o, Follero far
125 1826 465 1911 le facilità che
125 1886 461 1973 vith, e quella
127 1944 454 2031 heffaceva im¬
125 2002 448 2086 ### fera un ci¬
125 2059 454 2148 saa tutti di
129 2125 468 2193 i, i due anni,
117 2179 451 2265 sessioni
131 2241 412 2318 racdinarie.
131 2261 467 2374 dgió como-
189 2345 460 2448 bdel pey¬
215 2449 452 2557 é giusto
150 2536 196 2593 tt
206 2526 455 2609 i fulmini;
193 2589 460 2685 dei tempi
161 2652 216 2708 t.
134 2699 449 2795 Ministro a
118 2763 452 2848 mi anche se
115 2825 461 2914 ninteramente
116 2881 455 2966 ncui vuole
131 2931 461 3027 nbi che sia
115 3002 453 3079 hf la scuola
119 3056 453 3141 lestra, e non
157 3116 458 3201 lesti ai piu
115 3211 457 3315 kyto con sé
130 3291 453 3375 orhni, che li
124 3351 439 3427 I'nno scola¬
129 3409 452 3493 Prifenti ogni
120 3473 449 3555 berf in grado
136 3530 441 3618 es sieno atti
131 3591 454 3678 lucla inutile
131 3645 443 3732 emi finali,
118 3700 450 3782 orf esce che
114 3758 212 3838 io
215 3760 449 3837 E fosse
135 3820 441 3911 Sino rari i
113 3866 453 3963 cole e sottili
151 3940 437 4021 hrgamente
160 3994 451 4081 iede altrui,
745 50 1381 152 ene een
510 140 1437 229 be ferito gravemente le famiglie e i
511 204 1427 292 professori. Per le famiglie l’argomenta¬
500 264 1430 334 zione é giusta; ed é appunto ferendo
499 325 1435 402 gli insani interessi di queste famiglie
513 376 1426 463 che gli studi in Italia possono ritornare
497 424 1433 507 ad essere una seria preparazione alla
514 487 1434 568 vita. Ma per i professori, no. Crediamo
511 566 1429 636 che sia difficile, se non impossibile, tro¬
508 610 1439 696 yare fra essi uno solo che non lamenti
507 664 1441 749 questo odierno andazzo, e che non si
503 739 1439 815 senta in grado di giudicare, senza gli
508 789 1435 859 Gsami, anzi contro di essi, il valore dei
497 856 1428 936 suoi alunni. E i professori avrebbero
753 896 839 936 vre
508 909 1440 983 dovuto in questa occasione far sentire
487 960 1434 1033 anch’essi la loro voce. Essi che si son
489 1016 1428 1109 agitati, or non é guari, per una que¬
502 1085 1431 1168 stiöne che ingiustamente feriva i loro
495 1130 1429 1218 legittimi interessi economici, avrebbero
495 1195 1435 1272 dövuto cogliere questa occasione per
496 1254 1432 1337 dimostrare che a loro non stanno meno
493 1308 1432 1393 ancuöre quelli della nostra coltura e
502 1378 1417 1458 della nostra educazione. La loro agita¬
488 1428 1422 1504 zione poteva essere per il Ministro una
499 1492 1431 1575 förzà morale grandissima per opporre al
483 1542 1424 1622 piccolo e basso segno al quale oggi par
492 1603 1436 1695 che miri l'istruzione ufficiale in Italia,
496 1667 1427 1734 Ja méta altissima alla quale il nostro
483 1729 1435 1802 paese devertehdere per la grandezza del
488 1786 1429 1873 suo avvemire 4 per la gloria della sua
488 1833 773 1932 tradiziohe.
1019 1872 1365 1998 II Marzocco.
528 2064 1096 2200 Maschere
808 2202 1363 2340 letterarie.
523 2320 1420 2434 Sulle scene tedesche, che pure accolgono
492 2419 1417 2499 tanti gravi rimuginamenti di pensiero filoso¬
487 2471 1407 2563 fico o di teorie sociali e lanti sforzi di co¬
495 2530 1425 2617 micita grave e lenta, trionfand ora quattro
495 2599 1420 2675 agili lavori in un atto di Arturo Schnitzler,
490 2656 1418 2724 un autore che meriterebbe di essere meglio
483 2720 1425 2786 noto in Italia. La nostra patria, non parca
484 2774 1411 2843 fel concedere ospitalità alle mediocrissime
493 2815 1420 2911 commedie, agl’ imbrogli, piu strampalati che
490 2883 1417 2968 faceti, dei produttori piu in voga del teatro
488 2951 1413 3015 parigino; e alle elucubrazioni pid melanco¬
489 3005 1423 3079 niche dei bevitori di birra berlinese o vien¬
484 3056 1423 3143 nese, non conosce ció che di meglio, di piu
480 3115 1420 3209 vivo o di pid profondo, di tratto in tratto,
482 3175 1420 3260 in Francia o in Germania, in mezzo a un
480 3255 1423 3317 brulicame di stupide cose o una verminaia
485 3305 1401 3379 ditsollazzevoli volgarità, stampa e fa rappre¬
483 3352 1410 3443 sentarequalche scrittore di talento, che si
482 3416 1404 3489 müove lesto e spedito nel piccolo o vasto
478 3483 1412 3562 possesso feudale d’una libera intelligenza. E
476 3532 1410 3609 Fayverra sempre cosi, finché le nostre compa¬
483 3596 1405 3674 gnie drammatiche saranno le vittime o volon¬
468 3656 1415 3730 Starie o forzose di pochi speculatori, che loro
478 3705 1405 3788 imporranno l’ufficio di divulgare, insieme a
467 3762 1419 3862 qualche gioconda avventura comica, le insanie
477 3822 1410 3909 pid goffe, le scimmiottature piu grottesche e
488 3883 996 3960 le sciatterie pid diluite.
532 3917 1399 4011 Ritorno ai quattro atti di Arturo Schnitzler.
503 3988 1405 4093 Portano un titolo di buon augürio, anche se
2974 118 3177 173 e
1468 144 2395 218 forto gli dà un suo compagno nel tristo
2438 147 3270 232 monche, per la strettoja di un solo atto,
1468 197 2399 288 ospizio dei morbie della morte; & questi il
2436 208 3285 296 loro svolgimento e nella piena espliazie
1463 258 2390 341 comico Floriano Jackwerth, che non abban¬
2437 258 3302 341 dei caratteri principali; al dramma de
1468 327 2397 394 dona i suoi versi e i suoi lazzi, e che forse
2432 325 3292 403 Schnitzler il lettore deve aggiungere pan
1459 385 2390 451 attende di mirare in faccia la Morte, per imi¬
2436 390 3275 467 chio del suo; ei deve poetarvi un po' d
1469 430 2396 497 tarne l’aspetto, come ora rifa i gesti del
2428 433 3286 542 tro col proprio cervello e con la prog
1467 489 2399 569 medico che lo cura e che lo proclama mo¬
2442 501 3284 582 sensibilità. Ció vuol dire semplicemente
1461 562 2399 634 ribondo. Carlo Rademacher, vedendolo, pensa
2438 574 3303 638 l’angustia delle cornici va infranta ed alh
1469 609 2391 680 ad altri commedianti meno avversati dalla
2426 612 3299 708 gata, perché il soggetto e le maschere
1469 672 2393 739 Fortuna; ricorda la carriera del suo amico
2435 674 3275 759 contratte e spudorate facce umane, che
1470 731 2395 794 d’ infanzia Alessandro Weihgast, lo scrittore
2428 737 3302 816 stituiscono l'azione, inducono a meditare
1468 796 2400 863 ricco che non si nutri con le briciole del
2426 792 3297 862 prolungare la vita del dramma oltre la ##
1457 829 2397 933 giornalismo, ma che guadagno lautamen con
2434 861 3292 920 presentazione, oltre la lettura; inizio in
1469 898 2391 966 le sue cömmedie, coi suol drammi e ne dai
2429 896 3282 991 gabile della sua superiorità su tanti frivol
1459 959 2395 1025 contatti coi pubblici, con gli uomini, con le
2428 963 3300 1052 dilettevoli passatempi di teatro, su tante c#
1471 1019 2394 1102 donne, seppe trarre i piu proficui vantaggi.
2441 1024 3301 1123 ed incorporee astrazioni dialogiche e mo
1511 1067 2387 1148 II contrasto, che lo Schnitzler istituisce fra
2422 1080 2615 1149 logiche.
1456 1136 2394 1220 1 due, fra il giornalista dannato alla dimen¬
2466 1135 3296 1224 Arturo Schnitzler ha avuto del suo pro
1464 1187 2395 1274 ticanza e alla povertà e lo scrittore, conse¬
2420 1208 3289 1275 gonista una visione originale e vera; Ca
1460 1249 2396 1334 crato dal successo e reso felice dal danaro e
2422 1271 3300 1350 Rademacher non appartiene alla stereot
1457 1315 2393 1399 dalle lusinghe, é veramente interessante. Se
2425 1314 3278 1405 famiglia dei pennaiuoli quotidiani, che
1454 1372 2387 1436 le stelle stanno in alto, e vigilano sui de¬
2418 1372 3292 1457 cosi numerosi romanzi e drammi moden
1460 1412 2398 1509 stini umani, esse sbagliano qualche volta le
2429 1433 3292 1515 sono sfilati sotto i nostri occhi in gior
1464 1481 2379 1566 teste con la luce bianca dei loro raggi. In¬
2413 1475 3296 1583 di cronisti insulsi, di ricattatori furfantesc
1461 1538 2385 1611 fatti, il trionfatore della vita avrebbe dovuto
2417 1557 3298 1639 o di ribaldi intriganti alle prese con i pos
1462 1599 2379 1666 essere il giornalista Rademacher, non il com¬
2417 1617 3296 1686 onorevoli membri d’ un parlamento qualsi
1461 1660 1942 1744 mediografo Weihgast.
2428 1672 3304 1752 alla vigilia d’ un’elezione; Arturo Schnitz
1497 1698 2339 1804 „II primo si fece macerare — é vero —
2425 1726 3299 1822 non ha avuto certo uno scarso coraggio
1449 1772 2373 1859 le carni e lo spirito dalla macchina tipogra¬
2411 1784 3292 1864 tirar fuori da una realtà, che egli conosce,
1458 1847 2394 1908 fica, ma la mise in movimento con laffoga
2430 1845 3294 1923 valore intellettuale logorato delle aspre
1453 1891 2389 1980 della sua fatica quotidiana, con la rapida,
2410 1912 3302 1991 cessità d’un diuturno travaglio; egli ha sc
1462 1953 2400 2035 istantanea percezione della sua mente, con la
2419 1960 3297 2048 levato in alto questa sua figura di lavorato
1448 2010 2391 2095 folla delle sue idee improvvise, vive, accese,
2422 2013 3305 2118 nel paragone con Alessandro Weihgast, tro
1452 2061 2397 2147 con la sua scrittura docile ad ogni impulso
2420 2077 3296 2158 fio della sua catasta di libri, concepitissen
1464 2127 2390 2203 di realtà e di imaginazione inventiva emul¬
2420 2137 3301 2239 acume e senza ingegno, accumulati a gui
1465 2182 2383 2257 tanime; mentre il secondo, nei quadri delle
2426 2194 3284 2280 di monumento cartaceo, per dimostrare
1456 2244 2382 2332 scene, degli atti, fra gli applausi, decoró di
2413 2243 3294 2343 grandezza del loro autore, caro ai pubblici
1453 2313 2389 2397 frasche e di falso lauro la sua vuotaggine
2412 2310 3295 2393 alle dame; e a costui ha impresso sul vol
1461 2358 2378 2450 interna, il suo stento di tardo ed arido alli¬
2413 2389 3296 2460 una maschera di volgarità cinica ed inconsch
1441 2428 2395 2504 neatore di frasi convenzionali, di comunicasi
2418 2437 3296 2497 II dramma e il romanzo del giornalismo son
1456 2479 2378 2555 di vite incolori o vili, la sua abilità dit in¬
2402 2486 3292 2567 ancora da scrivere, e non hanno trovato a
1447 2531 2394 2628 dovinare la tendenza del pubblico, di favo¬
2410 2555 3296 2634 cora il loro Balzac o il loro Ibsen, ma 1
1455 2599 2386 2672 rirla e di riprodurla nei suoi romanzi ##nei
2413 2599 3298 2691 i primi scorci di figure, balzate fuori da un
1453 2673 2391 2731 suoi drammi senza rilievo di personalità o
2404 2668 3303 2743 giusta comprensione delle energie agenti d
1447 2724 2376 2797 segno di temerità pugnace. Questo Alessan¬
2415 2737 3305 2799 nostri tempi, non bisognerà, con oblio
1455 2774 2374 2836 dro Weibgast é un ignobile e fortunato fan¬
2419 2787 3290 2874 sbadataggine, trascurare il protagonista di
2414 2836 2773 2926 ultime maschere.
1449 2828 2387 2915 toccio, fasciato della bestialità sua e degli
1447 2893 2371 2987 altri, rappresentativo e moderno in tutto e
2457 2869 3283 2981 E una persona nuova che non somiglia
1449 2954 1691 3029 per tutto.
2417 2960 3297 3041 troppo pigri e irreali boemi della letteratur
1499 2998 2375 3087 E poeta fu invece, anche se gettö leisue
2411 3018 3303 3105 dell’arte e del giornalismo, che in questi u
1453 3060 2386 3149 strofe al vento per un'ora sola, il giornalista
2417 3071 3300 3164 timi anni si sono fatti cosi loquaci e can
1441 3120 2379 3197 Rademacher, che spesso, forse, in un Para¬
2410 3121 3304 3227 terini nei libretti d’opera; non é la col
1445 3183 2381 3267 dosso, raccolse la sintesi di una veritä####che
2410 3188 3296 3277 sueta imagine dell'artista ruinato o spinto
1452 3250 2383 3327 in un articolo divinó i moti secreti delle ideali
2424 3263 3296 3329 morte dalla donna, come nella Pine di S
1442 3308 2367 3381 aspirazioni di un popolo, le inespresse bel¬
2412 3306 3302 3388 doma o in Hedda Gabler; & invece la tragic
1444 3370 2385 3441 lezze d’un'arte futura o d’una vita söciale
2408 3359 3294 3445 evidenza del conflitto modernissimo fra qua
1444 3416 2375 3508 dell’avvenire, crepitante come fuoco e cenère
2404 3426 3301 3514 che ardente, intensa intelligenza che il puh
1456 3476 2381 3553 sotto un vulcano ancora tranquillo nelle sue
2407 3482 3306 3574 blico scorda, sbrana, divora e qualche medic
1448 3532 2351 3630 superfici floride, vegetanti e cosparse die#gi
2417 3540 3309 3629 crità opportunistica che il pubblico eleve
1450 3600 1611 3678 nestre.
2409 3605 3297 3665 impingua ed arricchisce. Ottavio Mirbeau, i
1497 3626 2373 3748 Solo la moglie del Weihgast non si lasci
2412 3660 3309 3741 alcuni suoi dialoghi, aveva forse meglio deg
1441 3698 2365 3809 abbagliare dal luccicare delle fallaci appar
2408 3713 3310 3792 altri scolpito l’ inanità stopposa e flaccid
1441 3770 2373 3852 renze. Ben presto misuró a fondo l’albagsa
2404 3781 3313 3860 di certe fame accademiche, e le aveva fatt
1435 3848 2374 3923 ge la vacuità del marito; comprese, invece,
2400 3839 3311 3919 giudicare con sarcasmo brutale dai loro cag
1443 3889 2363 3967 che il Rademacher era un uomo ed un ars
2406 3900 3296 3978 merieri, meno copiosi nelle parole, ma pi
1447 3943 2362 4019 tista e fu amante sua per due anni. All’evo¬
2407 3953 3304 4019 incisivi nelie definizioni, di quelli delle com
1438 4015 3300 4103 cazione della pace e dell’agiatezza della casa medie di Alessandro Dumas figlio; in quest
