3484 4256
188 41 771 128 en nene
1256 41 1794 122 n eee
2294 81 3361 173 seldit, vonn Aenlich mennereitschen Deden ui i
199 106 1181 162 ffe mit einander vermitteln, ineinander über¬
1214 114 2276 172 verspricht sie ihm „heute Abend zu kommen“. Sehr
2293 145 3348 206 er sich damit begründen, daß die starken Leiden¬
1086 152 1197 205 im
178 153 1097 202 en, gleichsam im Leben das Sterben,
1206 154 2284 221 modern. Man fragt sich vergeblich: Was hat das
2299 194 3353 249 schaften, die am heftigsten bewegten Gemüter
177 193 1205 246 kerben das Leben aufweisen. Ihm muß hier
1212 201 2271 257 Hineinziehen der dumpfen Ahnungen, die uns
2299 235 3356 299 sich unzweifelhaft oft genug in lauten Worten Luft
188 240 1198 293 dda Ahnliches vorgeschwebt haben, wie Hauptmann
1216 243 2281 298 zuweilen vorspiegeln, wir hätten schon einmal gelebt,
2285 284 3350 336 machen. C’est une erreur de croire que le
215 286 1195 340 „Michael Kramer“ als er den alten Maler an
1211 284 2282 345 die uns häusig in früheren Menschen, in früheren
2292 324 3365 383 monologue n'’est pas dans la nature. Les fortes
200 308 1196 383 Leiche seines Sohnes über Werden und Ver¬
1217 328 2279 393 Geschehnissen uns selbst erblicken lassen, hier für
184 373 1191 424 en philosophieren läßt. Es scheint mir nicht aus¬
2294 374 3372 436 agitations parlent souvent à haute voix. (Viktor
1216 365 2281 420 einen Sinn? Soll es uns bewegen, die moderne
2283 401 2455 481 Hugo).
192 410 1196 471 chlossen, daß Schnitzler eine erste Anregung aus
1211 421 2279 467 Geschichte, in welche das florentinische Abenteuer
2356 441 3371 518 Das letzte Stück „Litteratur“ steht rein
253 455 1204 503 erwähnten Hauptmannschen Akte empfing.
183 464 262 511 n
1212 461 2280 517 eingerahmt ist, nach Analogie von diesem fortzusetzen,
175 503 1195 554 Der Tod ist die mildeste Form des Lebens“, drückt
2286 502 3364 555 künstlerisch am höchsten. Es ist eine feine, in sich
1198 502 2282 566 uns zu ergänzen? So, daß auch hier ein blutiger
2283 543 3361 600 abgeschlossene kleine Satire, die nicht an den psycho¬
180 541 1189 607 kuptmann sich ungelenk und ein wenig billig¬
1212 545 2280 603 Konflikt aus dem geplanten Rendezvous sich er¬
2285 587 3364 646 logischen Lücken, an der Stoffvergeudung oder der
183 585 1195 636 tithesenhaft aus. Er meint in der Hauptsache
1202 577 2286 641 gäbe? Soll beides nur einen Kontraft herstellen
2301 638 3369 692 Stoffprotzerei der Einakter im allgemeinen leidet.
193 637 1194 690 selbe, wie wenn man sonst von dem ewigen
1679 637 2273 702 oder „So liebte man gestern,
1206 621 1680 693 etwa: „Einst und jetzt“
2302 673 3362 734 Nach bewegtem Wandel als Frau und Witwe ist
184 676 1201 734 verlorensein alles Lebens, von der Undenkbarkeit
1698 671 2290 746 Sollte lediglich die einfache
1206 682 1694 742 so liebt man heute“?
2300 712 3360 789 Margarete in den Armen eines sicheren Herrn ge¬
177 721 1194 777 her Allvernichtung, von der großen Erhaltung der
1200 724 2286 780 Thatsache, das Vorhandensein von zeitentbundenen
2301 760 3368 831 landet. Er ist von altem Adel, sie von dem
177 761 1196 821 ysischen wie der psychischen Kräfte, vom uferlosen Fort¬
1204 761 2280 824 Spiegelungen des Gehirnes, des Vorstellungs¬
2290 800 3352 859 bekannten, noch älteren, mesopotamischen Adel,
181 815 1195 868 rken der Vergangenheit in alle Zukunft wie vom
1204 808 2279 862 vermögens, bühnenplastisch vorgeführt werden? Aus
2286 849 3372 917 wenigstens zu fünfzig Prozent. Das wäre an sich
189 857 1052 914 bewußten Besitze fernster Ewigkeiten redet.
1674 862 2284 915 ist nichts Bestimmtes zu
1205 853 1687 924 dem Stücke heraus
2297 891 3362 955 nicht erwähnenswert — denn für das Stück ist es
193 880 1194 965 Was gilt der Tod des Individuums? scheint der
1210 899 2280 955 ermitteln. Nur Herr Schnitzler selber könnte uns
2293 940 3363 1000 gänzlich unwesentlich — wenn es nicht im Gespräche
173 940 1185 997 te Einakter „Lebendige Stunden“ zu fragen.
1204 942 2255 1014 dies und jenes versichern, was er gewollt habe —
2274 993 3371 1046 besonders betont würde, und da Frl. Triesch selbst
172 988 1192 1041 gut sich nicht über dem ärmlichen Einzelschicksal das
1202 979 2280 1029 das aber hätte wiederum keinen Wert. Die
2287 1030 3370 1093 eine unverfälschte Mesopotamierin, die Margaretespielte,
1218 1025 2288 1085 einzige Sprache von Belang, welche ein Kunstwerk
185 1020 1202 1086 ben der Gesamtheit auf? Schreitet nicht über den
2283 1060 3369 1121 das Wort von den „antisemitischen Tendenzen“ eine
1198 1066 2273 1138 reden kann, ist die, welche aus ihm selbst hervor¬
176 1080 1193 1133 Fäbern der vergangenen Menschheit die gegenwärtige,
2293 1115 3373 1168 außerordentlich komische Wirkung erzielte. Sie
1219 1118 2276 1172 schallt. Wie dieses Stück heute vorliegt, ist es eine
182 1124 1199 1171 d wird nicht über der Asche dieser die Zukunftwandeln?
2291 1154 3369 1204 hat einen unbezwinglichen Hang zu Litteratur und
1214 1154 2282 1217 Spielerei mit einer an sich tiefen, unter der Schwelle
175 1158 1195 1216 ebt das Friedenmachen einer einzelnen Persönlich¬
1206 1206 2284 1258 unseres Bewußtseins liegenden Vorstellung, die in¬
2290 1193 3371 1254 Leben, er — nur zum Leben. Sie hat viel und
217 1221 1192 1267 den anderen ein Recht, nicht mehr mitzuthun,
2286 1245 3373 1309 mit Hingebung in den Kreisen der Bohème
229 1247 1209 1305 auszuschwelgen in selbstgenügsamer Trauer?
1203 1248 2281 1304 dessen nicht dazu gelangt, sich zu einer sinnvollen
2292 1275 3381 1354 verkehrt, er findet nur seltsame, eigentlich nicht
1201 1300 2290 1360 Berührung mit unserem Gegenwärtigkeitsbewußtsein
203 1285 1212 1354 Reiche stürzen und Kronen rollen, deshalb sieht
2302 1336 3369 1389 recht zu motivierende Existenzen in ihnen.
229 1334 1201 1383 der heimliche Geist der Weltentwicklung
1204 1341 1532 1406 durchzuringen.
2298 1370 3355 1431 Er hält Ehe und Heiraten für die unerläßliche Vor¬
167 1368 1206 1442 Ich nicht ein einziges Mal um, deshalb geht der
1278 1367 2282 1437 Ein Motio, das schon in diesem Stücke an¬
180 1424 1150 1483 hige Genius der Geschichte unhemmbar weiter. —
2293 1423 3361 1471 bedingung zur „wahren" Liebe, sie kann Vor¬
1206 1429 2286 1502 geschlagen wurde, klingt auch in dem folgenden
2291 1466 3375 1516 bedingungen entbehren. Dennoch erstrebt sie im vor¬
169 1465 1200 1526 zer trauert ein Sohn, ein Dichter, mit dem Herzens¬
1207 1474 2282 1533 dritten Stücke mit an. In der „Frau mit dem
2293 1513 3377 1560 liegenden Falle die Ehe mit aller Macht; er
171 1511 1196 1572 unde seiner Mutter um deren Tod. Aus dem
1209 1520 2290 1578 Dolche“ ist der Gatte und Maler im Augenblick des
177 1559 1194 1610 kunde des Freundes erfährt jener in der Form des
2285 1550 3364 1602 zweifelt, und weiß nicht recht, woher, noch wohin.
1210 1568 2288 1618 schrecklichen Geschehens nur Künstler: Er denkt lediglich
2287 1601 3362 1650 Zwischen beide, die sich schon einigermaßen geeinigt
179 1597 1201 1655 rwurfs, daß sich die Mutter um des Sohnes
1213 1614 2288 1660 daran, die Pose der Frau festzuhalten, gleich als ob
2285 1641 3369 1691 wähnten, triti auf einmal vonneuem die Litteratur. Sie
172 1648 1195 1696 illen mit Morphiumpulvern den Tod gegeben,
1200 1654 2289 1712 ihm bloß ein Schauspiel vorgeführt würde, an dem
2294 1690 3370 1745 hat einen Roman geschrieben, dessen Veröffentlichung
205 1693 1195 1741 sie es nicht mit ansehen konnte, daß er im
1204 1691 2287 1757 er selbst unbeteiligt wäre. In „Die letzten
2288 1733 3364 1791 sie brennend wünscht; es kämen zwar starke Sachen
166 1725 1196 1783 #ten Anblick ihres langwierigen Leidens sich vor
1199 1733 2288 1797 Masken“ tritt ein Schauspieler in einem
2288 1775 3371 1835 darin vor, aber es sei alles nur „erdichtet“, nicht gelebt.
177 1782 1195 1840 id verzehrte, daß er aus der Stimmung des
1643 1775 2287 1843 der, selbst ein Sterbender,
1211 1795 1627 1853 Krankenhause auf,
2298 1821 3363 1867 Er findet im Gegenteil: So etwas thut man wohl,
171 1824 1199 1875 hmerzes heraus nicht mehr zu arbeiten, nicht mehr
1212 1836 2282 1889 aus den schmerzlichen Zügen, den Verzerrungen der
2292 1868 3354 1920 aber man sagt es nicht und besteht auf Unter¬
184 1870 1201 1918 schaffen vermochte. Der väterliche Freund vergeht
1205 1873 2278 1922 Verendenden ein Studium für seine Komik macht.
2285 1907 3355 1965 drückung des Werkes, falls aus der Heirat etwas
179 1918 1201 1968 Klagen um das vorzeitige Ende der Verblichenen,
1213 1922 2286 1970 Er behauptet, aus ihnen das schätzbarste Material
2290 1948 3360 2009 werden solle. Im kritischen Zeitpunkt tritt ein alter Ver¬
197 1958 1198 2009 hätte ja noch zwei bis drei Jahre ihm Freundin
1207 1964 2282 2012 für seine „Wirkungen“ zusammentragen zu können.
2298 1997 3357 2053 ehrer aus der „hingebungs“ vollen Münchener Zeit auf.
194 2001 1206 2056 n können. Er wünscht in Trauer auszuruhen, er
1218 2012 2275 2071 Im übrigen geht freilich das Stück, das unzweifel¬
2298 2040 3363 2101 Auch er hat den Roman seines Lebens geschrieben
172 2040 1208 2104 ht in allem, was den Sohn noch über sein Weh
1214 2060 2287 2110 haft von den drei ersten das wertvollste ist, auf
2296 2087 3361 2140 mit ungefähr denselben Thatsachen, jedenfalls mit
166 2084 1196 2132 maus beschäftigt, Gemütsroheit, Mangel an Pietät,
1211 2099 2287 2161 ganz anderes hinaus. Jemanden, der in seinem
2289 2133 3359 2187 genau denselben der Wirklichkeit entnommenen
178 2130 1200 2186 erzlosigkeit. Der Sohn vertritt dem gegenüber den
1215 2145 2286 2193 ganzen Leben ein ehrlicher, mit leidenschaftlichem Ernst
2288 2176 3356 2229 Briefen, die diese Frau auch in ihrem Werke ver¬
170 2177 1198 2222 ktandpunkt des wirkenden, Werte schaffenden Daseins.
1223 2194 2279 2245 strebender Schriftsteller gewesen ist, der es aber zu
2291 2217 3356 2270 wendet hat. Es ist wie mit George Sand und
172 2220 1199 2284 sieht in dem gänzlichen Sichverlieren im Scheidungs¬
1212 2231 2285 2293 nichts gebracht hat, packt in seinen letzten Stunden
2283 2269 3359 2323 Paul de Musset. Schrieb sie Lui et Elle so
168 2259 1196 2317 eh ein billiges Zurückweichen vor den Wirklich¬
1207 2276 2286 2337 im Krankenhause ein unlöschbarer Haß gegen einen
2296 2304 3369 2360 schrieb Elle et Lui Lui. Was die Bedenken
165 2306 1190 2357 kiten des Lebens, ein fast kokettes Sichselbstgenießen
1206 2320 2284 2370 befreundeten Kollegen, der zu Geld und Ehren ge¬
2289 2345 3362 2408 des Barons nicht vermochten, vermag diese That¬
179 2355 1198 2403 s Schmerzes, der sich immer aufs neue im Spiegel
1217 2356 2282 2425 kommen ist, dessen ganze Hohlheit er indessen durch¬
2299 2392 3366 2447 sache. Einen Augenblick denkt sie daran, mit dem
187 2402 1199 2452 besehen wünscht, um sich desie bedauernswerter
1209 2410 2282 2468 schaut. Er läßt ihn zu sich bitten, um einmal an ihm
2295 2437 3370 2498 früheren Verehrer durchzugehen; dann, als dieser
177 2442 1194 2495 rzukommen. Er leidet um die Hingegangene so
1216 2455 2276 2500 den Rächer zu spielen, ihn tödlich zu verwunden.
2454 2475 2712 2547 Lust zu
2296 2485 2467 2542 wenig
2706 2482 3373 2534 romantischen Fesseln zeigt,
163 2496 1201 2543 #t wie einer; aber er glaubt in ihrem Sinne zu
1203 2491 2289 2551 Nicht nur, für wie nichtig und niedrig er ihn all
2300 2530 3357 2587 stimmt sie der Einstampfung des Romans zu.
161 2532 1202 2586 #ndeln, er glaubt ihr Opser erst ganz zu ehren,
1210 2539 2291 2607 sein Lebtag gehalten, will er ihm sagen — das ist
2288 2557 2656 2634 Die Reputation
2659 2568 3361 2635 ist für den Baron gerettet,
158 2586 1202 2636 senn er es nicht umsonst geschehen sein läßt, wenn
1207 2593 2274 2643 zu wenig, zu sanft — nein, daß er auch da, wo er
2285 2606 3363 2675 weiter nichts. Innere Gründe bestimmten ihn
180 2619 1202 2683 gerade aus seinem völligen Verständnis heraus
1206 2631 2284 2682 rein menschlich am glücklichsten zu sein glaubte, ein
2284 2648 3370 2715 in seinem Handeln nicht; nur die Wahrung der
149 2646 1192 2720 Anach strebt, wieder ein schaffender, ein thätiger
1204 2673 2279 2733 eingebildeter Fant, ein Nichts war, daß sein „bester
2287 2701 3368 2770 Form. Was er verhindern wollte, die Veröffent¬
159 2711 1200 2772 Kensch zu sein. Diese Gegenüberstellung beider
1216 2718 2283 2777 Kamerad“, seine Frau, ihn betrogen hat mit ihm,
2286 2745 3366 2796 lichung des Romans seiner Künftigen, geschieht in
157 2745 1198 2799 tandpunkte macht in Wahrheit das Stückchen
1217 2761 2288 2817 dem Kranken und nichtgeachteten Kollegen, das
2287 2789 3362 2850 Wahrheit doch, nämlich durch das Werk des früheren
157 2797 1198 2847 is, das sich damit als ein hübsches, sinnvolles
2292 2840 3362 2899 Verehrers. Er empfängt nur obendrein für sein
173 2841 1201 2910 pereu, als eine dramatisch anspruchslose, dem In¬
1221 2842 2280 2903 Genugthuung verschaffen. Er erzählt alles dem
2288 2884 3364 2950 rein äußerliches Verdammen, das sich gegen einen
149 2871 1116 2953 lte nach nicht wertlose Plauderei kennzeichnet.
1213 2900 2273 2960 erwähnten Schauspieler; der verachtete „Freund“
2296 2931 3363 2984 Balken, der verborgen bleibt, niemals, dagegen
179 2935 1198 2996 Das zweite Stück, „Die Frau mit
1212 2920 2274 2992 erscheint und — plötzlich ist alles Rachegefühl, alle
2294 2972 3361 3036 wider einen Splitter, der sichtbar wird, mit desto
166 2974 562 3046 em Dolche,“
572 2979 932 3045 wirkt unklar,
938 2979 1085 3045 nicht
1212 2987 2182 3048 schäumende Wut verschwunden. Der Kranke
2176 2985 2280 3042 sitzt
1082 2986 1202 3041 be¬
2290 3012 3368 3076 größerer sittlicher Emphase wendet, seinen Lohn:
159 3014 1195 3080 lehungsreich genug in seinen wechselnden Er¬
2150 3024 2280 3085 läßt
1207 3029 2142 3085 nur da und starrt und staunt und
2287 3058 3360 3116 Er muß heiraten, was er zu verachten vor¬
2027 3074 2129 3127 Er
168 3075 1195 3123 heinungen. Es ist kein Mysterium, höchstens ein
1205 3068 1994 3138 den anderen ungekränkt ziehen.
2126 3065 2280 3136 sieht,
2292 3099 2437 3167 giebt.
2507 3093 3368 3167 s liegt eine freie, prächtige Ironie
179 3113 1199 3171 exierrätsel zu nennen. Eine junge Frau trifft mit
1202 3100 2275 3170 wie wenig auch jenem all sein äußerliches,
2288 3151 3363 3197 in dem Ganzen, die, ohne den gebührlich gezeichneten
162 3163 1196 3215 nem jungen Menschen in der Gemäldegalerie vor
1211 3166 2273 3218 sich selbst wegwerfendes Jagen und Erraffenwollen
2282 3196 3368 3257 dekadenten Bohemezuständen das Wort zu reden,
157 3212 1195 3269 em Porträt eines alten Meisters zusammen, das
1213 3209 2272 3260 geholfen hat, wie er vor ihm dasitzt als ein elender,
2289 3239 3351 3306 dennoch dem Pharisäertum scharf zu Leibe geht, es
170 3250 1190 3306 er Dame überaus ähnlich sieht. Sie gestehen sich
1203 3242 2279 3294 verächtlicher Gauch, elender als er, der Kranke
2293 3271 2958 3326 kostbar an der Nase herumführt.
172 3292 1203 3353 hre Liebe; doch die Frau denkt am nächsten Tage
1216 3293 2283 3352 selber, und zugleich mischt sich ihm das Gefühl hinein,
2348 3310 3362 3379 Anregend sind Schnitzlers Einakter in jedem Fall.
173 3338 1203 3407 heit weg zu reisen, gleichsam vor sich selbst zu fliehen.
1204 3352 2277 3400 was er, der abgeschlossen hat mit allem, der eigent¬
2285 3358 3363 3441 Indessen nur der letzte, der ganz in sich geschlossen
276 3379 1195 3425 während einer fast hypnotischen Versunken¬
1213 3377 2275 3444 lich durchgedrungen ist zu der großen Klarheit, der
2289 3398 2373 3473 ist,
2405 3420 3357 3471 dessen Problem völlig zum Ausleben,
305 3422 1195 3491 ändert sich plötzlich die Scene. Wir sehen
1209 3421 2274 3484 erhabenen Stille in sich selber, denn noch zu thun
2401 3460 3355 3515 Auseinandersetzung der in ihm waltenden
229 3469 1083 3535 Traum, durch Gazeschleier hindurch,
1216 3460 2276 3527 habe mit dem erbärmlichen Hasten der anderen da
1102 3475 1201 3528 die
2296 3505 3353 3568 Gegensätze kommt, gelangt durchaus über das
287 3502 1039 3577 als die Dame des genannten
1026 3500 1198 3572 Bildes
1206 3505 2274 3559 im Leben, mit dem trostlosen Gewimmel klein¬
2297 3534 3360 3605 Roh=Stoffliche hinaus, das gewöhnlich Einaktern
241 3555 1200 3622 Florenz der Renaissance, den jungen
1209 3553 2279 3619 licher, bedürftiger Menschenkinder. Er läßt jenen
2287 3592 3362 3642 anhaftet. Die übrigen sind bei allem Reize doch
166 3589 1098 3653 Renschen aber als den Maler Lionardo,
1216 3608 2278 3658 gehen; es verlöschen die Lichter; er stirbt.
1087 3611 1201 3656 der
2290 3638 3361 3694 gewissermaßen nur unterhaltsame Erholungsspiele
1489 3646 1596 3701 ist
1584 3646 1687 3699 in
1214 3637 1486 3701 Das Stück
1679 3632 2275 3709 seiner Stimmung, inner¬
162 3646 1200 3705 eben mit ihr die Treue gebrochen. Die Frau hat
2282 3677 3355 3746 für den Verfasser, bei denen er verweilt, so lange er
164 3675 1197 3747 ereits der Überdruß gepackt, sie will dem soeben
1212 3687 2277 3745 halb der psychologischen Begrenztheit des Einakters,
2290 3722 3346 3775 alles, was lockt, mit leichter Hand abschöpfen kann,
166 3724 1196 3787 eimkehrenden Gatten, auch einem Maler, alles
1208 3738 2275 3789 vortrefflich gearbeitet. Lediglich die Unmöglichkeit
2285 3770 3361 3839 von denen ec sich indessen lächelnd verabschiedet, so¬
1213 3782 2267 3832 stört, daß der Kranke, dieser wilde, innerliche
172 3777 1202 3841 eichten, um sich so gewissermaßen zu entsühnen.
2279 3818 3362 3868 bald aus dem Spiel eine Arbeit werden könnte, so¬
170 3813 1195 3877 Das Geständnis ist der Mut der Schuldigen.“
1205 3818 2169 3894 Hasser, einem eitlen Mimen die Scene
2167 3825 2279 3884 mit
2282 3864 3347 3917 bald lästige Frager zu kommen drohen, die da an¬
162 3873 1196 3923 Der Geliebte will das Bekenntnis der Schuld ver¬
1205 3871 2135 3921 dem erwarteten Freunde zuerst vorspielt.
2170 3873 2286 3927 So
2282 3900 3117 3970 fangen möchten, wo der Dichter aufhört.
1210 3905 2158 3972 sehr das aus seiner ganzen Erregung
159 3910 1200 3964 indern; da es ihm nicht gelingt, stellt er sich dem
2164 3912 2282 3976 be¬
2913 3931 3287 4011 Paul Mahn.
163 3953 1196 4023 Dolche des Gatten, damit kein lebender Zeuge
1212 3946 2274 4014 greiflich zu machen versucht wird, es ist eine
159 3990 2304 4070 leibe. Dieser will ihn ruhig seines Weges psychologische Ungeheuerlichkeit, die der Dichter nur
