3436 4224
1016 117 1893 159 ungefuhrten Titet ver
985 142 1937 198 einte. Läge der Scherz nicht gar so nahe, man müßte
985 198 1936 230 als ehrlicher Mensch sagen, es waren keine — leben¬
985 230 1936 278 digen Stunden. Der Dichter hat sich über die Pfeudo¬
979 273 1934 310 Dichter lustig machen wollen, die sich einreden, der
990 305 1934 361 „Gott in ihnen“ stehe höher als das natürliche
991 347 1942 394 Meuschenempfinden, darum setze sich jedes Ge¬
992 384 1935 431 fühl in Schaffensdrang um. Sie seciren ihre
905 428 1932 482 seelischen Regungen und beobachten sich, um sich
972 475 1938 518 zu beschreiben. Wir wissen nicht, was Schnitzler die
972 506 1934 547 Anregung bot, einmal ein Donnerwetter über „Die
973 539 1926 607 Talente des Kaffeehauses“ loszulassen aber er
970 575 1945 637 verkenne nicht, daß auch er gleich den Ge¬
983 617 1922 674 geißelten seine Empfindungen schaffend verwerthete.
988 660 1931 707 Freilich waren es nicht Empfindungen des Schmerzes
980 695 1934 750 im gewöhnlichen Sinne, war es kein Unglück, das ihn
973 736 1955 781 Straf. als er die Eingebildeten mit ihrem harmlosen
977 776 1924 825 -Größenwahn kennzeichnen und züchtigen wollte,
976 816 1935 852 aber ein Weh war's immerhin, und daraus geboren
966 853 1935 897 erstanden die vier Theaterstücke — für Litteratur¬
965 900 1933 953 meuschen, die jede geistreiche, wie jede ironische Wendung
965 942 1741 984 verstehen, jede Anspielung freudig auffassen.
1019 971 1930 1015 Wir wollen uns nach 11 Uhr Abends in keine allzu
966 1012 1920 1064 lange litterarisch=dramaturgische Studie über diese vier
964 1050 1289 1108 Nippes ergehen.
1009 1090 1164 1144 Nr. 1:
1170 1074 1920 1151 „Lebendige Stunden“, Schauspiel in
972 1137 1915 1183 einem Aufzug. Eine leidende Mutter tödtet sich, weil
975 1171 1924 1217 sie sieht, daß ihr Leiden dem Sohn die dichte¬
973 1209 1926 1250 rische Schaffensfreude nimmt. Der Sohn erfährt diese
969 1246 1919 1300 heroische That der Mutter durch ihren „Freund“, der
966 1295 1930 1333 sie dem jungen Dichter mittheilt, weil er ihn kennt.
977 1327 1929 1374 Und in der That erklärt dieser nun, seinen Schmerz
966 1368 1899 1411 zu gestalten. Fadenscheinig vergleicht er das dami:
968 1411 1920 1457 daß der Gartenbesitzer ja trotz allen Leids auch seinen
965 1441 1251 1500 Garten pflegt.
1008 1484 1914 1532 Das Stückchen, von den Herren Reinhard (Freuni
966 1529 1922 1590 der Verstorbenen), Rittner (Sohn), Fischer (Gärtner)
961 1575 1907 1628 sehr lebenswahr gespielt, konnte es zu keinem Er
970 1602 1923 1659 folge bringen. Es war auch zu häßlich, daß
960 1651 1919 1688 kein Gegensatz zur Ausgleichung gefunden wurde,
960 1695 1902 1741 denn es wird doch Schnitzlers Absicht nicht ge¬
967 1736 1906 1781 wesen sein, alle jungen Dichter als solche Selbst¬
960 1767 1908 1827 anbeter zu bezeichnen? Das wäre, —— nun sagen
957 1798 1346 1855 wir höflich: seltsam.
1003 1822 1899 1907 Nr. 2: „Die Frau mit dem Dolche.“ Schau¬
970 1885 1909 1927 spiel in einem Aufzug. Pauline, die Gattin des
956 1919 1907 1970 Malers Remigio, giebt sich mit Leouhard im Aus¬
968 1969 1909 2025 stellungssaale ein Stelldichein. Sie stehen (und sitzen
999 2074 1933 2130 auf dem Rundsopha) vor dem großen Mittelbilde, das
992 2127 1930 2179 die Frau mit dem Dolche darstellt. Der Maler ist un¬
987 2168 1927 2219 bekannt, das Bild stammt aus dem 16. Jahrhundert.
1001 2208 1939 2246 Pauline hat es ihrem Manne gesagt, daß sie einen
992 2245 1931 2287 Augenblick nahe daran war, Leonhard zu lieben, in
998 2288 1937 2340 Folge dessen wurde beschlossen, abzureisen. Pauline ist
998 2318 1934 2379 eine visionare Natur. Sie sieht Leonhard als
998 2369 1931 2414 Leiche, denn auf dem Bilde ist ein Jüngling
997 2415 1931 2456 neben der Frau mit dem Dolche todt hingestreckt sichtbar.
989 2453 1937 2494 Es wird dunkel — Verwandlung — und der Maler
995 2479 1934 2523 aus dem 16. Jahrhundert findet bei der Heimkehr sein
991 2521 1940 2574 inzwischen ihm ungetreu gewordenes Weib. Alles ist
1004 2559 1937 2610 im Kostüm des 16. Jahrhunderts, und Pauline ersticht
989 2601 1937 2652 Leonhard, der ihre Schande und ihres Gatten Unglück
993 2642 1931 2693 laut hinaus rufen will, da Remigio beide zu sehr ver¬
997 2689 1925 2731 achtet, um sich zu rächen, oder gar ihn zu
989 2718 1143 2767 lödten!
1264 2715 1944 2759 Es wird wieder dunkel, man
989 2751 1941 2801 hört es wie vor der Verwandlung 12 Uhr
988 2796 1938 2841 läuten — es wird hell und vor Pauline, die einen
996 2837 1935 2891 Augenblick lang die Vision, die wir als Verwandlung
999 2874 1937 2931 sahen, hatte, steht Leonhard. Da er ihr im ersten
996 2917 1934 2960 Bilde sagte, ihr Mann betrachte sie nur gleich¬
1000 2955 1930 3000 sam als Modell errege ihre Stimmung nur,
985 2982 1937 3041 um den Ausdruck hervorzurufen, den er für das
987 3031 1936 3074 Bild braucht, das er gerade malt, rächt sie sich an ihm
1001 3076 1943 3120 und — giebt zu, sich am Abend mit Leonhard zu
996 3113 1934 3159 treffen. Dieses Stückchen soll die Maler treffen,
1660 3151 1936 3209 treffend. Im
996 3148 1566 3207 man fand es aber nicht
999 3193 1935 3241 Publicum hatte man es im Zwischenact als Preis¬
987 3240 1935 3282 aufgabe bezeichnet, das Räthsel dieses Theaterstückes
986 3271 1927 3326 zu lösen. Gespielt wurde es meisterhaft von Frl.
994 3302 1937 3361 Irene Triesch (Pauline) und Richard Hahn (Leon¬
993 3349 1128 3408 hard).
1020 3374 1930 3431 Nr. 3: „Die letzten Masken“. Schauspiel in
986 3430 1927 3475 einem Aufzug. Ein Schauspieler, der in 8 Tagen
991 3466 1937 3524 stirbt, wie der Arzt sagt, und ein Journalist, der
984 3506 1926 3558 während des Abends stirbt, bilden die Masken. Aber
986 3549 1935 3598 eigentlich ist der Journalist nur der Verkleidete, wenn wir
996 3594 1926 3635 nicht sagen wollen, der neidische Hundsfott. Er haßt
997 3622 1936 3666 den Dichter Weihgast, von dem er behauptet, er sei ein
994 3674 1938 3716 Dummkopf und habe nur Glück gehabt. Er verführt
987 3706 1943 3755 die Frau dieses Ahnungslosen, der sein Jugendfreund
989 3746 1932 3796 war, die angeblich ihres Gatten Nichtigkeit durchschaut.
989 3786 1952 3841 Vor dem Schauspieler hält er auf dessen Aurathen
988 3825 1941 3872 Probe, was er ihm sagen werde. Und als der
998 3855 1959 3924 glückliche Dichter dann erscheint und dem neidvollen
993 3904 1938 3952 Journalisten so herzenswarm entgegentritt, hat dieser
993 3954 1947 3999 nicht den Muth, ihm irgend eine Gemeinheit ins Ge¬
1951 2066 2899 2132 sicht zu schleudern! Er weiß ja in der That auch nichts
1948 2124 2895 2190 als zu schimpfen — und nach dem Weggang des
1947 2162 2405 2218 „Glücklichen“ zu sterben.
1988 2186 2898 2253 Hier hat die dichterische Kraft Herrn Dr. Schnitzler
1958 2246 2888 2294 völlig im Stich gelassen, denn nicht nur hat
2499 2282 2898 2334 er hat auch nicht
1946 2283 2498 2340 er keine Typen geschaffen,
1943 2321 2898 2379 einmal gewußt, was mit seinen Puppen an¬
1950 2356 2894 2412 fangen. Ohne Reinhardt (Journalist), Fischer
1955 2398 2900 2473 (Schauspieler), Bassermann (Dichter) wäre das
1960 2445 2853 2494 Schauspiel sicher noch kühler aufgenommen worden.
1995 2480 2896 2527 Nr. 4: Litteratur. Schwank in einem Aufzug.
1953 2524 2888 2560 Ein Bohème=Stück. Margarethe hatte einen Mann, von
1944 2571 2886 2612 dem sie sich trennte, lebte dann mit dem Dichter Gilbert,
1949 2600 2888 2650 um eines Tages als Braut des Baron Clemens sich
1964 2641 2890 2694 von diesem die Wahrheit sagen zu lassen, daß die
1957 2675 2897 2726 Dichter Verräther ihrer eigenen Erlebnisse und Phan¬
1962 2715 2812 2760 tasien seien. Eine Moral aus der Sportswelt.
1951 2751 2885 2804 der That veröffentlicht Margarethe in ihrem neuesten¬
1945 2798 2871 2847 Roman die Briefe, die sie mit Gilbert wechselte. Das¬
1950 2834 2872 2879 selbe thut aber auch dieser. Clemens will beide Romans
1945 2879 2871 2922 lesen, ehe der Roman Margarethens eingestampft wird
2004 2920 2885 2963 da entreißt sie ihm den ihren und wurft ihn in den
1950 2955 2429 3007 Kamin als Zeichen ihrer —
2667 2950 2878 3010 Liebe! Gil¬
1956 2992 2790 3042 bert bedauert, daß ihm diese Pointe nicht einfiel.
1983 3032 2885 3086 Das Stückchen strotzt von Anspielungen, die nur ein
1955 3074 2879 3135 Premièren=Publicum gontirt, das mit Litteraten und
1953 3108 2589 3156 solchen, die es sein wollen, verkehrt.
1986 3153 2883 3198 Bassermann (Clemens), Rittner (Gilbert) und
1941 3190 2884 3238 Irene Triesch (Margarethe) spielten flott und brachten
1951 3233 2890 3305 die etwas lang gezogenen Dialoge zu vollendeter
1959 3270 2133 3333 Geltung.
1990 3288 2886 3366 Herr Dr. Schnitzler wurde zum Schluß stürmisch,
1964 3349 2887 3397 wie auch im Laufe des Abends oft gerufen. Es war
1955 3394 2885 3442 also äußerlich ein Erfolg. Im letzten Stückchen sagt der
1943 3432 2873 3478 Dichter zur „complicirten" Dichterin, die sich selbstals solche
1957 3467 2883 3518 Erscheinung bezeichnet: „Sprich nicht von der Ewig¬
1959 3514 2887 3558 keit im Punkte der Wirkung Deines Romanes, ehe
1962 3558 2890 3595 nicht die 2. Auflage erschienen ist.“ Auch wir sagen:
1943 3587 2893 3641 Den Erfolg machen die ferneren Aufführungen. Seien
1951 3625 2777 3693 wir auf die Zahl der Auf—führungen gespannt.
2692 3664 2866 3717 G—n.
