3484 4320
1240 262 1335 341 11
1745 264 2456 367 lus box 21/5
279 259 1869 362 16.1. Lebendige St#en zykTu
1300 568 1776 683 Telephon 12801.
916 667 2162 759 Alex. Weigl’s Unternehmen für Zeitungs-Ausschnitte
1857 729 2157 812 Ausschnitt
1150 747 1856 895 „OBSERYER“
1968 792 2250 885 Nr. 58
815 872 2274 952 I. österr. behördl. conc. Bureau für Zeitungsberichte u. Personalnachrichten
1045 943 2090 1027 Wien, IX/1, Türkenstrasse 17.
1238 1011 1875 1094 - Filiale in Budapest: „Figyelö“ —
817 1066 2268 1137 Vertretungen in Berlin, Chicago, Genf, London, Newyork, Paris, Rom, Stockholm.
833 1201 1358 1309 Ausschnitt aus:
1626 1257 2055 1415 ger Zeitung
826 1344 1057 1448 vom:
1096 1387 1419 1504 2/7 #03
1209 1658 1729 1753 Stadttheater.
989 1727 2013 1795 „Lebendige Stunden“. Dieser Einakter=Zyklus
905 1787 2008 1861 Schnitzlers wurde bereits in der vergangenen Sommer¬
925 1848 2023 1911 saison von einem Burgtheater=Ensemble an unserer
914 1883 2021 1982 Bühne in mustergiltiger Weise aufgeführt — wenigstens
916 1955 3055 2050 ezieht sich dies auf das Schauspiel „Die letzten und großer Geschicklichkeit durchgearbeitet bis in die
912 2019 3049 2103 Nasken“ und das Lustspiel „Literatur“ vollkommen,feinsten Details. Herr Hoppé hätte als Weihgast
915 2068 3060 2147 vährend in dem Schauspiel „Die Frau mit dem noch mehr süße Liebenswürdigkeit gebraucht; diese
850 2115 3044 2182 Für Dolche“ unter der mangelhaften und primitiven Deko= Gestalt entwaffnet eben Rademacher durch das über¬
907 2170 3046 2258 ration der gute Eindruck der Darstellung herab=fließende Wohlwollen, welches zugleich einen Stich
905 2216 2604 2274 gestimmt wurde wie diesmal. In einzelnen Leistungen ins Kraftlose, Weibische besitzt.
898 2251 1975 2323 7 nun läßt sich ganz gut ein Vergleich ziehen, welcher
2023 2250 3053 2360 Das Lustspiel „Literatur“ muß gerade noch einmal
897 2290 1982 2380 keineswegs zu Ungunsten unserer Schauspielkräfte aus¬
1967 2305 3057 2387 so flott gespielt werden, als es der Fall war, und
844 2351 3038 2437 Abfällt; der allgemeine Eindruck steht allerdings weit ferner schreit das Stück noch nach ein paar kräftigen
841 2399 1972 2466 Abhinter der Wirkung des Burgtheater=Ensembles, da
1964 2418 3035 2490 Stücken. Den Grundton der drei Charaktere haben
901 2460 1967 2507 das Spieltempo diesmal viel zu langsam genommen
1969 2469 3051 2528 Frl. Hahn (Margarethe) und die Herren Varndal
894 2492 3030 2580 wurde und die Sicherheit in den Rollen leider keine (Klemens) und Hoppé (Gilbert) richtig getroffen.
829 2495 895 2567 1
844 2558 3035 2628 Uvollkommene war. Es wundert uns nicht, wenn sich Nur sollte Herr Varndal noch mehr übertriebene
842 2607 3033 2673 „eDirektor und Regisseur bei dem geringen Interesse Eleganz und komischen Adelstolz und Herr Hoppé
844 2642 3038 2692 Leunseres Publikums für diese literarischen Neuheiten mehr lächerliches Künstler=Uebermenschentum zur Schau
847 2679 3057 2793 th nicht bewogen fühlen, einen besonderen Aufwand zur tragen. Die Einakter wurden mit vielem Beifalt
889 2732 2271 2804 Inszenierung zu entfalten und es sich mit einem ausgenommen.
2787 2750 3045 2843 H. So
890 2778 1977 2851 bloßen Markieren der Dinge genügen lassen. Der
890 2813 1977 2894 Gemäldesaal in dem Schauspiel „Die Frau mit dem
887 2872 1980 2945 Dolche“ hat aber doch an die Phantasie des Zuschauers
886 2934 1985 2990 allzu große Anforderungen gestellt. Es ist schwer an
887 2969 1974 3048 einer Provinzbühne in diesem Falle eine stilgerechte
885 3023 1978 3087 Dekoration aufzubringen, immerhin aber sollte der
893 3068 1986 3118 Stimmung des Werkes, wenn man es schon aufführt,
884 3115 1987 3185 mehr Rechnung getragen werden, damit die ohnedies
878 3152 1979 3208 etwas schwer zu erkennende Tendenz des Stückes von
879 3200 1980 3280 der dekadenten Wiedergeburt der Dinge, nicht durch
880 3268 1984 3333 äußerliche Lächerlichkeiten total verwischt wird. Die
883 3301 1981 3362 Darstellung selbst war klar und exakt. Frl. Hahn
883 3334 1982 3423 hat die Romantik des Werkes richtig erfaßt und den
878 3395 1981 3460 Versen edlen und kräftigen Ausdruck verliehen. Die
879 3442 1977 3498 Seelenwandlung vor dem Bilde, durch welchen eben
875 3490 1968 3548 der Unterschied zwischen dem Heroismus von Einst
873 3527 1974 3589 und der Dekadenze der Gegenwart zum Ausdruck
878 3586 1976 3654 kommen soll, ist durch den Dichter an und für sich
880 3626 1979 3697 schon sehr verschleiert und in zu knappen Worten
875 3682 1959 3737 ausgedrückt worden. Den Schluß der Geschichte kann
883 3722 1962 3783 sich jeder seinem inneren Bedürfnisse nach zurecht
879 3777 1969 3837 legen. Frl. Hahn scheint der romantischen Seite zu
880 3812 1961 3882 huldigen und auch zum Dolche greifen zu wollen,
876 3870 1958 3939 um die Ehre ihres Gatten zu rächen. Wenigstens in
870 3906 1960 3983 ihrem Abgange war ein ähnlicher Entschluß zu er¬
881 3951 1954 4016 blicken. Im Sinne des Dichters jedoch liegt nach
869 3999 1968 4073 unserer Auffassung die Ueberwindung dieses tragischen
870 4057 1966 4126 Konfliktes. Pauline geht und verspricht zu Leonhard
881 4106 1966 4172 noch einmal zu kommen, um noch einmal und wohl
877 4151 1970 4206 zum letzten Male glücklich mit ihm zu sein. Darin
