3436 4224
2065 195 2527 287 box 21/2
674 220 840 286 ben
1237 218 1380 283 nde
1326 232 1932 316 anVKuS
267 228 1276 316 16.1. Lelandige Senn
2097 964 3268 1072 Aeine fortschrittlich=liverale Partei wurde Danew am 13. De¬
2049 1023 3273 1101 mber 1000 zum Chef derselben gewählt. Der neue Finanzminister
119 1108 435 1194 uilleton.,
827 1098 3262 1171 durch das schmerzliche Erlebniß, ihn in seinem Idyll zur Zeit der fihn zu und ersticht ihn mit dem Dolche, der nun als Motiv für
831 1155 3262 1234 letzten schönen Herbsttage aufsucht. Er hat die Freude am literari= Re Vollendung des Bildes dient. Hierauf verändert sich wiederum
824 1192 3258 1280 schen Schaffen verloren und sucht sich durch neue Eindrücke geistig die Scenerie zu der Galerie, in der wir uns zu Anfang des Stückes
124 1203 470 1282 ches Theater.
828 1231 3262 1307 wieder aufzuraffen, ohne in diesem Seelenzustande von dem alten lefanden. Die Frau erwacht aus ihrem Traum, dessen Zeuge wir
136 1256 845 1325 Stücken, denen Arthur Schnitzler
832 1276 3259 1326 Freunde seiner Familie verstanden zu werden. Während Dieser sich Paren, und fühlt jetzt aus der Seele der Renaissance heraus, daß sie
135 1307 841 1368 Dige Stunden“ gegeben hat, um¬
834 1315 3261 1377 ganz in seiner Trauer verliert, erwartet Jener von der Arbeit und ein Recht besitze, dem Manne anzugehören, den sie liebt. Schnitzier
143 1333 849 1388 ein weites Gebiet von Stoffen und
832 1355 3267 1415 der künstlerischen Ausgestaltung seines Wehs den einzigen Trost.s hat es mit nicht gewöhnlicher Kunst verstanden, zwei ganz verschie¬
139 1381 849 1436 ier der „Liebelei“ fühlt sich dabei als
839 1389 3262 1469 Eine solche Auffassung vom Leben verletzt den Beamten und in dieser dene Weltanschauungen gegen einander zu halten. Der Uebergang
144 1425 846 1471 geschickt aus einer Stimmung in die
832 1431 3270 1526 Stimmung theilt er den Inhalt eines nur für ihn bestimmten Briefes aus dem modernen Konversationston in die gehobene Verssprache
136 1452 838 1514 ie Persönlichkeit nicht verliert. Mit
830 1462 3261 1547 dem Schriftsteller mit, woraus hervorgeht, daß dessen Mutter ihrem der Italiener, aus dem heutigen Alltagskostüm in die bunten Pracht¬
150 1502 844 1554 ein Problem des modernen Seelen¬
826 1508 3257 1581 Leben voll Qualen und Leiden selbst ein Ende gemacht hat, um ihren gewänder des Cinquecento, aus der Rücksichtnahme auf unsere bür¬
125 1534 839 1588 Menschen, die durch ein gemeinsames
829 1543 3267 1614 Sohn von dem Druck ihres langsamen Sterbens zu befreien. Im gerliche Ordnung in das leidenschaftliche Begehren jener Zeit übt
138 1583 844 1630 verbunden sind, den Unterschied ihres
829 1585 3267 1659 Gespräch über diese traurigen Begebenheiten erkennen die beiden einen ungemein packenden Eindruck aus. Während der wirkliche
142 1614 844 1671 erkennen, um wehmuthsvoll getrennte
837 1625 2041 1682 Männer, was sie von einander trennt, und während der Alte unter
2039 1634 3262 1691 Vorgang sich auf einer kurzen Dekoration unmittelbar vor der Büh¬
144 1657 857 1703 er eine interessant durchgeführte Pa¬
835 1662 3255 1704 den emtlaubten Bäumen vor seinen Häuschen an seinen Lebensabendsnenrampe abspielt, geht der Traum hinter einer Gardine von dün¬
144 1695 846 1751 pfindungsweise, die durch allerlei Be¬
827 1701 3273 1791 denkt, zieht es den Jungen zum Glauben an die Gegenwart und ner durchscheinender Gaze in einem tiefen Prunkatelier vor sich. Der
135 1738 841 1788 d, und den großen Leidenschaften der
825 1736 3263 1828 zur geistigen Arbeit hinaus. Dies Problem wird in der Art eines Vorgang ist als Ganzes fast zu zart für den Realismus der Bühne
136 1776 846 1833 bei ein Traumbild die Entscheidung
832 1788 2036 1838 Präludiums behandelt, das interessirt, ohne voll zu wirken, und den
2031 1789 3266 1859 und der Uebergang aus einer Zeit in die andere verzögert sich leider
144 1812 849 1877 sich ganz in sein Heimathgebiet zurück
825 1814 3260 1879 Zweck verfolgt, auf Späteres vorzubereiten. Kräftiger ist das zweite mehrere Minuten, da die Darsteller ihre Kostüme wechseln müssen.
144 1856 846 1913 er Luft, in der ihm sein erster Erfolg
826 1851 3264 1938 Schauspiel „Die Frau mit dem Dolche“ angelegt, das Wirklichkeit Aber die Sinnenwirkung des Stückes mit dem Sprung über Jahr¬
152 1884 838 1944 Als Doktor der Heilkunde und Sohn
832 1902 3260 1944 und Traum in eigenartiger Weise zusammenbringt und sich auf hunderte und in eine ganz andere Anschauung und Gefühlswelt in
132 1926 842 1991 der Donaustadt erinnert er sich seiner
828 1932 3259 2029 einem fesselnden phantastischen Hintergrunde abspielt. Eine junge ähnlicher Situation ist von einem Reiz, dem sich feiner gestimmte
126 1967 832 2025 Enhäusern und verwerthet sie zu einer
831 1977 2664 2049 Frau hat ihrem Verehrer in einer Gemäldegalerie ein Stelldichein! Zuschauer nicht entziehen können.
119 2002 829 2067 von tragischem Ernst und komödianten¬
826 2020 2057 2080 bewilligt und erklärt ihm, daß sie ihn leidenschaftlich liebe. Sie
2094 2033 3261 2101 Die Empfindungen, die in den beiden folgenden Stücken aus¬
133 2048 839 2108 r eine köstliche Satire auf unverstan¬
833 2055 2037 2111 habe jedoch ihrem Mann die Gefahr, in der sie sich befinde, ehrlich
2027 2040 3262 2146 gelöst werden, sind von allen mystischen und schwer zu deutenden Be¬
149 2088 843 2146 Zigeunerthum an uns vorüberziehen.
823 2086 2042 2144 eingestanden und Beide seien entschlossen, zur Heilung ihrer Wunde
2030 2093 3270 2176 standtheilen frei. In den „letzten Masken“ erleben wir in
134 2120 855 2181 ich Verührungen mit Kunst und Poesie
830 2133 2038 2189 sofort nach dem Süden abzureisen. Die Begegnung spielt sich vor
2033 2139 3257 2213 einem Wiener Krankenhaus das Ende eines alten Journalisten, der
135 2163 836 2217 bei nicht in die Eitelkeit des berühm¬
824 2171 2035 2226 einem alten Gemälde ab, auf dem ein italienischer Meister aus dem
2025 2184 3269 2257 an die Verwirklichung seiner hoffnungslosen dichterischen Pläne
130 2198 836 2256 r Maske der Ironie selbst verherrlicht,
830 2212 2027 2265 sechzehnten Jahrhundert eine Frau darstellt, wie sie mit einem Dolch
2036 2215 3263 2278 noch jetzt glaubt und von dem brennenden Wunsch erfüllt ist, vor
135 2236 837 2298 er ernst oder greift zu vernichtendem
828 2249 2043 2314 in der Hand auf die Leiche eines von ihr getödteten jungen Mannes
2028 2257 3266 2325 seinem Tode einen zu Ruhm und Geld gekommenen Dichter, den er
138 2271 836 2341 der Zuschauer ein vielfaches Gemisch
834 2289 2038 2348 herniederschaut. Mit dem Gesichtsausdruck und dem lang wallen¬
2029 2301 3252 2370 für seinen Gegner hält, zu sehen, um ihm seine Verachtung und
136 2309 837 2373 rein wirklicher Dichter und Künstler
830 2327 2034 2380 den blonden Haar gleicht das Bildniß der Dame, die ihrem Freunde
2019 2325 3258 2409 seinen Haß ins Antlitz zu schleudern. Bevor der Erwartete kommt,
132 2355 834 2427 ichthum und Gestaltungstraft, über
822 2369 2042 2427 ihr Herzensgeheimniß und die Nothwendigkeit der Entsagung soeben!
2029 2380 3248 2441 übernimmt dessen Rolle ein schwindsüchtiger Schauspieler, der eben¬
143 2388 834 2460 fügt. Der gemeinsame Titel, den
822 2405 2030 2459 bekannt hat. Wie sie das Gemälde vor Augen hat, schwinden ihr
2025 2410 3256 2487 falls einem baldigen Tode geweiht ist, aber bei dem Gedanken an
139 2432 837 2498 wvählt hat und der auf das erste von
833 2439 2033 2494 die Sinne und sie lehnt sich ohnmächtig an ihren Begleiter. In die¬
2028 2448 3260 2521 seine Genesung zu allerhand Schnurren aufgelegt ist. Er lenkt den
133 2462 839 2529 det wird, verlangt keine tiefere Aus¬
822 2484 2034 2536 sem Augenblick verdunkelt sich die Scene und nach wenigen Minuten
2021 2485 3260 2556 Sturm der Entrüstung, den der alte Journalist nicht mehr zurück¬
129 2512 839 2572 äußeres Band, das um diese Gruppe
831 2516 2035 2574 erblicken wir auf der Bühne einen Auftrit. aus der Zeit der italieni¬
2026 2528 3261 2606 halten kann, auf sich ab, so daß innerhalb der Possenreißerei, die er
135 2548 837 2617 Sie steigern sich in der Wirkung vor¬
828 2559 2036 2614 schen Renaissance. Wir sind im Atelier des Malers, der seine Frau
2019 2569 3254 2643 anstelli, das tragische Schicksal dieses Mannes vor uns lebendig wird.
125 2584 788 2645 re Aufgaben für die Schauspieler.
822 2594 2038 2652 fast genau so wie auf dem Bilde in der Galerie portraitirt hat,
2030 2605 3265 2685 Endlich erscheint der gefeierte Dichter wirklich vor dem Bett des
146 2623 836 2692 r das Wienerthum in diesen kleinen
822 2639 2030 2697 ohne doch das Letzte in der Haltung und Charakteristik bereits ge¬
2017 2643 3260 2713 Sterbenden, der ihn zu sich rufen ließ, und überschüttet ihn mit so
147 2676 837 2719 es bei der Darstellung im Deutschen
828 2678 3259 2753 funden zu haben. Die Gemahlin des Künstlers hat in dessen Ab= viel geschwollenen und süßen Redensarten, spricht so unaufhörlich
134 2704 828 2761 utschen Publikum zum Ausdruck kom¬
817 2713 2025 2769 wesenheit die Nacht mit einem Fremden zugebracht, den sie glühend
2016 2721 3259 2777 von sich und seiner Bedeutung, daß der Andere gar nicht sagen
136 2757 826 2800 Leben, der Wunsch, sich selbst anzu¬
823 2751 2024 2812 liebt, und zögert keinen Augenblick, ihrem Gatten beim dämmernden
2030 2765 3253 2838 kann, was er kurz vor seiner Todesstunde eigentlich auf dem Herzen
129 2796 826 2841 rtrauen in die eigene Kraft treten in
824 2797 2032 2847 Morgen das Vorgefallene zu bekennen. Der Liebhaber verlangt von
2024 2804 3244 2881 hat. Das Leben im Krankenhaus mit der geschäftigen Gleichgiltig¬
134 2829 832 2883 rvor, in so verschiedenen Situationen
820 2832 2028 2880 dem Eheherrn, daß dieser ihn tödte, aber der Maler wendet sich ver¬
2020 2836 3256 2909 keit der Aerzte und der Fürsorge der Wärterin ist mit wenigen
132 2859 834 2923 Em ersten Schauspiel, das den Sonder¬
811 2862 2023 2931 ächtlich von ihm wie von seinem Weibe ab, das ihm etwas Fremdes
2026 2869 3250 2951 Strichen vorzüglich charakterisirt. Die beiden Todeskandidaten, von
142 2908 832 2954 den“ führt, befinden wir uns in
816 2905 2028 2961 und Gleichgiltiges geworden ist. Der Schänder seiner Ehre wird aber
2025 2919 3252 2997 denen der Eine noch immer die viel zu hohe Rechnung seines Lebens
136 2931 834 3000 pensionirter Beamter in seinem Gärt¬
825 2936 2029 3004 immer dringlicher und fordert wiederholt den Tod von der Hand des
2021 2963 3252 3040 aufstellt und der Andere in lustigen Grimassen seine Umgebung ver¬
135 2979 837 3043 trachtungen über den Tod einer Frau
826 2983 2030 3045 Betrogenen. Er droht, ihn zum Vollzug der Rache durch einen
2016 2994 3255 3086 spottet, rufen zugleich tragische und komische Empfindungen hervor.
139 3025 837 3071 tand der Verehrung war. Der Sohn
818 3023 2041 3084 öffentlichen Schimpf zwingen zu wollen. Er werde, ruft er im Wahn¬
2016 3031 3244 3104 Eine Meisterleistung Schnitzlers ist aber der berühmte Dichter, der
136 3052 2038 3122 r Dichter, der auf seinen eigenen sinn seiner Leidenschaft aus, das Geheimniß dieser Nacht verrathen,
2015 3068 3241 3154 mit seiner Unsterblichkeit posirt und daneben über die Ungerechtigkeit
152 3111 3258 3165 entfremdet war und, tief erschüttert! so lange er lebe. In diesem Augenblick stürzt die Frau des Malers der Welt klagt, denn während er vor zehn Jahren ein Führer der
