3436 4384
359 171 2042 280 16.1. Lebendige Stunden „vklus
2197 180 2642 267 box 21/2
891 699 2781 823 Grllug: „ellag Bieisch:
2717 731 2805 786 *
868 1124 1944 1237 Sobondlde
1123 1267 2512 1407 Dier Einakter von Arthur Schnitzler.
667 1354 2931 1535 Lebendige Stunden, Schauspiel: Die Frau mit dem Dolche, Schauspiel;
957 1500 2643 1665 Die letzten Masken, Schauspiel, Literatur, Lustspiel.
962 1633 2670 1804 Erstaufführung am Deutschen Theater zu Gerrm
1508 1778 2110 1876 am 4. Januar 1902.
506 1876 3101 2020 Der Abend bedeutet einen neuen Criumph für den erfolgreichen Aufor. War das Publikum Zunächst im Bann der Orei Wirksamen,
493 1947 3098 2096 fein abgelönten Schauspiele, so entfesselte das Lustspiel „Literatur“ stürmische Heiterkeit. Immer und immer wieder musske
497 2028 3093 2171 Arthur Schnitzler vor dem Vorhang erscheinen. Es war ein jubelnder, voller, durchschlagender Erfolg, den auch die gesammter
1234 2103 2348 2204 Berliner Presse mit seltener einstimmigkeit bestätigt:
1132 2184 2463 2315 Wir bringen nachfolgend die Berichte im Ruszuge:
916 2301 1374 2397 Berliner Zeitung.“
1747 2332 3015 2423 ## sch ein Ganzes, sind eige Einheit. In dieser Einheit aber giebt
1795 2379 3095 2464 eine Vielheit von Gedanten und Einpfindungen tund, die den
577 2396 1787 2476 Das war gestern der glänzendste, glücklichste und interessanteste Abend,
1804 2420 3091 2505 staltenden, aus Phantasie und Leben schöpfenden Dichter offenbart, und
498 2410 1791 2512 den die Theatersaison uns bisher gebracht hat. Wir danken ihm, Arthur
1791 2457 3092 2552 in wundervollen Strahlenberechnungen leuchtete und glitzerte alles. Jedes
496 2471 1790 2552 Schnitzler, dem Dichter der „Lebendigen Stunden": vier Ein¬
1789 2489 3083 2578 dieser Stücke ist auch im Theatersinne von selbstständiger starker Prägung.
488 2512 1788 2600 akter find's, ganz ungleicher Art und Stimmung. Der erste wie ein
1792 2538 3086 2617 Besonders lebensvoll erscheinen die „Letzten Masken“ und „Literatur“
486 2548 1784 2635 elegisches Andante das Spiel beginnend, der letzte ein übermüthiges,
1787 2577 3086 2652 der beste Einakter der letzten Jahre. Da sprüht es und glitzert es von
492 2594 1793 2672 graziöses, geistsprühendes Scherzo. „Lebendige Stunden?“ Sie
1792 2618 3089 2678 Geist und Laune, von Witz und Satire, und alles ist echt, selbst die Ge¬
483 2621 1789 2713 leben doch nicht länger, als der letzte, der sich ihrer erinnert. Es ist
1798 2653 3092 2738 stalt des jungen Sportbarons, in dem Schnitzler mit besonders zu
491 2663 1788 2749 nicht der schlechteste Beruf, solchen Stunden Dauer zu verleihen, über
1788 2691 3090 2768 betonender Feinheit sich von all den billigen, bereits Schablone ge¬
492 2708 937 2763 ihre Zeit hinaus..“
922 2722 1788 2777 Das ist ein Wort des Dichters aus dem ein¬
1788 2731 3078 2818 wordenen Späßen über junkerliche Beschränktheit ferngehalten hat.
475 2743 1780 2831 leitenden Einakter, der der Gruppe der vier Stücke den Gesammttitel
1789 2785 3086 2864 Jubelnder Beifall dankte dem Dichter, der wiederholt im Laufe des
477 2793 1790 2868 gegeben hat. Voll psychischer Tiefen und Probleme ist das Spiel der
1790 2814 2765 2889 Abends gerufen wurde. Es war ein prächtiger Abend.
479 2828 1789 2916 Frau mit dem Dolche“ — waren wir schon früher einmal? Was
480 2863 1780 2949 wissen wir von uns? Wir keinnern uns vielleicht nur nicht. Das ist
2174 2879 2683 2959 „Berliner Abendpost.“
486 2904 1786 2989 das eine Motiv, und das andere weniger offenliegende behandelt das
1860 2934 3072 3007 Das war am Sonnabend der glänzendste, glücklichste #id inter¬
484 2944 1774 3033 Thema der bis zum Verbotenen opferwilligen Hingabe der Frau, die
1792 2969 3070 3054 essanteste Abend, den die Theatersaison uns bisher gebracht hat. Wir
480 2986 1780 3067 den Gatten zum großen Dichter, zum großen Künstler machen will.
1793 3022 3084 3097 danken ihm, Arthur Schnitzler, dem Dichter der „Lebendigen
478 3031 1777 3098 „Die letzten Masken“ geben eine feine und tiefe Variation des von
1783 3048 3080 3145 Stunden;: vier Einakter find's, ganz ungleicher Art und Stimmung.
480 3067 1787 3145 Schnitzler oft schon behändelten Themas vom Sterben. Es ist wie
1779 3099 3069 3181 Der erste wie ein elegisches Andante das Spiel beginnend, der letzte ein
476 3094 1779 3196 eine Todesweihe, wenn der Dichter den Alten, der dem Tode verfallen
1774 3135 3072 3209 übermüthiges, graziöses, geistsprühendes Scherzo. Lebendige Stunden?
473 3143 1779 3225 ist, sprechen läßt: wie armselig sind doch die Leute, die auch morgen
1791 3183 3068 3256 „Sie leben doch nicht länger, als der letzte, der sich ihrer erinnert. Es
475 3181 1772 3268 noch leben müssen, und was hat unsereiner mit solchen Leuten zu
1780 3214 3073 3298 ist nicht der schlechteste Beruf, solchen Stunden Dauer zu verleihen, über
472 3223 1778 3303 schaffen. „Literatur“ nennt Schnitzler sein Schlußstück, das eine
1777 3254 2219 3313 ihre Zeit hinaus. ..“
469 3264 1765 3338 der geistvollsten, kapriziösesten und liebenswürdigsten Schöpfungen des
2235 3273 3063 3330 Das ist ein Wort des Dichters aus dem ein¬
1768 3295 3075 3377 leitenden Einatter, der der Gruppe der vier Stücke den Gesammttitel
473 3299 1763 3382 Dichters ist, dabei eine Satire voll treffender Schärfe gegen die Dichter¬
1786 3334 2043 3395 gegeben hat.
472 3341 1769 3418 linge, die sich selisch vor der Welt entblößen, sei's auch nur in erfundenen,
2031 3347 3062 3404 Voll psychischer Tiefen und Probleme ist das Spiel der
1786 3373 2295 3435 „Frau mit dem Dolche“
479 3380 1766 3458 „stilisirten“ Lüsten und Schmerzen. Der lebhafte, freudige Beifall, den
2315 3385 3069 3446 waren wir nicht schon früher einmal?
1772 3395 3062 3487 Was wissen wir von uns? Wir erinnern uns vielleicht nur nicht. Das
466 3403 1763 3497 die ersten Gaben des Abends gefunden, stieg bei Diesem Scherzspiel bis
1772 3447 3064 3529 ist das eine Motiv, und das andere weniger offenliegende behandelt das
469 3469 1779 3548 zum Jubel. Arthur Schnitzler mußte nach jeder Dichtung wieder¬
1765 3487 3061 3576 1 Thema der bis zum Verbotenen opferwilligen Hingabe der Frau, die
468 3494 1760 3577 holt sich zeigen. Ueber Werth und Bedeuhsamkeit der „Lebendigen
1769 3533 3062 3613 den Gatten zum großen Dichter, zum großen Künstler machen will.
468 3529 1755 3626 Stunden“, die ganz vorzügliche Darstellung fanden, ist es eine Freude,
463 3557 1120 3646 noch eingetend sprechen zu können.
1771 3571 3068 3657 „Die letzten Masken“ geben eine feine und tiefe Variation des von
1771 3598 3065 3685 Schnitzler oft schon behandelten Themas vom Sterben. Es ist wie
886 3627 1328 3718 „Berliner Zeitung.“
1774 3648 3065 3727 eine Todesweihe, wenn der Dichter den Alten, der dem Tode verfallen
1774 3690 3067 3771 ist, sprechen läßt wie armselig sind doch die Leute, die auch morgen
1771 3725 3062 3795 noch leben müssen, und was hat unsereiner mit solchen Leuten zu
537 3723 1753 3813 Eine starke, nachhaltige Bühnenwirkung geht von dem Einakter¬
1773 3764 1938 3822 schaffen.
1949 3782 3059 3850 „Literatur“ nennt Schnitzler sein Schlußstück, das eine
473 3759 1757 3852 cyklus Schnitzler's den „Lebendigen Stunden“ aus. Die Auf¬
1764 3805 3051 3897 der geistvollsten, kapriziösesten und liebenswürdigsten Schöpfungen des
467 3822 1748 3893 nahme seitens des Publikums war eine so rückhaltlos freudige, wie sie
1771 3846 3058 3928 Dichters in, dabei eine Satire voll treffender Schärfe gegen die Dichter¬
464 3847 1748 3932 in dieser Saison noch keine Bühnenarbeit von dichterischem Werth ge¬
1768 3887 3052 3956 linge, die sich selisch vor der Welt entblößen, sei's auch nur in er¬
470 3891 1758 3970 funden hat. Die Elegie des ersten Stückes brachte bereits Stimmung
1768 3924 3039 4002 fundenen „stilisirten" Lüsten und Schmerzen. Der lebhafte
464 3916 1751 4005 und Interesse, aber in seiner Bedeutung, seinem geistigen und dichterischen
1770 3962 3060 4044 freudige Beifall, den die ersten Gäben des Abends
460 3950 1747 4058 Werthe kann es erst anerkannt und gewürdigt werden im Zusammenhang
1757 4007 3050 4073 gefunden, stieg bei diesem Scherzspiel bis zum
459 4005 1746 4087 mit den folgenden Dichtungen des Abends. Denn diese vier Einakter,
1762 4037 3049 4112 Jubel. Arthur Schnitzler mußte nach jeder Dichtung
461 4031 2354 4162 so verschieden in Stimmung, Temperament und Scenenbild, bedeuten] wiederhult sich zeigen.
