3436 4224
679 826 1381 1030 ger Goldsche
725 938 1161 1018 4 Bureau für 4
569 978 636 1065 5
604 1014 1294 1106 Zeitungsausschnitte und Verlag
609 1067 1297 1147 der Wissenschaftlichen Revue.
525 1116 1418 1221 BERLIN N., Auguststr. 87 part.
694 1183 1261 1265 Telephon Amt III. No. 3051.
823 1291 1143 1365 Ausschnitt
424 1297 803 1412 Tateranmn Adresne¬
938 1359 1038 1414 aus
455 1370 792 1427 GOLDSCHMIDT. Auguststr.87.
721 1535 1279 1625 Eerliner Morgenpost
445 1621 583 1715 0
873 1722 1154 1805 —5. 1. 02
814 1904 1361 1981 Deutiches Cheater.
678 1956 1527 2039 Gestern zum ersten Male: „Lebendige Stunden“.
639 2008 1417 2072 Vier Einakter von Arthur Schnitzler.
696 2036 1530 2116 Ein entzückender Abend. Schwer, mit Künstelei
645 2093 1531 2158 und gesuchten Sentimentalitälen fing er an und
644 2137 1530 2217 steigerte sich über novellistische Schönheiten und
652 2179 1528 2250 interessante psychologische Studien hinweg zu einer
659 2238 1527 2298 fröhlichen, echten, befreienden Heiterkeit. Das
655 2280 1536 2339 Lustspielchen „Litteratur“, das den Schluß
652 2321 1531 2386 bildete, ist die Perle. Ein Stückchen, wie wir
659 2359 1527 2434 nicht bald eines haben werden im Bereich des deut¬
651 2399 1538 2482 schen Lustspiels. Für Schnitzler war der ganze Abend
697 2462 1537 2525 n außerordentlicher, durch keine Freundeshilfe er¬
649 2509 933 2570 wirkter Erfolg.
699 2533 1529 2609 Das erste der einaktigen Werke: „Lebendige
635 2586 1537 2676 Stunden“ ist das schwächste. Es hat dem ganzer
1625 164 1894 234 We
1535 229 2424 273 der Dolche“, ist eine sehr interessante Arbeit.
1547 263 2429 319 Zwar hat sie was durchems Novellistiches, doch ist
1543 306 2431 368 die Scene sehr geschickt beh##beit. Schnitzler rührt
1591 351 2440 397 an an eines der größten Probleme der Natur, an
1630 394 2438 466 leben, das wir vor dem gegenwärtigen Daiein¬
1672 433 2434 486 und das uns in manchen Momenten in
1651 480 2432 544 ir Helligkeit auftaucht wie ein fernes
1646 529 2426 582 och so gegenwärtiges Bild. In der Ge¬
1637 574 2435 628 Galerie hat Pauline ihrem Liebhaber
1544 602 2426 654 in Rendezvous gegeben. Dort, wo die rätsel¬
1543 652 2440 715 hafte Frau im Nachtgewande, einen blutigen
1539 699 2429 752 Dolch in der Hand, im Rahmen hängt. Der
1538 739 2435 792 fühlt sich Pauline verwandt. Aeußerlich und
1543 780 2427 830 im Wesen und halb im Scherz äußert sie, daß der
1548 827 2429 880 Maler dieses Bildes, Leonhard, vor so und so viel
1544 875 2442 928 Jahrhunderten in ihrem Hause in Italien ver¬
1539 911 2446 973 kehrt habe. Und ein Grausen faßt sie, wie sie im
1547 959 2435 1003 dunkeln Grunde des Bildes den Leichnam ihres
1540 1009 2437 1063 Freundes sieht. Das ist er, er, Leonhard! Wie von
1549 1044 2433 1094 Sinnen fällt sie hin und die Scene verwandelt sich
1546 1083 2442 1149 in eine solche der italienischen Renaissance. Pauline,
1551 1132 2440 1192 Remigios Gattin, hat die ganze Nacht bei Leonhard
1547 1175 2435 1230 verbracht und der Morgen bringt ihr den Gatten wieder.
1551 1217 2447 1282 Sie will ihm alles gestehen, und ihr Liebhaber
1556 1267 2442 1324 will sich von ihm töten lassen. Aber Remigio hat
1542 1306 2446 1358 nur Verachtung für ihn und wie der mit Verachtung
1556 1356 2448 1410 Gestrafte Rache schwörend von dannen will, stößt ihn
1558 1395 2444 1446 Pauline den Dolch ins Herz. Wieder Verwandlung
1536 1445 2441 1502 der Scene. Die Gemäldegal=rie, Pauline erwacht
1550 1481 2432 1544 aus ihrer kurzen Ohnmacht und verspricht dem
1537 1529 2436 1608 drängenden Liebhaber, heute Abend zum Rendezvous
1545 1574 1783 1654 zu kommen.
1596 1607 2448 1684 Sehr fein ist hier ein Leben gegeben, geführt von
1544 1671 2433 1738 einem wundersam aus der Vergangenheit in die Zu¬
1547 1724 2439 1783 kunft wirkenden Geschick. Scenisch gelang die Phantas¬
1549 1755 2443 1827 magorie ausgezeichnet. Wie ein verblaßter Gobelin
1554 1807 2439 1876 sah die Bühne aus und die Triesch war brillant.
1597 1845 2431 1914 Das Dritte: „Die letzten Masken“ ist
1556 1881 2440 1941 eine bittere Satire auf das halbe, schöngeistreichelnde,
1556 1935 2444 1980 vom Glück in die Höhe gebrachte Talent. Im
1545 1980 2446 2026 Hospital wird der Journalist Rademacher sterben. Er
1556 2026 2445 2089 hat vor seinem Tode nur noch den einen Wunsch
1557 2068 2441 2130 dem „Dichter“ Weihpost, der so viel Glück im Leben
1543 2111 2447 2178 hatte, die Wahrheit zu sagen. Abrechnen möchte
1554 2155 2442 2206 das verkannte Genie mit dem flachen Kopf.
1553 2200 2442 2262 Aber wie er ihn in seiner Erbärmlichkeit sieht, in
1555 2243 2441 2298 seiner platten Nichtigkeit, schweigt er und er stirbt
1549 2287 2439 2333 in der Erkenntnis: daß er, ein Sterbender, mit
1556 2327 2447 2378 diesem Mann nichts mehr zu thun haben könne.
1556 2376 2451 2443 In der Figur eines kranken Komikers ist Schnitzler
1550 2418 2453 2473 eine famose Gestalt gelungen. Hanns Fischer,
1564 2468 2443 2511 Max Reinhardt und Albert Bassermann
1555 2505 2444 2568 arbeiteten die Charaktere ungemein scharf und plastisch
1574 2552 1715 2607 heraus.
1613 2577 2451 2665 Der Schlager war der Einakter „Litteratur".
1559 2654 2458 2704 Ein Kavalier hat sich aus der schreibenden und
1561 2691 2454 2741 malenden Bohsme ein Weiblein geholt, das er heiraten
1564 2734 2455 2788 wird. Ihre sinnlichkeitglühenden Gedichte gelten ihm als
1560 2780 2446 2836 unerlebt, sie weiß sie ihm als pure Phantasie auf¬
1556 2837 2463 2895 zuschwätzen. Er gehört zur Rasse der von der
1565 2867 2458 2917 Natur für die „Hörnung“ besonders Prädesti¬
1568 2923 2452 2969 nierten, und dem kleinen schwebenden Frauchen
1567 2965 2449 3018 gelingt der Fang auch noch am Rande der
1569 3011 2469 3061 Gefahr. Einen Roman, in welchem sie den Brief¬
1564 3045 2455 3108 wechsel mit einem früheren Liebhaber ver¬
1560 3086 2374 3150 wendet hat, den dieser seltsamerweise
1555 3126 1975 3200 gleicher Zeit und
2101 3131 2453 3197 gleichen Zwecken
1564 3171 2450 3233 verwendet, — die früheren Beziehungen der Frau
1554 3218 2456 3283 wären also drastisch in skandalösester Weise auf¬
1563 3266 2449 3324 gedeckt! — kauft er noch vor dem Erscheinen
1566 3304 2446 3374 auf und läßt die ganze Auflage einstampfen.
1566 3350 2446 3415 Denn er duldet nicht, daß seine Frau dichtet¬
1564 3402 2456 3457 Mit einem, bei Schnitzler, der doch mehr zum
1560 3439 2449 3490 Gemüthvollen und höchstens zu einer losen Heiter¬
1561 3488 2449 3539 keit neigt, ganz besonders überraschenden Humor,
1563 3538 2450 3585 mit prächtiger Elastizität und Gewandtheit in der
1560 3583 2445 3631 Führung der Handlung, in den Wendungen
1557 3624 2447 3678 und Pointen ist das ungemein amüsante Lustspiel
1555 3658 2446 3720 geführt. Es ist der beste Einakter unser modernen
1544 3708 2445 3764 Litteratur, ein Schmuck= und Paradestückchen
1528 3749 2454 3826 sersten Ranges. Irene Triesch, Albert Bassermann
1531 3790 2453 3860 und Rittner schufen brillaute Figuren. Sie hatten
1993 3829 2444 3896 g. in realistischer, scharfer
1545 3836 1898 3899 nühts einmal Ironse
1531 3879 2156 3947 Gestaltung lag die beste Wirkung.
2025 3925 2437 4022 Norbert Falk
