3436 4384
2126 215 2602 314 box 21/3
318 239 1975 334 16.1. Lebendige Stunden zyklus
1375 1235 1842 1332 Telephon 12801.
990 1331 2230 1408 Alex. Weigl’s Unternehmen für Zeitungs-Ausschnitte
1904 1401 2228 1497 " Ausschnitt
884 1311 993 1506 N
1217 1408 1926 1550 „OBSERYER“
2050 1459 2307 1556 Nr. 93
884 1536 2342 1606 I. österr. behördl. conc. Bureau für Zeitungsberichte u. Personalnachrichten
1105 1588 2122 1689 Wien, IX/1, Türkenstrasse 17.
1278 1669 1920 1740 — Filiale in Budapest: „Figyelö“
891 1730 2335 1818 Vertretungen in Berlin, Chicago, Genf, London, Newyork, Paris, Rom, Stockholm.
887 1854 1417 1952 Ausschnitt aus:
1706 1967 1855 2072 87
885 1987 1449 2090 NSR 7/91 90 L
1964 2014 2137 2131 26/897
1133 2461 2130 2583 Aus Hamburg meldet uns ein Telegramm:
1202 2522 2129 2627 Deutschen Schauspielhause übte
1115 2568 1195 2625 Im
1373 2561 2133 2648 s Einacter=Cyklus „Lebendige
1099 2604 1381 2665 Schnitzler
1091 2604 2147 2713 Stunden“ bei der gestrigen Erstaufführung eine
1076 2659 2141 2740 kiefgehende Wirkung aus. An der vorzüglichen Dar¬
1085 2687 2135 2779 stellung hatten die Damen Hönigswald und Doré und
998 2724 2146 2821 50 7 die Herren Nhil, Brahm, Biensfeldt und Burg hervor¬
865 2769 992 2836 Für
993 2802 1446 2889 100 fragenden Antheil.
2090 2797 2279 2875 nelusive
982 2854 1079 2896 200
2091 2846 2261 2899 Porto.
1910 2847 2046 2923 50.—
981 2890 1084 2934 500
1888 2884 2261 2960 110.— Zahlbar
918 2922 1099 2991 „ 1000
1893 2924 2287 3002 200.— im Voraus.
994 2952 2312 3047 Im Gegensatze zu anderen Bureaux für Zeitungsausschnitte ist das
873 3020 2321 3088 Abonnement durch keine bestimmte Zeitdauer begrenzt; — auch stcht es den
875 3067 2194 3133 Abonnenten frei die aufgegebenen Themen zu ergänzen oder zu ändern.
997 3122 2319 3195 Der „OBSERVER“ veranstaltet täglich einen Auszug enthaltend die
878 3168 2302 3251 Inhaltsangabe aller wichtigen Mittheilungen der Wiener Morgen¬
873 3219 2311 3289 blätter Tagesjournale ausser „Neue Freie Presse“ und Wiener Zeitung“)
881 3259 2319 3310 wodurch eine Uebersicht über das gesammte politische und wirthschaftliche
870 3291 2310 3370 Leben des In- und Auslandes in drastischer Kürze geboten wird. Diese Mit¬
881 3328 1894 3408 theilungen werden in Wien um 9 Uhr Früh verschickt.
1186 3411 1967 3517 Prospecte dratis und franco.
