<?xml version="1.0" encoding="UTF-8" standalone="yes"?>
<PcGts xmlns="http://schema.primaresearch.org/PAGE/gts/pagecontent/2013-07-15" xmlns:xsi="http://www.w3.org/2001/XMLSchema-instance" xsi:schemaLocation="http://schema.primaresearch.org/PAGE/gts/pagecontent/2013-07-15 http://schema.primaresearch.org/PAGE/gts/pagecontent/2013-07-15/pagecontent.xsd">
    <Metadata>
        <Creator>prov=University of Rostock/Institute of Mathematics/CITlab/Gundram Leifert/gundram.leifert@uni-rostock.de:name=ONB_Newseye_GT_M1+(htr_id=10810)::::v=2.4.2
prov=University of Rostock/Institute of Mathematics/CITlab/Tobias Gruening/tobias.gruening@uni-rostock.de:name=de.uros.citlab.module.baseline2polygon.B2PSeamMultiOriented:v=2.4.2
prov=University of Rostock/Institute of Mathematics/CITlab/Tobias Gruening/tobias.gruening@uni-rostock.de:name=/mnt/transkribus/LA/DEA/URO/LA_news_onb_att.pb:de.uros.citlab.segmentation.CITlab_LA_ML:v=2.4.2
Transkribus</Creator>
        <Created>2019-10-07T11:34:31.465+02:00</Created>
        <LastChange>2019-10-08T14:56:06.664+02:00</LastChange>
        <TranskribusMetadata docId="223975" pageId="9501084" pageNr="239" tsid="16594155" status="IN_PROGRESS" userId="40391" imgUrl="https://files.transkribus.eu/Get?id=MLEQVOJSXPPBVRRFQCKCPFWN&amp;fileType=view" xmlUrl="https://files.transkribus.eu/Get?id=JDZCKFNWQIZTISEGLRIRYXHO" imageId="6191306"/>
    </Metadata>
    <Page imageFilename="223975_0239.jpeg" imageWidth="3436" imageHeight="4320">
        <ReadingOrder>
            <OrderedGroup id="ro_1711449784119" caption="Regions reading order">
                <RegionRefIndexed index="0" regionRef="r1"/>
                <RegionRefIndexed index="1" regionRef="r2"/>
            </OrderedGroup>
        </ReadingOrder>
        <TextRegion orientation="0.0" id="r1" custom="readingOrder {index:0;}">
            <Coords points="285,225 285,3438 2600,3438 2600,225"/>
            <TextLine id="r1l1" custom="readingOrder {index:0;}">
                <Coords points="2106,264 2320,259 2354,281 2397,273 2445,297 2473,278 2553,270 2553,192 2478,185 2445,208 2424,189 2366,188 2314,227 2281,203 2178,185 2106,213"/>
                <Baseline points="2117,253 2142,252 2167,251 2192,251 2217,251 2242,251 2267,251 2292,252 2317,253 2342,253 2367,254 2392,254 2417,255 2442,255 2467,254 2492,254 2517,252 2543,251"/>
                <TextEquiv>
                    <Unicode>box 21/2</Unicode>
                </TextEquiv>
            </TextLine>
            <TextLine id="r1l2" custom="readingOrder {index:1;}">
                <Coords points="273,257 1434,316 2021,278 1825,185 1523,232 735,185 597,243 274,223"/>
                <Baseline points="285,258 371,262 457,265 543,268 630,271 716,272 802,273 888,274 975,274 1061,274 1147,274 1233,273 1320,272 1406,272 1492,271 1578,270 1665,270 1751,269 1837,269 1923,269 2010,270"/>
                <TextEquiv>
                    <Unicode>16. 1. Lebendige Stunden— Zyklus</Unicode>
                </TextEquiv>
            </TextLine>
            <TextLine id="r1l3" custom="readingOrder {index:2;}">
                <Coords points="1231,1078 1241,1079 1260,1097 1289,1091 1305,1103 1316,1097 1331,1097 1334,1013 1322,1013 1311,1006 1302,1014 1287,1013 1280,1018 1274,1015 1267,1019 1257,1012 1233,1018"/>
                <Baseline points="1241,1074 1267,1073 1294,1075 1321,1076"/>
                <TextEquiv>
                    <Unicode>240</Unicode>
                </TextEquiv>
            </TextLine>
            <TextLine id="r1l4" custom="readingOrder {index:3;}">
                <Coords points="1220,1173 2599,1176 2567,1094 1221,1113"/>
                <Baseline points="1230,1152 1297,1152 1365,1153 1433,1153 1501,1154 1569,1155 1637,1155 1705,1156 1773,1157 1841,1157 1909,1158 1976,1159 2044,1159 2112,1160 2180,1160 2248,1161 2316,1161 2384,1161 2452,1162 2520,1162 2588,1162"/>
                <TextEquiv>
                    <Unicode>Herr Clemens glaubt, daß seine Grete „nichts von Alledem erlebt hat",</Unicode>
                </TextEquiv>
            </TextLine>
            <TextLine id="r1l5" custom="readingOrder {index:4;}">
                <Coords points="1217,1221 2607,1231 2607,1179 2482,1163 1218,1173"/>
                <Baseline points="1228,1208 1296,1209 1364,1210 1433,1211 1501,1212 1569,1212 1638,1213 1706,1214 1774,1214 1843,1215 1911,1215 1979,1216 2048,1217 2116,1217 2184,1218 2253,1218 2321,1218 2389,1219 2458,1219 2526,1220 2595,1221"/>
                <TextEquiv>
                    <Unicode>was in ihren Gedichten steht, „daß es nur Phantasien sind.“ Herr Clemens</Unicode>
                </TextEquiv>
            </TextLine>
            <TextLine id="r1l6" custom="readingOrder {index:5;}">
                <Coords points="1224,1274 2544,1299 2586,1248 1225,1231"/>
                <Baseline points="1235,1267 1305,1267 1375,1267 1446,1267 1516,1268 1587,1268 1657,1269 1728,1270 1798,1271 1869,1272 1939,1273 2010,1273 2080,1274 2151,1275 2221,1276 2292,1276 2362,1277 2433,1277 2503,1277 2574,1277"/>
                <TextEquiv>
                    <Unicode>wird sie sogar heirathen, wenn sie sich verpflichtet, der Poesie zu entsagen ...</Unicode>
                </TextEquiv>
            </TextLine>
            <TextLine id="r1l7" custom="readingOrder {index:6;}">
                <Coords points="1225,1346 2606,1338 2606,1304 2285,1279 1226,1279"/>
                <Baseline points="1235,1322 1303,1323 1371,1324 1439,1325 1507,1326 1575,1327 1643,1328 1711,1329 1779,1330 1847,1331 1915,1332 1983,1333 2051,1333 2119,1334 2187,1334 2255,1334 2323,1334 2391,1333 2459,1333 2527,1332 2596,1331"/>
                <TextEquiv>
                    <Unicode>Der derb zupackende Centaur der Freudenau, der sich nur betrügen läßt, wenn</Unicode>
                </TextEquiv>
            </TextLine>
            <TextLine id="r1l8" custom="readingOrder {index:7;}">
                <Coords points="1217,1371 2604,1423 2583,1341 1217,1347"/>
                <Baseline points="1228,1378 1296,1380 1364,1381 1432,1382 1500,1383 1569,1384 1637,1385 1705,1386 1773,1387 1841,1387 1910,1388 1978,1388 2046,1388 2114,1389 2182,1389 2251,1389 2319,1389 2387,1390 2455,1390 2523,1390 2592,1390"/>
                <TextEquiv>
                    <Unicode>er betrogen sein will, das mit allen Salben geschmierte Literaturweibchen,</Unicode>
                </TextEquiv>
            </TextLine>
            <TextLine id="r1l9" custom="readingOrder {index:8;}">
                <Coords points="1223,1455 2481,1469 2595,1459 2596,1420 1224,1397"/>
                <Baseline points="1235,1436 1302,1437 1370,1438 1437,1439 1505,1439 1572,1439 1640,1440 1707,1440 1775,1440 1842,1440 1910,1441 1977,1441 2045,1441 2112,1442 2180,1442 2247,1443 2315,1444 2382,1445 2450,1446 2517,1448 2585,1450"/>
                <TextEquiv>
                    <Unicode>das sich, je nach der Marktlage, auf Papier oder Laken prostituirt, und der</Unicode>
                </TextEquiv>
            </TextLine>
            <TextLine id="r1l10" custom="readingOrder {index:9;}">
                <Coords points="1227,1512 2541,1523 2601,1520 2602,1453 1228,1456"/>
                <Baseline points="1238,1495 1305,1494 1373,1493 1440,1493 1508,1493 1576,1493 1643,1494 1711,1494 1779,1495 1846,1497 1914,1498 1982,1499 2049,1500 2117,1501 2185,1503 2252,1503 2320,1504 2388,1505 2455,1506 2523,1506 2591,1506"/>
                <TextEquiv>
                    <Unicode>gedunsene bohémien, der, nach Jackwerths Rezept, seine Neider „innerlich</Unicode>
                </TextEquiv>
            </TextLine>
            <TextLine id="r1l11" custom="readingOrder {index:10;}">
                <Coords points="1213,1535 1269,1570 2602,1589 2603,1522 2515,1510 1214,1519"/>
                <Baseline points="1223,1552 1291,1551 1359,1550 1428,1549 1496,1549 1565,1549 1633,1550 1701,1550 1770,1551 1838,1551 1907,1552 1975,1553 2043,1554 2112,1555 2180,1556 2249,1557 2317,1558 2385,1559 2454,1560 2522,1561 2591,1561"/>
                <TextEquiv>
                    <Unicode>ohrfeigt“: alle drei Gestalten sind so flott, mit so sicherer Psychologenkunst ge¬</Unicode>
                </TextEquiv>
            </TextLine>
            <TextLine id="r1l12" custom="readingOrder {index:11;}">
                <Coords points="1214,1615 2480,1634 2607,1623 2608,1580 1214,1572"/>
                <Baseline points="1225,1608 1293,1607 1362,1606 1430,1606 1499,1605 1568,1605 1636,1606 1705,1606 1773,1607 1842,1608 1911,1609 1979,1610 2048,1611 2116,1612 2185,1613 2254,1614 2322,1615 2391,1616 2459,1617 2528,1617 2597,1618"/>
                <TextEquiv>
                    <Unicode>zeichnet und ihre Reden blitzen so von organisch erwachsenem Witz, daß man an</Unicode>
                </TextEquiv>
            </TextLine>
            <TextLine id="r1l13" custom="readingOrder {index:12;}">
                <Coords points="1225,1668 2603,1677 2603,1639 2450,1620 1225,1620"/>
                <Baseline points="1235,1662 1302,1662 1370,1661 1438,1661 1506,1662 1574,1662 1642,1663 1709,1663 1777,1664 1845,1665 1913,1665 1981,1666 2049,1667 2117,1668 2184,1668 2252,1668 2320,1669 2388,1669 2456,1669 2524,1668 2592,1668"/>
                <TextEquiv>
                    <Unicode>Courtelines kleines Meisterwerk Boubouroche denken muß, dem Herr Schnitzler</Unicode>
                </TextEquiv>
            </TextLine>
            <TextLine id="r1l14" custom="readingOrder {index:13;}">
                <Coords points="1222,1731 2481,1756 2600,1744 2601,1681 1222,1670"/>
                <Baseline points="1233,1716 1300,1717 1368,1717 1436,1717 1504,1718 1572,1719 1639,1720 1707,1720 1775,1721 1843,1722 1911,1723 1978,1724 2046,1725 2114,1726 2182,1726 2250,1727 2317,1728 2385,1728 2453,1729 2521,1729 2589,1729"/>
                <TextEquiv>
                    <Unicode>wohl die Anregung zu seinem Satyrspiel dankt. Der Absicht des Dichters,</Unicode>
                </TextEquiv>
            </TextLine>
            <TextLine id="r1l15" custom="readingOrder {index:14;}">
                <Coords points="1210,1772 2612,1806 2612,1748 2511,1738 1210,1737"/>
                <Baseline points="1220,1771 1289,1772 1358,1773 1427,1774 1496,1775 1565,1776 1634,1776 1703,1777 1772,1778 1841,1779 1910,1780 1979,1780 2048,1781 2117,1782 2186,1782 2255,1783 2324,1783 2393,1783 2462,1783 2531,1782 2600,1782"/>
                <TextEquiv>
                    <Unicode>die beiden Welten des Willens und der Vorstellung in wechselndem Licht</Unicode>
                </TextEquiv>
            </TextLine>
            <TextLine id="r1l16" custom="readingOrder {index:15;}">
                <Coords points="1218,1848 2607,1863 2608,1807 1218,1798"/>
                <Baseline points="1228,1833 1296,1832 1364,1832 1433,1832 1501,1832 1570,1832 1638,1832 1706,1833 1775,1834 1843,1834 1912,1835 1980,1836 2048,1837 2117,1838 2185,1838 2254,1839 2322,1840 2390,1840 2459,1840 2527,1840 2596,1839"/>
                <TextEquiv>
                    <Unicode>zu zeigen, ordnet das Stückchen sich wirksam ein und beleuchtet ein letztes</Unicode>
                </TextEquiv>
            </TextLine>
            <TextLine id="r1l17" custom="readingOrder {index:16;}">
                <Coords points="1219,1908 2539,1919 2595,1916 2596,1862 1219,1852"/>
                <Baseline points="1230,1887 1297,1886 1365,1885 1433,1885 1500,1886 1568,1886 1636,1887 1703,1888 1771,1890 1839,1891 1907,1892 1974,1893 2042,1895 2110,1896 2177,1897 2245,1897 2313,1898 2380,1898 2448,1897 2516,1896 2584,1895"/>
                <TextEquiv>
                    <Unicode>Mal, mit dem grellsten Strahl, das unfügliche, unnützliche Treiben einer Gauk¬</Unicode>
                </TextEquiv>
            </TextLine>
            <TextLine id="r1l18" custom="readingOrder {index:17;}">
                <Coords points="1212,1954 2601,1957 2576,1909 1212,1902"/>
                <Baseline points="1222,1942 1290,1943 1358,1944 1427,1944 1495,1945 1564,1946 1632,1946 1700,1947 1769,1947 1837,1948 1906,1948 1974,1949 2042,1949 2111,1950 2179,1950 2248,1951 2316,1952 2384,1952 2453,1953 2521,1953 2590,1954"/>
                <TextEquiv>
                    <Unicode>lergattung, deren feinste, anständigste Exemplare von Ibsens Borkman und</Unicode>
                </TextEquiv>
            </TextLine>
            <TextLine id="r1l19" custom="readingOrder {index:18;}">
                <Coords points="1208,2000 2522,2015 2522,1968 2393,1958 1208,1963"/>
                <Baseline points="1218,1997 1282,1997 1347,1997 1411,1998 1476,1998 1541,1999 1605,2000 1670,2001 1734,2002 1799,2003 1864,2004 1928,2005 1993,2006 2057,2007 2122,2008 2186,2008 2251,2009 2316,2009 2380,2010 2445,2009 2510,2009"/>
                <TextEquiv>
                    <Unicode>Ibsens Irene im Ton tiefster Verachtung Dichter genannt worden sind.</Unicode>
                </TextEquiv>
            </TextLine>
            <TextLine id="r1l20" custom="readingOrder {index:19;}">
                <Coords points="1323,2060 2592,2084 2592,2030 2508,2014 1324,2010"/>
                <Baseline points="1334,2055 1396,2056 1458,2056 1521,2057 1583,2057 1645,2058 1708,2058 1770,2059 1832,2060 1895,2060 1957,2061 2019,2062 2082,2062 2144,2063 2206,2063 2269,2064 2331,2064 2393,2065 2456,2065 2518,2066 2581,2066"/>
                <TextEquiv>
                    <Unicode>Nietzsche war von der souveraineté des lettres nicht so felsenfest</Unicode>
                </TextEquiv>
            </TextLine>
            <TextLine id="r1l21" custom="readingOrder {index:20;}">
                <Coords points="1217,2129 2535,2143 2600,2131 2601,2073 1218,2056"/>
                <Baseline points="1229,2113 1297,2112 1365,2112 1433,2112 1501,2113 1569,2113 1637,2114 1705,2115 1773,2116 1841,2117 1909,2118 1977,2120 2045,2120 2113,2122 2181,2123 2249,2123 2317,2124 2385,2124 2453,2125 2521,2125 2589,2125"/>
                <TextEquiv>
                    <Unicode>wie Zola, sein „Unmöglicher“, überzeugt. Den geliebten Griechen sagte er</Unicode>
                </TextEquiv>
            </TextLine>
            <TextLine id="r1l22" custom="readingOrder {index:21;}">
                <Coords points="1217,2182 2602,2199 2549,2131 1217,2130"/>
                <Baseline points="1227,2168 1295,2168 1363,2169 1431,2169 1500,2170 1568,2170 1636,2171 1704,2172 1773,2173 1841,2174 1909,2174 1977,2175 2046,2176 2114,2177 2182,2178 2250,2179 2319,2179 2387,2180 2455,2180 2523,2181 2592,2181"/>
                <TextEquiv>
                    <Unicode>nach: „Sie wußten, daß einzig durch die Kunst das Elend zum Genuß werden</Unicode>
                </TextEquiv>
            </TextLine>
            <TextLine id="r1l23" custom="readingOrder {index:22;}">
                <Coords points="1210,2240 2598,2243 2598,2202 2490,2186 1211,2180"/>
                <Baseline points="1222,2222 1290,2224 1358,2226 1426,2227 1495,2228 1563,2228 1631,2229 1700,2230 1768,2230 1836,2230 1905,2231 1973,2231 2041,2232 2109,2232 2178,2233 2246,2234 2314,2234 2383,2235 2451,2236 2519,2238 2588,2239"/>
                <TextEquiv>
                    <Unicode>könne. Zur Strafe für diese Einsicht waren sie aber von der Lust, zu fabuliren,</Unicode>
                </TextEquiv>
            </TextLine>
            <TextLine id="r1l24" custom="readingOrder {index:23;}">
                <Coords points="1205,2291 2595,2295 2595,2245 1206,2242"/>
                <Baseline points="1216,2284 1284,2284 1352,2284 1421,2284 1489,2284 1558,2284 1626,2285 1694,2285 1763,2286 1831,2286 1900,2287 1968,2288 2036,2289 2105,2289 2173,2290 2242,2291 2310,2292 2378,2293 2447,2293 2515,2294 2584,2295"/>
                <TextEquiv>
                    <Unicode>so geplagt, daß es ihnen im Alltagsleben schwer wurde, sich von Lug und</Unicode>
                </TextEquiv>
            </TextLine>
            <TextLine id="r1l25" custom="readingOrder {index:24;}">
                <Coords points="1208,2344 2461,2379 2599,2365 2600,2315 1208,2294"/>
                <Baseline points="1219,2344 1287,2343 1356,2342 1424,2341 1493,2341 1561,2340 1630,2340 1698,2341 1767,2341 1835,2342 1904,2342 1972,2343 2041,2344 2109,2345 2178,2346 2246,2347 2315,2348 2383,2349 2452,2350 2520,2351 2589,2351"/>
                <TextEquiv>
                    <Unicode>Trug freizuhalten; wie alles Poetenvolk solche Lust an der Lüge hat und</Unicode>
                </TextEquiv>
            </TextLine>
            <TextLine id="r1l26" custom="readingOrder {index:25;}">
                <Coords points="1218,2406 2606,2417 2606,2374 2542,2360 1286,2342 1219,2376"/>
                <Baseline points="1229,2398 1297,2397 1365,2396 1434,2396 1502,2396 1570,2396 1639,2396 1707,2397 1775,2397 1844,2398 1912,2399 1980,2400 2049,2401 2117,2402 2185,2403 2254,2403 2322,2405 2390,2405 2459,2406 2527,2407 2596,2407"/>
                <TextEquiv>
                    <Unicode>obendrein noch die Unschuld dabei“. Und er entschuldigt den Künstler, der „nicht</Unicode>
                </TextEquiv>
            </TextLine>
            <TextLine id="r1l27" custom="readingOrder {index:26;}">
                <Coords points="1205,2464 2586,2488 2604,2438 1206,2417"/>
                <Baseline points="1217,2454 1285,2454 1354,2454 1423,2454 1492,2454 1560,2455 1629,2456 1698,2457 1767,2457 1835,2458 1904,2459 1973,2460 2042,2461 2110,2462 2179,2463 2248,2463 2317,2464 2385,2465 2454,2466 2523,2466 2592,2467"/>
                <TextEquiv>
                    <Unicode>in den vordersten Reihen der Aufklärung und der fortschreitenden Vermännlichung</Unicode>
                </TextEquiv>
            </TextLine>
            <TextLine id="r1l28" custom="readingOrder {index:27;}">
                <Coords points="1205,2512 2601,2537 2601,2498 2461,2469 1206,2465"/>
                <Baseline points="1217,2508 1285,2509 1354,2510 1422,2510 1491,2511 1560,2512 1628,2512 1697,2513 1766,2513 1834,2514 1903,2514 1972,2515 2040,2515 2109,2516 2178,2516 2246,2517 2315,2517 2384,2518 2452,2519 2521,2519 2590,2520"/>
                <TextEquiv>
                    <Unicode>der Menschheit steht“; die Kunst habe neben anderen auch die Aufgabe, „erloschene,</Unicode>
                </TextEquiv>
            </TextLine>
            <TextLine id="r1l29" custom="readingOrder {index:28;}">
                <Coords points="1210,2572 2547,2596 2587,2538 1210,2512"/>
                <Baseline points="1221,2568 1288,2567 1356,2566 1424,2566 1491,2566 1559,2566 1627,2566 1694,2567 1762,2567 1830,2568 1898,2569 1965,2570 2033,2571 2101,2573 2168,2573 2236,2574 2304,2575 2371,2576 2439,2576 2507,2576 2575,2577"/>
                <TextEquiv>
                    <Unicode>verblichene Vorstellungen ein Wenig wieder aufzufärben. Zwarist es nur ein Schein¬</Unicode>
                </TextEquiv>
            </TextLine>
            <TextLine id="r1l30" custom="readingOrder {index:29;}">
                <Coords points="1220,2630 2597,2650 2584,2579 1221,2578"/>
                <Baseline points="1230,2623 1297,2623 1365,2623 1433,2623 1501,2623 1569,2624 1637,2624 1704,2625 1772,2625 1840,2626 1908,2627 1976,2627 2044,2628 2112,2629 2179,2629 2247,2630 2315,2630 2383,2630 2451,2630 2519,2630 2587,2630"/>
                <TextEquiv>
                    <Unicode>leben, wie über Gräbern, das hierdurch entsteht, oder wie die Wiederkehr geliebter</Unicode>
                </TextEquiv>
            </TextLine>
            <TextLine id="r1l31" custom="readingOrder {index:30;}">
                <Coords points="1211,2681 2592,2694 2592,2655 2495,2639 1211,2633"/>
                <Baseline points="1221,2680 1292,2680 1364,2679 1435,2679 1507,2680 1578,2680 1650,2681 1721,2681 1793,2682 1864,2683 1936,2684 2007,2684 2079,2685 2150,2686 2222,2686 2293,2687 2365,2687 2436,2688 2508,2688 2580,2688"/>
                <TextEquiv>
                    <Unicode>Toten im Traum; aber wenigstens auf Augenblicke wird die alte Empfin¬</Unicode>
                </TextEquiv>
            </TextLine>
            <TextLine id="r1l32" custom="readingOrder {index:31;}">
                <Coords points="1204,2740 2561,2769 2579,2696 1204,2699"/>
                <Baseline points="1214,2736 1281,2736 1349,2736 1417,2736 1484,2737 1552,2737 1620,2738 1687,2738 1755,2739 1823,2740 1891,2741 1958,2742 2026,2742 2094,2743 2161,2744 2229,2744 2297,2745 2364,2745 2432,2745 2500,2745 2568,2745"/>
                <TextEquiv>
                    <Unicode>dung noch einmal rege und das Herz klopft nach einem sonst vergessenent.“</Unicode>
                </TextEquiv>
            </TextLine>
            <TextLine id="r1l33" custom="readingOrder {index:32;}">
                <Coords points="1206,2800 2561,2828 2592,2770 1207,2744"/>
                <Baseline points="1217,2794 1285,2794 1353,2794 1421,2794 1489,2794 1558,2794 1626,2795 1694,2795 1762,2796 1830,2797 1899,2797 1967,2798 2035,2799 2103,2800 2171,2801 2240,2802 2308,2803 2376,2804 2444,2805 2512,2805 2581,2806"/>
                <TextEquiv>
                    <Unicode>Beide Seiten der besonderen, frischer Luft verriegelten Welt, in die Herr</Unicode>
                </TextEquiv>
            </TextLine>
            <TextLine id="r1l34" custom="readingOrder {index:33;}">
                <Coords points="1206,2848 2585,2866 2517,2811 2428,2843 1207,2797"/>
                <Baseline points="1217,2847 1284,2847 1352,2847 1420,2848 1488,2848 1556,2849 1624,2849 1692,2850 1760,2851 1828,2852 1896,2852 1963,2853 2031,2854 2099,2855 2167,2856 2235,2857 2303,2859 2371,2860 2439,2861 2507,2863 2575,2864"/>
                <TextEquiv>
                    <Unicode>Schnitzler uns einführen wollte, sind in diesen Sätzen bezeichnet ... Wer</Unicode>
                </TextEquiv>
            </TextLine>
            <TextLine id="r1l35" custom="readingOrder {index:34;}">
                <Coords points="1205,2912 2584,2934 2584,2893 2470,2863 1206,2879"/>
                <Baseline points="1216,2905 1283,2905 1351,2905 1419,2905 1487,2905 1555,2906 1623,2906 1691,2907 1759,2908 1827,2908 1895,2909 1962,2910 2030,2911 2098,2912 2166,2913 2234,2914 2302,2915 2370,2916 2438,2917 2506,2919 2574,2919"/>
                <TextEquiv>
                    <Unicode>von den Dreien „Recht hat“? Jeder, wenn man ihn recht versteht: Nietzsche,</Unicode>
                </TextEquiv>
            </TextLine>
            <TextLine id="r1l36" custom="readingOrder {index:35;}">
                <Coords points="1208,2971 2593,2977 2593,2934 2446,2922 1208,2919"/>
                <Baseline points="1218,2966 1286,2965 1354,2964 1422,2963 1491,2963 1559,2963 1627,2963 1695,2964 1764,2965 1832,2966 1900,2967 1968,2968 2037,2969 2105,2970 2173,2971 2241,2972 2310,2972 2378,2973 2446,2973 2514,2973 2583,2973"/>
                <TextEquiv>
                    <Unicode>Zola und Cassagnac. Der wiener Dichter, der Einzige aus der Naturalisten¬</Unicode>
                </TextEquiv>
            </TextLine>
            <TextLine id="r1l37" custom="readingOrder {index:36;}">
                <Coords points="1211,3026 2428,3056 2587,3044 2588,2997 1211,2981"/>
                <Baseline points="1222,3022 1289,3020 1357,3019 1425,3019 1492,3019 1560,3019 1628,3019 1695,3020 1763,3020 1831,3021 1899,3022 1966,3023 2034,3024 2102,3025 2169,3026 2237,3027 2305,3027 2372,3028 2440,3028 2508,3028 2576,3028"/>
                <TextEquiv>
                    <Unicode>plejade, der sich zur Künstlerreife entwickelt hat, zeigte, als feiner Gestalter, in</Unicode>
                </TextEquiv>
            </TextLine>
            <TextLine id="r1l38" custom="readingOrder {index:37;}">
                <Coords points="1210,3098 2597,3098 2531,3033 1210,3040"/>
                <Baseline points="1220,3074 1288,3074 1356,3073 1424,3073 1493,3073 1561,3073 1629,3074 1698,3075 1766,3075 1834,3076 1903,3077 1971,3078 2039,3079 2107,3080 2176,3082 2244,3082 2312,3083 2381,3084 2449,3085 2517,3085 2586,3085"/>
                <TextEquiv>
                    <Unicode>vier kleinen Bildern uns eben ja selbst, daß ein Mann, der nicht sicht, auf der</Unicode>
                </TextEquiv>
            </TextLine>
            <TextLine id="r1l39" custom="readingOrder {index:38;}">
                <Coords points="1207,3144 2238,3170 2558,3152 2595,3100 1207,3094"/>
                <Baseline points="1217,3128 1285,3130 1353,3131 1421,3133 1490,3134 1558,3135 1626,3136 1695,3137 1763,3138 1831,3139 1900,3140 1968,3141 2036,3142 2104,3142 2173,3143 2241,3143 2309,3143 2378,3143 2446,3143 2514,3142 2583,3142"/>
                <TextEquiv>
                    <Unicode>Agora nicht den Willen zur Macht stählt, daß ein Stubenhocker, der nichts vor</Unicode>
                </TextEquiv>
            </TextLine>
            <TextLine id="r1l40" custom="readingOrder {index:39;}">
                <Coords points="1213,3206 2592,3213 2592,3168 2483,3149 1214,3145"/>
                <Baseline points="1224,3188 1291,3189 1359,3189 1427,3190 1495,3190 1563,3191 1631,3191 1698,3191 1766,3192 1834,3192 1902,3193 1970,3193 2038,3194 2106,3194 2173,3195 2241,3196 2309,3196 2377,3197 2445,3199 2513,3200 2581,3201"/>
                <TextEquiv>
                    <Unicode>sich hat als sein Schreibzeug, dennoch auf eigenem Grund ein Schöpfer sein kann.</Unicode>
                </TextEquiv>
            </TextLine>
            <TextLine id="r1l41" custom="readingOrder {index:40;}">
                <Coords points="2372,3275 2398,3274 2414,3266 2435,3277 2454,3278 2465,3272 2498,3275 2552,3264 2554,3212 2541,3210 2515,3224 2489,3208 2459,3209 2448,3219 2422,3210 2411,3216 2399,3209 2375,3212"/>
                <Baseline points="2384,3253 2410,3253 2436,3255 2463,3257 2489,3257 2515,3258 2542,3257"/>
                <TextEquiv>
                    <Unicode>M. H.</Unicode>
                </TextEquiv>
            </TextLine>
            <TextLine id="r1l42" custom="readingOrder {index:41;}">
                <Coords points="1206,3381 2464,3391 2588,3437 2589,3340 2415,3310 1207,3308"/>
                <Baseline points="1216,3381 1284,3381 1352,3381 1420,3381 1488,3381 1556,3381 1624,3381 1692,3381 1760,3381 1828,3382 1897,3382 1965,3383 2033,3384 2101,3385 2169,3386 2237,3388 2305,3389 2373,3391 2441,3393 2509,3395 2578,3398"/>
                <TextEquiv>
                    <Unicode>Herausgeber und verantwortlicher Redakteur: M. Harden in Berlin. — Verlag der Zukunft in Berlid,</Unicode>
                </TextEquiv>
            </TextLine>
            <TextLine id="r1l43" custom="readingOrder {index:42;}">
                <Coords points="1127,3431 1135,3431 1146,3440 1154,3436 1159,3439 1179,3422 1189,3431 1206,3430 1209,3354 1196,3356 1183,3347 1173,3346 1166,3353 1148,3358 1138,3349 1129,3349"/>
                <Baseline points="1139,3411 1168,3409 1197,3413"/>
                <TextEquiv>
                    <Unicode>6</Unicode>
                </TextEquiv>
            </TextLine>
            <TextLine id="r1l44" custom="readingOrder {index:43;}">
                <Coords points="1544,3448 1652,3423 2235,3443 2235,3391 1544,3390"/>
                <Baseline points="1554,3420 1587,3421 1620,3422 1654,3423 1687,3423 1721,3423 1754,3423 1788,3423 1821,3423 1855,3422 1888,3422 1921,3422 1955,3422 1988,3422 2022,3422 2055,3422 2089,3423 2122,3424 2156,3425 2189,3426 2223,3428"/>
                <TextEquiv>
                    <Unicode>Druck von Albert Damcke in Berlin=Schöneberg.</Unicode>
                </TextEquiv>
            </TextLine>
            <TextEquiv>
                <Unicode>box 21/2
16. 1. Lebendige Stunden— Zyklus
240
Herr Clemens glaubt, daß seine Grete „nichts von Alledem erlebt hat",
was in ihren Gedichten steht, „daß es nur Phantasien sind.“ Herr Clemens
wird sie sogar heirathen, wenn sie sich verpflichtet, der Poesie zu entsagen ...
Der derb zupackende Centaur der Freudenau, der sich nur betrügen läßt, wenn
er betrogen sein will, das mit allen Salben geschmierte Literaturweibchen,
das sich, je nach der Marktlage, auf Papier oder Laken prostituirt, und der
gedunsene bohémien, der, nach Jackwerths Rezept, seine Neider „innerlich
ohrfeigt“: alle drei Gestalten sind so flott, mit so sicherer Psychologenkunst ge¬
zeichnet und ihre Reden blitzen so von organisch erwachsenem Witz, daß man an
Courtelines kleines Meisterwerk Boubouroche denken muß, dem Herr Schnitzler
wohl die Anregung zu seinem Satyrspiel dankt. Der Absicht des Dichters,
die beiden Welten des Willens und der Vorstellung in wechselndem Licht
zu zeigen, ordnet das Stückchen sich wirksam ein und beleuchtet ein letztes
Mal, mit dem grellsten Strahl, das unfügliche, unnützliche Treiben einer Gauk¬
lergattung, deren feinste, anständigste Exemplare von Ibsens Borkman und
Ibsens Irene im Ton tiefster Verachtung Dichter genannt worden sind.
Nietzsche war von der souveraineté des lettres nicht so felsenfest
wie Zola, sein „Unmöglicher“, überzeugt. Den geliebten Griechen sagte er
nach: „Sie wußten, daß einzig durch die Kunst das Elend zum Genuß werden
könne. Zur Strafe für diese Einsicht waren sie aber von der Lust, zu fabuliren,
so geplagt, daß es ihnen im Alltagsleben schwer wurde, sich von Lug und
Trug freizuhalten; wie alles Poetenvolk solche Lust an der Lüge hat und
obendrein noch die Unschuld dabei“. Und er entschuldigt den Künstler, der „nicht
in den vordersten Reihen der Aufklärung und der fortschreitenden Vermännlichung
der Menschheit steht“; die Kunst habe neben anderen auch die Aufgabe, „erloschene,
verblichene Vorstellungen ein Wenig wieder aufzufärben. Zwarist es nur ein Schein¬
leben, wie über Gräbern, das hierdurch entsteht, oder wie die Wiederkehr geliebter
Toten im Traum; aber wenigstens auf Augenblicke wird die alte Empfin¬
dung noch einmal rege und das Herz klopft nach einem sonst vergessenent.“
Beide Seiten der besonderen, frischer Luft verriegelten Welt, in die Herr
Schnitzler uns einführen wollte, sind in diesen Sätzen bezeichnet ... Wer
von den Dreien „Recht hat“? Jeder, wenn man ihn recht versteht: Nietzsche,
Zola und Cassagnac. Der wiener Dichter, der Einzige aus der Naturalisten¬
plejade, der sich zur Künstlerreife entwickelt hat, zeigte, als feiner Gestalter, in
vier kleinen Bildern uns eben ja selbst, daß ein Mann, der nicht sicht, auf der
Agora nicht den Willen zur Macht stählt, daß ein Stubenhocker, der nichts vor
sich hat als sein Schreibzeug, dennoch auf eigenem Grund ein Schöpfer sein kann.
M. H.
Herausgeber und verantwortlicher Redakteur: M. Harden in Berlin. — Verlag der Zukunft in Berlid,
6
Druck von Albert Damcke in Berlin=Schöneberg.</Unicode>
            </TextEquiv>
        </TextRegion>
        <TextRegion orientation="0.0" id="r2" custom="readingOrder {index:1;}">
            <Coords points="2598,3319 2598,3473 2616,3473 2616,3319"/>
            <TextLine id="r2l1" custom="readingOrder {index:0;}">
                <Coords points="2582,3446 2592,3448 2599,3445 2608,3447 2611,3451 2620,3452 2645,3343 2607,3336"/>
                <Baseline points="2598,3419 2616,3423"/>
                <TextEquiv>
                    <Unicode></Unicode>
                </TextEquiv>
            </TextLine>
            <TextEquiv>
                <Unicode></Unicode>
            </TextEquiv>
        </TextRegion>
    </Page>
</PcGts>
