3484 4320
2082 285 2571 371 box 21/4
291 278 1959 369 16.1. Lebendie Stunden zyklus
1570 1361 2001 1436 „Wiener Mode“ XVI
520 1366 705 1442 Heft 14
1501 1469 2074 1552 Wiener Theater.
1585 1541 1989 1610 Jourplauderei.
1172 1573 1513 1645 Die Kommerzialrätin.
815 1571 1081 1655 Der Geheimrat.
1789 1584 2983 1642 nie wissen, was eigentlich damit gemeint sei Und so wie sie das
1186 1618 1467 1697 Außerordentlicher
815 1616 1052 1694 Die Hofrätin
1775 1634 2981 1686 Buch „Reigen“ vor mir versteckt hat, so hat sie überhaupt noch kein
1045 1654 1200 1723 Lizzie.
1779 1672 2988 1710 Buch vor mir versteckt. Ich hab' kaum das Titelblatt zu sehen gekriegt.
656 1715 2998 1758 Geheimcat: Vier Einakter „Lebendige Stunden“ im Deutschen Man bekommt beinahe Lust, um nur dieses verbotenste aller Bücher
1779 1749 2869 1789 lesen zu dürfen, irgend jemand noch so beliebigen zu heiraten.
549 1750 1281 1817 Volkstheater. Von Arthur Schnitzler.
1875 1778 2995 1836 Hofrätin (erschreckt): Hoffentlich hast du von dem entsetzlichen
670 1779 1792 1855 Kommerzialrätin: Wie war's denn eigentlich? Nämlich
2205 1824 2986 1885 Buch nicht mehr gesehen, Lizzie, als den Titel!!
562 1831 1236 1900 mit dem Erfolg, mit dem Applaus?
2303 1870 2991 1927 Lizzie: Gewiß nicht, Mama. (Tief auf¬
656 1868 1358 1946 Lizzie: Wurde er gerufen? Ist er ge¬
2202 1893 2513 1972 seufzend): Leider!
557 1905 1269 1983 kommen, Arthur=Anatol Schnitzler?
2297 1932 2988 1996 Hofrätin (aufatmend): Na, Gott sei
671 1942 1371 2023 Hofrätin (überhörend): Die beiden
2195 1977 3002 2032 Dank! (Leise zur Kommerzialrätin): Ein Buch für
570 1985 1359 2061 ersten Stücke sind sachte, wenngleich höchst
2194 2020 2995 2083 die Intimen des Dichters, fürchterlich geist¬
562 2035 1366 2101 respektvoll, höflich abgeglitten, die zwei letzten
2209 2049 2998 2108 reich, aufreizend abscheulich, schändlich wahr,
570 2076 1362 2128 haben dafür den Leuten und auch mir sehr
2211 2100 2997 2167 empörend unterhaltlich. Zirkuliert unterm
567 2114 1365 2172 gefallen. Wunderhübsch. Ein feiner, findiger
2203 2137 2836 2189 Tisch. Nur ein paar Exemplärchen.
557 2160 1364 2227 Kopf. Ein kleiner, aber ein ganzer Dichter.
2295 2160 2992 2227 Kommerzialrätin (leie: Leihen
670 2205 1356 2270 Außerordentlicher: Betrachten
2207 2211 2988 2278 Sie mir es doch. Das müssen Sie mir
562 2247 1363 2296 wir doch einmal die Kunstform der „Ein¬
2206 2246 2357 2315 leihen.
573 2285 1357 2345 akter=Abende“, des dramatischen Vierklees
2286 2272 2995 2358 Hofrätin (leise): I bewahre. Nicht um
575 2313 1359 2366 selten Glückskleeblatt, so ließen sich wohl
2205 2311 2514 2392 die halbe Welt.
573 2366 1357 2421 Einwendungen und Bedenken von mancherlei
2304 2347 2981 2425 Kommerzialrätin (leise): Mir —
574 2392 1369 2467 Art dagegen vorbringen. Ein Grund edanke
2213 2402 2994 2459 nur mir! Ich bin einmal Witwe, zwei¬
568 2432 1369 2498 soll sie durchziehen, vereinigen, verbinden,
2208 2444 3001 2513 mal geschieden, dreimal — ich darf es
568 2474 1357 2535 unter einen Gesamttitel wie unte einen Hut
2204 2485 2431 2546 schen lesen.
561 2514 1351 2586 bringen. „Morituri“ — „Lebendige Stunden“
2300 2495 3000 2591 Hofrätin (leise): Ich habe aber ge¬
621 2553 853 2625 „Zu spät“.
2205 2561 2997 2617 schworen, es niemand lesen zu lassen, und
675 2589 1360 2655 Geheimrat: Irr' ich nicht, so hat
2214 2601 2995 2644 die Dame, von der ich es habe, hat den¬
565 2636 1369 2699 vor Jahrzehnten ein gewisser Emil Granich¬
2204 2637 3002 2698 selben Eid leisten müssen Sie sollen es heute
2211 2676 2723 2740 noch haben Aber schwören!
574 2678 1369 2733 städten ja, so hieß er — im alten Burg¬
568 2711 1357 2763 theater diese dramatische Kleinkunst aufge¬
2302 2693 2991 2772 Kommerzialrätin (leise): Ich schwöre.
569 2759 1361 2805 bracht. Emerich Robert spielte, wenn mir
2307 2754 2993 2803 Hofrätin leise): Nicht im Buchhandel
575 2794 1367 2852 recht ist, Ludwig XIII. ... (Summt leise das all¬
2210 2795 3002 2837 aufzutreiben. Rarissimum erster Güte. Doch
2211 2836 2989 2897 nun arglos zurück ins allgemeine Gespräch.
575 2834 1232 2897 bekannte Menuett dieses Königs vor sich hin.)
2208 2871 2989 2932 (Laut und zu den übrigen): Das erste Stückchen....
662 2872 1353 2933 Hofrätin: Ich sehe gar nicht ein,
1611 2886 1970 2959 Dr. Arthur Schnitzler.
2310 2908 2993 2972 Geheimrat: Herbstelt. Ist sehrtraurig,
577 2912 1369 2973 Herr Professor, warum Sie so streng gegen
1476 2930 2072 3010 Photographie aus dem Atelier I Löwy,
2211 2942 3004 3002 sehr fein, sehr tief, sehr bühnenunwirksam,
571 2960 1358 3004 diese Einakter=Abende sind. Ich finde die Ab¬
1647 2967 2011 3029 k. Hof=Photograph, Wien.
2216 2979 3000 3037 zum Sterben langweilig. Es bedrückt und
574 3005 1372 3053 wechslung ganz hübsch. Eines gefällt, das
1782 3021 3006 3084 beklemmt. Eine kranke Mutter hat sich für den Sohn, der ein Dichter
576 3024 1785 3082 andere wieder nicht, und man tröstet, sich abwartend bei gelinder
1791 3067 3003 3122 ist oder sein will, in den Tod begeben, um dem jungen Manne durch
575 3068 1402 3137 Langweile, mit dem Stück, das nachfolgen soll.
1779 3104 3008 3167 ihr Siechtum, das sich durch bange Jahre noch hinzuschleppen droht,
675 3099 1268 3162 Geheimrat: Variatio delectat.
1785 3142 2753 3212 nicht mehr in seinem Kunstschaffen behinderlich zu sein.
660 3151 1542 3203 Kommerzialrätin: Thema mit Variationen.
1879 3187 2559 3237 Lizzie: O, das ist doch sehr traurig.
675 3174 1785 3243 Lizzie: Daß mich Mama auch niemals zu Schnitzler'schen
1875 3216 2772 3271 Kommerzialrätin: Und sehr unwahrscheinlich.
567 3224 1793 3277 Stücken mitnehmen mag! Sie meint, es sei zu gewagt. Man könne
547 3269 2430 3365 nissestatattstsassaaiaaaaaaannaaaaaatarananasanaanaaen
2556 3297 3037 3450 andarbeiten
782 3400 1774 3494 sch ein Wieder
1794 3400 2199 3494 Schon
708 3476 2266 3546 nachdem ich durch drei Wochen Ihre Alalska-Creme und -Puder gebrauchte. Rosa f
2524 3482 3036 3557 berige, amenlilch Kiesen, Läuter,
712 3542 2890 3571 Den gleichen Ausspruch wird jede Dame machen, gleichviel ob ihr Teint igendwelche Mängel zeigt oder ob sie /° Milleux. Paravents sowie alle
593 3565 1814 3612 ihren Teint nur konservieren will, und es sollte daher Alaiska-Creme und -Pud#r „.
539 3591 901 3669 # Aun4L.-4.
