3436 4320
2056 175 2527 289 box 21/3
235 205 1903 308 16. 1. Lebendige Stunden — Zuklus
1072 1352 3200 1460 sich ja auf zahlreiche, bereits eingegangene Rechtsvervindlich= Enttäuschung, wenn die Reactivirung des Parlamentes eine
167 1383 1090 1474 en ist jetzt in seinen Hauptziffern bekannt:
1067 1429 3199 1518 keiten stützt, dieser Frage nicht beizukommen sei. Das Ab= zerrüttende Einwirkung auf den Staatshaushalt, auf das in
160 1461 1090 1524 ninisteriellen Abgeordneten stehen 166 Anti¬
1079 1528 3188 1642 Victor von Scheffel einen großen Erfolg hatte. Auch seines Prinzen auf. Die Probleme des Stückes wurden
1093 1611 3198 1671 das Neckar=Thal. Auch die Ruine des Heidelberger in der Gesellschaft wochenlang lebhaft discutirt, man
349 1569 809 1708 Feuilleton.
2137 1618 3193 1707 nahm für und wider Partei. Sogar die Unwahr¬
1094 1646 2160 1721 Schlosses. Auch der Dichter des wunderschönen „O
2126 1680 3196 1761 scheinlichkeiten in der Führung der Handlung fanden
1095 1687 2135 1767 alte Burschenherrlichkeit“ und so weiter; ich könnte
2128 1740 3186 1809 ihren Patron, der gerade in ihnen eine neuartige
1099 1753 2135 1823 noch lange aufzählen. Stücke wie „Alt=Heidelberg“
233 1757 919 1873 Grazer Theaterbrief.
2137 1778 3192 1853 Annäherung an die Lebenswahrheit erblickte; denn
1094 1794 2138 1886 wirken nämlich nicht durch das, was sie sind, sondern
2119 1829 3182 1917 das Leben selbst verfahre meistens so merkwürdig un¬
1090 1852 1979 1914 nur durch das, woran sie erinnern.
162 1830 1108 1935 ar Blumenthals „Fee Caprice“ ergab mit
2138 1884 3184 1959 wahrscheinlich; „la vita dà tali frutti“. Mit Freuden
1143 1890 2138 1966 Dem Autor von „Alt=Heidelberg“ (das übrigens,
180 1907 1114 1979 und Noth ein abendfüllendes „Lustspiel“ dessen
2140 1925 3202 2007 constatirt man eine gewisse Größe des menschlichen
1093 1956 2132 2024 unter der Mitwirkung von Studenten, gut aufgeführt
183 1942 1109 2042 r Aufführung durch den Dichterschwindler des
2130 1980 3189 2074 Maßes, das an die Personen des neuen Dramas an¬
1093 2004 2148 2080 wurde, sehr schön war das Bühnenbild des zweiten
193 2019 1105 2077 Mehnert und das Gigerl des Herrn
2132 2035 3194 2115 gelegt werden dürfe, eine gewisse Weite der Geberden,
1095 2052 2135 2116 Actes) fehlt vor allem die menschengestaltende Kref#.
226 2059 1103 2129 glänzte. Ein anderes Berliner Fabricat,
2132 2090 3195 2168 Höhe der Standnunkte darin. Und ein voller Brunnen
1096 2105 2132 2170 Die hat nun Hermann Sudermann in reiche
179 2111 1106 2171 Bekanntschaft uns die jüngsten Theatermonate
2129 2133 3200 2201 richtiger Poesi uillt in der letzten Seene des vor¬
1094 2150 2134 2223 Maße. Sein neues Drama „Es lebe das Leben“
176 2169 1099 2235 ttelte, „Nacht und Morgen“ von Paul
2139 2176 3205 2273 letzten Actes, deren ergreifender Wirkung sich niemand
1102 2194 2145 2266 hat das wieder einmal überzeugend dargethan. Seine
170 2214 1108 2276 u, ist ein Sensations=Drama, über dem die
2139 2240 2497 2323 entziehen konnte.
1094 2250 2138 2327 Menschen leben; auch die Nebensiguren noch umfließt
180 2262 1106 2350 Nebel der Langeweile brauen — das ist doch
2167 2279 3207 2346 Die Aufführung des jüngsten Sudermanns und die
1106 2304 2153 2368 die wirkliche Luft des Lebens. Aber dieses Dichters
172 2319 545 2389 stens was Neues.
2134 2335 3197 2410 österreichische Première von Arthur Schnitzlers
1096 2352 2151 2442 Kraft versagt, sobald er wahre innere Beziehungen
178 2347 1104 2427 r nichts Neues war „Laboremus“ von
2140 2381 3199 2462 „Lebendigen Stunden“ bedeuteten die Höhe
1097 2396 2152 2482 zwischen seinen Figuren herstellen soll, da
168 2419 1102 2476 son, sondern ein fader Aufguß von „Rosmers¬
2142 2424 3208 2506 unserer diesjährigen Schauspielsaison. An Schnitzlers
1308 2432 2144 2513 er sich gleich in ein dichtes Netz
1108 2455 1320 2536 verstrickt
184 2465 1107 2524 (die fatale Verwandtschaft der neuen Dramen
2145 2487 3204 2553 Einactern erfreut zunächst die kluge Mache, der durch¬
1109 2496 2153 2567 von Unmöglichkeiten, Inconsequenzen und Unlogik.
163 2514 1101 2589 sons mit denen Ibsens wird auf die Dauer
2144 2535 3207 2609 sichtige Bau, der faubere Plan. Dann die Logik und
1102 2552 2149 2622 Das merkt man freilich erst, wenn man von seinen
163 2568 1101 2638 ggenehm). Auch Lydia, die unheimliche Clavier¬
2143 2573 3205 2657 Klarheit der Durchführung; da „sitzt“ jeder kleinste
1112 2602 2145 2664 Stücken heimgeht; so lange man unter dem warmen
169 2617 1103 2683 rin, existirt gewiß schon massenhaft in den Drei¬
2139 2621 3077 2736 Pinselstrich, jeder Gedankenstrich ist nothwendig.
1103 2646 2154 2708 Anhauch ihrer Bühnengegenwart athmet, ist man
167 2665 1109 2732 er-Romanen. Belustigend wirkte die Bemühung,
2505 2697 2830 2762 „Nothwendigkeit
1103 2691 2158 2763 überzeugt und völlig in ihrem Bann. „Es lebe das
182 2716 1108 2777 das aufgepfropfte Leitmotiv des „Laboremus“,
2244 2710 3078 2806 Ist Dein geheimes Weihgeschenk, o Genius“,
1102 2749 2153 2826 Leben“ hat hier tief und nachhaltig gewirkt, die
171 2743 1113 2826 nit der Fabel selbst nicht den leifesten Zusammen¬
2137 2778 3211 2856 heißt es einmal bei Platen. Es ist alles da, was
1110 2803 2146 2871 Aufführung hielt sich auf einer achtunggebietenden
193 2822 1120 2883 hat, den gewissen Ibsen'schen Tiefklang zu
2152 2827 3199 2909 die Bewegung des Stückes braucht, und nur das
1110 2854 2146 2917 Höhe, Frl. Sussin füllt die Beate mit dem heißen
206 2867 1121 2924 Das Schauspiel wurde hier, trotz der Lydia
2140 2863 3214 2964 was sie braucht. Bei dieser Technik kommen freilich
1096 2910 2147 2978 Athem ihrer Seele an, mit ruhiger Kraft spielt Herr
175 2901 1125 2984 Erls. Sussin, abgelehnt und verschwand mit
2150 2933 3205 3004 die Menschen der Dramen Schnitzlers ein wenig zu
1096 2955 2147 3017 [Mehnert den Baron Völkerlingk, herzlich und
175 2978 762 3026 mlicher Eile vom Spielplane.
2146 2982 3212 3057 kurz, sie sind gleichsam nur in ihrem Umriß gezeichnet
169 2991 2169 3074 n so länger behauptete sich „Alt=Heidelberg“ warm Herr Baxmann den Grafen Kellinghausen,
173 3037 3219 3161 Wilhelm Meyer=Förster, mit dem Joseph pikante Glanzlichter setzt Herr Weinmann der Figur und entbehren einer gewissen runden Fülle und
2488 3098 2778 3206 S
