3436 4256
2132 157 2588 250 box 21/2
323 155 1993 268 16.1. Lebendige Stunden—zyklus
468 387 707 476 .österr. 1
619 478 1633 578 Wien. 1% kenstrasse
848 559 1547 652 Filiale in Budapest: „Figyeló“ —
445 613 1891 724 Vertretungen in Berlin, Chicago, Genf, London, Newyork, Paris, Rom, Stockholm.
433 739 958 826 Ausschnitt aus:
1007 772 1759 903 Bromberger Zeitung
1035 873 1382 976 Bromberg
436 879 908 1007 vom  / 7
1611 947 1848 1030 Url
1745 1164 1829 1231 RR
984 1189 1399 1277 (Nachdruck verboten.)
1544 1236 2503 1291 Was in diesem von Schnitzler unübertroffenen
2513 1248 3376 1301 welche die verschiedenen Meinungen des So
664 1272 2498 1337 Aus Berlin. V##(Werke den Norddeutschen, den Berliner besonders an¬
2514 1286 3364 1340 des Freundes in einer geradezu trostlos
1483 1322 2507 1382 muthete, war das Wienerische Kolorit. Es ist bekannt,
2526 1315 3360 1380 Form entrollt. Alles in diesem Einakter
450 1310 1462 1392 P Vor einigen Jahren konnte man fast von einer
1479 1359 2513 1423 daß der Berliner nichts lieber hört, als das Plauschen
2520 1368 3358 1433 macht; es ist Schreibtisch=Problemdramatik so
416 1363 1457 1451 VEinaktermanie sprechen. Die dramatischen Einfälle
1472 1403 2500 1467 eines echten Weauers. Grade weil seinem eigenen
2524 1417 3363 1470 Sorte. Keine Spur dichterischen Eingehens,
422 1424 1461 1496 schienen sich nur noch in der Form der Gedanken¬
1474 1451 2498 1507 Naturell dieses Weiche, Einschmeichelude, Liebenswürdige
2515 1444 3376 1514 Vertiefung in die Charaktere; zwei hölzerne
422 1459 1456 1537 splittr einzustellen. Am drolligsten wirkte die Ider,
1474 1478 2501 1549 so fern liegt, bewundert er es bei dem Kollegen von
2514 1498 3372 1565 mühsam herausgeschnitzelt und mit unmöglich
416 1508 1459 1568 das abgelaufene Jahrhundert in dem Sviegel des Ein¬
1474 1526 1748 1579 der Donau.
1764 1533 2498 1594 Die Berliner Bühnen sind von
419 1548 1460 1620 akters aufzusangen. Das Berliner Theater brachte
1478 1567 2505 1630 Oesterreichern überschwemmt und die Wiener Walzer
2601 1562 3361 1641 Auf diese jammervollen Männergestalten
417 1594 1462 1644 den welthistorischen Zyklus am Sylvester des Jahr¬
1481 1615 2498 1677 finden nirgends eine lebhaftere Begeisterung, als an
2523 1618 3376 1679 „Frau mit dem Dolche“. Sie ist der uralte#
426 1641 1462 1695 hunderts. Aber die Theatergeschichte scheint dieses
1458 1647 2513 1721 der Spree. Schnitzler hatte aber nicht nur das
2512 1647 3317 1724 Ehebrecherin nach französischem Muster.
416 1678 1464 1738 kühne Wagniß auch als Sylvesterscherz aufzufassen.
1461 1702 2507 1745 Liebenswürdige und Gewinnende des Wiener
2515 1696 3371 1776 Museum, das sie als Rendezvonsplatz benutzt,
426 1722 1455 1794 Die Einakter mit der Ewigkeitsperspektive sind ver¬
1465 1732 1789 1807 Temperaments.
1784 1725 2504 1812 Seinem Wesen wohnte auch die
2503 1751 3363 1802 der Liebhaber auf die Aehnlichkeit zwischen i
415 1756 792 1822 dorben, gestorben.
1473 1783 2495 1860 Aeußerlichkeit, die Koketterie, die Gefallsucht, welche
2501 1793 3368 1849 und einem alten Renaissancebild: „Die Frau
504 1787 1452 1872 Arthur Schnitzler, der Dichter Neu=Wiens, ist ins
1479 1820 2489 1877 sich so oft als Danaërgeschenk neben Anmuth und
2504 1836 3355 1894 Dolch“ aufmerksam. Sofort schlägt es z
414 1852 1460 1907 Bühnenleben mit dem Anatolzyklus, einer fast unend¬
1468 1860 2495 1930 Grazie einstellt, inne. In der Liebelei machte die
2506 1872 3370 1927 mittags und sofort träumt die Dame einen Ri
409 1902 1460 1959 lichen Kette von Einaktern, getreten. Anatol ist der Held
1470 1911 2499 1976 Trapik des Sujets vieles in den Charakteren der
2511 1917 3336 1982 traum, in welchem sie dem Gatten zu
413 1926 1456 1985 einer Reihe von Liebesszenen jener frivolen Art, deren
1464 1958 2496 2020 weichlichen, nur vom Verhältniß zur Liebelei tän¬
2506 1955 3371 2023 Arnostrand den Geliebten erdolcht. Währen
411 1976 1459 2041 Schilderung in der dramatischen Milien=Litteratur vor
1469 2000 2502 2054 delnden Männergestalten vergessen, Aber Schnitzler
2508 2001 3373 2055 immer zwölf Uhr schlägt, wacht sie im Muse##
419 2010 1460 2092 etwa zehn Jahren zu den unbedingten Erfordernissen
1466 2032 2502 2105 hat nicht wieder einen Vorwurf gefunden, der
2506 2044 3368 2104 auf und verkündet, trotz Dolch und Mord im
413 2063 1451 2113 jugendlichen Dichterruhms gehörte. Unsere Dichter
1464 2071 2490 2135 seiner Eigenart so lag, wie dieses stimmungsvolle
2499 2088 3325 2155 zu Florenz, dem werbenden Geliebten an
414 2103 1460 2170 wurden ungemüthlich, wenn man sie nicht auch als
1465 2118 1607 2172 Stück.
1652 2121 2495 2193 Seine Fehler und Schwächen wurden
2504 2136 3360 2191 ein Stelldichein. Es wäre lächerlich, diese F
411 2151 1454 2207 unsere Don Jnans ästimirte. Der Inhalt des zykli¬
1450 2152 2408 2226 deutlicher, seine Vorzüge verloren sich in Manier.
2509 2166 3371 2236 nur im entferntesten mit den tiefsinnigen Ges
417 2193 1460 2260 schen Bühnenbildes, welches Schnitzler entrollte, be¬
1543 2193 2492 2267 Nachdem der Künstler mit dem österreichischen
2495 2219 3348 2278 der Seelenwanderung in Zusammenhang zu
414 2232 1445 2289 stand in einem ziemlich faden Frage= und Antwort¬
1456 2232 2495 2316 Offiziersdrama „Freiwild“ eine sanfte, aber energische
2508 2245 3309 2318 Das Stück, welches mit einem, übrigens
415 2270 1444 2327 spiel zwischen Anatol, dem Tämchen seines Herzens
1451 2293 2490 2363 Ablehnung gefunden hatte, kehrte er zum Einakter
2495 2296 3357 2352 dem bekannten schweizerischen Dichter Widma
404 2312 1445 2375 und einem gleichgesinnten Genossen Anatols. Die
1457 2331 2498 2395 zurück. Von den drei Einaktern, welche vor drei
2498 2349 3365 2404 wendeten Traum=Szenenwechsel zwischen Mod
404 2360 1445 2421 Atmosphäre war erfüllt von Patschouli, Iris und
1462 2382 2489 2434 Jahren zur Wahl standen, hat das Publikum aber nur
2495 2383 3362 2434 Renaissance arbeitet und dadurch einen R
399 2404 1447 2451 Blang=Ylang. Nur von Zeit zu Zeit, wie ein lichter
1457 2417 2488 2482 einen gekiest: „Den grünen Kakadu.“ Indeß auch
2505 2421 3367 2494 erfolg erzielt, ist vollständig leer und inhaltlo
401 2449 1447 2515 Streifen blauen Himmels an einem wolkendunklen
1447 2460 2495 2515 dieses bizarre, groteske, und zurechtgemachte Vexirbild
2496 2455 3331 2517 Figuren sind so unlebendig und wächsern
401 2487 1444 2535 schwülen Sommertag, brach ein Hauch von Natur, An¬
1448 2504 2492 2566 aus der Vorzeit der französischen Revolution schlummert
2499 2510 3347 2568 Titel, der aus Panoptikum erinnert. Leicht,
408 2531 1442 2597 muth, Grazie durch und machte den Aufenthalt in
1451 2549 2480 2601 heute schon den Schlaf der Ungerechten in den Theater¬
2490 2543 3364 2618 Frau sündigt und gesündigt hat, ist interessan
405 2564 1444 2637 diesem von schweren Seidengardinen verhängten und
1449 2585 1651 2640 archiven.
1652 2592 2482 2653 Ein Drama im großen Stil: „Der
2500 2603 3368 2673 sie zur Sünde kommt, das allein ist für den
395 2609 1443 2679 mit üppigen Polstermöbeln gefüllten Junggesellen¬
1452 2630 2484 2694 Schleier der Beatrice“ blieb Lesestück. Die kleinen
2498 2629 3067 2700 und Psychologen von We.h.
404 2654 1433 2734 Gemach Anatols, wenn auch nur für Augenblicke, er¬
1455 2673 2488 2729 Mittel und der große Stil stehen in einem unver¬
2575 2667 3356 2739 Gift und Dolch waren an dem Publik
404 2691 594 2760 träglich.
1452 2721 2489 2777 einbaren Gegensatz zu einander. Schnitzler dachte an
2487 2725 3347 2788 Deutschen Theaters eindruckslos vorübergegan
493 2722 1434 2789 Aber Schnitzlers Anatol wurde erst bekannt, nach¬
1454 2755 2479 2816 Schmocks Worte: „Schreiben Sie tief!“ Aber er
2494 2761 3357 2828 dritten Einakter „Die letzten Masken“ wirk
390 2773 1443 2852 dem der Wiener Tichter seinen stärksten und ehrlichsten
1444 2783 2485 2860 fand den Ton nicht, welcher die Menschen erhebt, wenn
2487 2802 3361 2863 Hein auf natürliche Weise und erzielte einen
405 2823 1432 2878 Bühnenerfolg mit „Liebelei“ errungen hatte. In
1451 2847 2473 2895 er die Menschen zermalmt. Nicht einmal Sprachkunst
2497 2849 3352 2906 Erfolg. Die Szene spielt im Spital, welches
401 2859 1439 2938 diesem Drama hatte der Künstler einen erheblichen
1445 2867 2481 2945 bewährte er in diesem Versdrama, Alle Figuren des
2495 2891 3336 2955 der Arzt von Beruf ist, genau studirt hat. E
404 2912 1428 2972 Fortschritt gemacht. Die feinsinnige Anmuth, die
1447 2928 2473 2978 Stückes reden den gleichen, abgeblaßten, verwischten
2491 2935 3351 2996 vom Leben zerbrochener Kerl hat in der To
400 2948 1443 3001 wehmuthvolle Stimmungsmalerei, der leise Hang zur
1441 2962 2470 3044 Versdialekt, sodaß man in einem Meer monotoner und
2492 2975 3333 3042 das brennende Bedürfniß, dem Todfeind
389 2985 1439 3061 Melancholie, welche in Schnitzlers Frühwerk nur kurz
1438 3000 2200 3062 verstiegener Phrasen unrettbar ertrinkt.
2491 3019 3342 3078 maligen Freund seinen Zorn und seine Verach
386 3031 1429 3083 und sporadisch aufgetaucht waren, vereinten sich in
1525 3056 2478 3116 In seinem neuesten Einakterzyklus „Lebendige
2489 3062 3354 3120 Gesicht zu schleudern. Beide sind Littera
381 3064 1429 3137 diesem dreiaktigen Bild aus dem Leben Jung=Wiens
1449 3076 2476 3161 Stunden“ welcher in dieser Woche über die Bretter
2495 3099 3357 3171 Sterbende verkannt und ohne Erfolg, der Lebs
392 3121 1435 3172 und der Welt zu einem träumerischen Moll=Akkord
1440 3129 2481 3203 des Deutschen Theaters ging, ist Schnitzler zu seiner
2484 3149 3351 3204 wohl ein fader Geselle, von rauschendem
382 3157 973 3224 von ergreifendem Klangreiz.
984 3165 1425 3235 Ein durch Thränen
1439 3174 2468 3240 ersten Kunstform zurückgekehrt. Ou revient tonjours. —
2488 3194 3353 3243 verwöhnt. Ein Geheimniß ruht in der B
393 3194 1422 3272 lächelnder Humor glänzte über dem Drama.
1442 3218 2469 3279 Er scheint den Ehrgeiz zu haben, sich zum Einakter¬
2497 3234 3355 3283 Sterbenden: Die eigene Frau des unverdient B#
386 3232 1422 3313 Er milderte das Tiestraurige des Vorgangs,
1445 3267 2467 3332 Spezialisten auszubilden. Oder sollte in dieser ewig
2474 3266 3346 3349 hat dessen Werthlosigkeit erkannt und dem besc
382 3286 1431 3363 den Gegensatz zwischen dem jungen anatolähnlichen
1440 3299 2471 3365 wiederkehrenden Art, kleine Szenchen zusammenzubasteln,
2479 3310 3356 3377 aber bedeutenderen Freunde zwei Jahr
390 3328 1428 3397 Helden, der nur liebelt, und dem einsachen
1437 3348 2466 3412 das Geständniß der Unfähigkeit zu Größerem, Weit¬
2479 3363 3348 3412 angehört. Das soll nun der in Glanz und
380 3367 1423 3441 schlichten Mädchen aus dem Volke, dieser Christine,
1433 3391 2469 3461 ausgreifendem liegen? „Lebendige Stunden“ heißt
2490 3402 3357 3465 Schwelgende jetzt erfahren, damit ein tiefer un
375 3407 1428 3460 welche in der resoluten, und doch weichen, hingebungs¬
1430 3438 2466 3495 legitimer weise der erste der vier Einakter. Richtiger
2477 3445 3342 3497 störbarer Schatten auf sein Leben falle und
372 3457 1415 3519 vollen Art, ihr Herz in Liebe auszuströmen, an Klär¬
1429 3479 2465 3527 würde man ihn „Todtgeboren“ nennen können. Die
2476 3484 3329 3546 Sterbenden beneide. Aber der Edelmuth
386 3501 1427 3571 chen und Gretchen erinnerte. Schnitzler war in der
1437 3517 2466 3581 Idee ist roh. Um den dichterisch veranlagten Sohn an
2487 3520 3343 3580 Geöße siegen. Als der arme Todeskandidat
383 3524 1424 3615 Liebelei eine unendlich ergreifende Variation auf die
1427 3555 2456 3622 der Emtfaltung seiner Schwingen nicht zu hindern,
2477 3571 3358 3634 genannten großen Mann in seiner Erbärmli
379 3584 1413 3645 unendliche Melodie gelungen, in welcher die Dichter
1434 3596 2461 3664 tödtet sich die opferfrudige, an schwerem Siechthum
2485 3611 3340 3668 sich sieht, bleibt er stumm. Er, der vom L#
379 3634 1413 3686 aller Zeiten die Liebe zwischen dem Prinzen und der
1435 3640 2462 3689 darniederliegende Mutter durch Gist, weil sie zu merken
2469 3646 3349 3714 siegte, fühlt sich Sieger. Auch in diesem
375 3671 1411 3739 Hirtin besungen haben. Soziale Klüfte thun sich
1432 3676 2468 3738 vermeint, daß der Sohn die Last der kranken Mutter
2477 3692 3347 3758 welches in der Gestalt des „großen Schriftstel
373 3707 1416 3772 auf; aber die Liebe überbrückt sie. Doch die zarte
1425 3710 2463 3777 schwer empfindet. Das Opfer dünkt dem „genialischen“
2467 3733 3334 3794 psychologisch wahrste Figur der vier Einakter
372 3740 1409 3820 Blume der Liebe muß welken am Gegensatz der Lebens¬
1425 3758 2449 3826 Sohn fast selbstverständlich. Die entgegengesetzte
2475 3781 3340 3844 stören Inkonsequenzen. Wird der edelmüthige,
379 3787 1411 3868 sphären der verschiedenen Lebensauffassung, der tren¬
1420 3798 2449 3874 Auffassung vertritt ein alter Freund der Mutter.
2470 3816 3349 3883 so Großdenkende jemals, besonders in der
368 3838 744 3910 nenden Schicksale.
1404 3839 3331 3950 Das soi-disant-Drama besteht in einer Unterredung, da alles Vergängliche zum Gleichniß wird,
2979 4104 3334 4174 S
