3484 4384
1169 -2 1215 47 7
1230 -21 1309 58 1
1308 -3 1500 61 unde
367 11 2023 121 d SZyklus
2176 -2 2637 95 box 21/2
2646 428 2912 531 Seite 47.
1788 500 2931 603 Saison empor. Don Lebenskomödien erzählen die Spiele“
799 491 1637 640 Die Theaterwoche.
1787 574 2920 638 Schnitzlers. In ernsten und in spottenden Glossen behandeln
1783 611 2923 683 sie jenes künstlerische Schaffen, das aus dem eigenen Erlebnis
720 616 2279 715 Im April 1896 wurde die echt wienerische Komödie „Liebelei“, alsbald Worte schmiedet.
640 660 1785 746 von Arthur Schnitzler (Porträt S. 54) zum erstenmal im Berliner
1833 691 2923 766 Eine Mutter hat sich in Pelikanzärtlichkeit getötet, um
649 715 1785 782 Deutschen Theater aufgeführt. Damals waren uns Hofmanns¬
1786 737 2920 816 ihren erschlafften Sohn durch den Lebensschmerz zu neuer
637 742 1785 836 thals verträumte Elegien noch nicht bekannt, und Schnitzlers
1780 776 2925 855 Künstlerthat auf; stacheln. Eine Dame, die ihrem Galan
645 794 1780 885 Schauspiel mit seiner wienerischen Anmut und Lebenswärme
1783 823 2920 896 ein Stelldichein zu geben bereit ist, erlebt vor einem Gemälde
639 844 1771 927 überraschte. Wien war ja für uns die längste Zeit passiv
1783 887 2920 942 „Die Frau mit dem Dolch“ eine warnende Traumvision.
639 888 1780 975 geblieben, so weit es moderne Bühnenbestrebungen galt. Wie
1776 914 2919 992 (Dergl. die untenstehende Abbildung) Aber sie wird
638 926 1779 1011 so oft, war man in der ersten Ueberraschung bereit, Schnitzlers
1784 957 2917 1038 zihren Gatten doch betrügen. „Justament", sagen die
630 978 1778 1049 kommenden Dichterruhm zu vergrößern. Manchmal hat
1776 1000 2930 1078 Wiener. Tiefer als diese geflissentlich pointierten Stückchen
1940 1110 2482 1214 TRNTAURATRTRAAR
692 1040 1098 1211 anensen
1867 1090 1934 1204 2
988 1181 1115 1239 n
2130 1178 2431 1277 Wermiepegr Tre POh
2562 1240 2644 1338 90
1813 1296 1925 1375 60
2568 1358 2715 1444 4
1796 1572 1912 1704 2
2593 1783 2674 1867 220
2014 1813 2140 1903 A
2041 1870 2121 1953 F
849 1971 1037 2074 Weealt
681 2012 994 2108 IU Su
2567 1974 2676 2112 14
2446 2062 2538 2137 4
1490 2243 1616 2294 —
1495 2247 1837 2342 ——  #5
998 2107 1150 2318 4
1468 2290 1540 2357 a
1472 2350 1606 2431 Sr
781 2267 867 2435 2
1121 2378 1212 2447 S
700 2368 803 2453 #
899 2610 1160 2703 IR APCARTI
2008 2678 2510 2771 Dehg ic
2265 2731 2358 2778 TNAA·
856 2703 1057 2808 S
2261 2737 2488 2820 ee
1196 2790 1587 2888 S
2536 2836 2605 2895 S
1907 2820 2209 2918 Bin SAA
688 2842 1098 2939 keonhard (Richard Hahn).
1192 2867 1646 2937 Remigio (Otto Sommerstorff).
2012 2904 2405 2965 Pauline (Irene Triesch).
651 2924 2812 3000 Von der Erftaufführung des Sinakterepklus „Lebendige Stunden“ von Arthur Schnitzler im Deutschen Cheater in Berlin am 3. Januar:
1211 2984 2256 3066 Die Hauptscene des Schauspiels „Die Frau mit dem Dolch“.
1359 3029 2096 3110 Originalzeichnung für die „Woche“ von E. Tucuel.
586 3088 1718 3171 Schnitzler seither versucht, nach energischeren, tragisch umwehten
1718 3114 2859 3202 reicht die Komödie „Letzte Masken“. Ein verbitterter
588 3141 1717 3223 Dorwürfen auszugreisen, zumal im Drama „Vermächtnis“;
1732 3172 2862 3259 Zeitungsschreiber will seinem Freund, dem Dichter, einer
587 3203 1719 3259 er erlahmte mitten auf dem Wege. Ihm ist die Kraft nicht
1727 3219 2865 3305 Schwindelgröße, die Wahrheit geigen, ehe er im Hospital
591 3231 1720 3326 gegeben. In seinem engeren Künstlerreich herrscht die Lanne;
1727 3265 2844 3340 stirbt. Als aber der Dichtersmann in all seiner Er¬
582 3278 1721 3364 die heiterbewegliche liebenswürdig sinnende, wie die
1725 3300 2857 3395 barmungswürdigkeit kommt, verzichtet der Journalist auf
596 3321 1717 3397 schwermütig= empfindsame Lanne. Ein wenig aufschluchzen,
1738 3355 2856 3424 seine letzte Nache. Wozu auch? Es lohnte sich wohl! Er
592 3372 1721 3440 dann wieder alsbald lächeln, in Lebensfreude oder in heiterer
1731 3391 2847 3483 überläßt den Freund ungestört den Eitelkeiten und der täg¬
586 3411 1704 3491 Resignation! Anc#nenen Einakter „Lebendige Stunden“
1729 3443 2584 3519 lichen Lebensangst um den erheuchelten Ruhm.
579 3466 1713 3514 die zum erstenmal im Berliner Deutschen Theater gegeben
1790 3484 2851 3563 Ein lustiges Satyrspiel zum Schluß — echte wienerische
578 3485 1712 3569 wurden. sind lannige Spiele. In zweien der Einakter giebt sich
1717 3503 2854 3591 Hänselei, spöttelt mit Witz über Kaffeehauslitteraten beiderlei
589 3541 1715 3635 die Lanne mit kühlerer Berechnung gepaart; in zweien erscheint
1724 3577 2840 3651 Geschlechts und hatte fast noch mehr Glück, als die „Letzten
580 3580 1715 3665 sie ungezwungen und künstlerisch sieghaft, und da wachsen
1724 3612 2856 3693 Masken“ Fräulein Ireue Triesch, Albert Bassermann,
581 3640 1718 3706 dann die Komödien beträchtlich über die Witzspielereien und
1712 3667 2853 3750 Rudolf Rittner und Mar Reinhardt bestanden mit großen
582 3675 1709 3767 das Schnickschnackbehagen der trivialen Komödien in unserer
1709 3705 2182 3774 schauspielerischen Ehren.
