3532 4384
342 -9 551 88 16.1
554 -18 1984 128 Lebendige StundenZuklus
809 1070 1280 1163 Telephon 12801.
466 1162 1668 1243 Ncx. Welgl’s Unternehmen für Zeitungs-Ausschnltte
1367 1238 1670 1318 Ausschnitt
661 1280 1295 1375 „OBSEKVE
1473 1294 1746 1390 Nr. 28
314 1355 1760 1449 I. österf. behördl. conc. Bureau für Zeitungsberichte u. Personalnachrichten
549 1422 1553 1526 Wien, IX/1, Tünkenstrasse 17.
728 1494 1367 1581 Filiale in Budapest: „Flgyelö“ -
322 1569 1761 1641 Vertretungen in Berlin, Chicago, Genf, London, Newyork, Paris, Rom, Stockholm.
310 1678 1631 1861 Ausschnitt, aus: (athiene eltag (Sn
657 1756 866 1850 0770
326 1843 532 1923 vom:
665 2222 979 2285 n Wionen.
567 2235 1707 2312 Wie.., 7. Mai. (Eig. Drahtber.) Das Gastspiel des Ber¬
535 2312 1704 2351 liner Deutschen Theaters begann im Karl=Theater vor aus¬
536 2346 1703 2400 verkauftem Hause mit dem Schnitzler=Abend. Beschämenderweise
537 2387 1687 2438 hatte keine Wiener Bühne bisher „Lebendige Stunden“ ge¬
541 2417 1715 2477 bracht; es gab Beifall nach allen vier Einaktern. Echten Erfolg
529 2465 1687 2517 hatten nur die beiden Schlußstücke „Literatur“ und „Die
540 2502 1711 2554 letzten Masken“. Die „Dame mit dem Dolch“ befremdete,
535 2544 1708 2591 war auch unglücklich inszeuirt. Schauspielerische Sieger war
541 2582 1702 2651 Bassermann; am wenigsten gefiel Fräulein Trieshh. Schnitzler
295 2587 400 2674 Für
410 2621 1386 2687 50 Z wurde wiederholt demonstrativ hervorgerufen. —
1519 2625 1694 2741 Torto.
398 2688 508 2741 200
399 2730 509 2780 500
1497 2727 1688 2785 Zahlbar
1295 2748 1462 2803 „ 110.—
1151 2755 1215 2808 „
381 2759 527 2822 1000
332 2781 381 2829 „
1310 2760 1713 2850 „ 200.—] im Voraus.
422 2793 1734 2894 Im Gegensatze zu anderen Bureanx für Zeitungsansschnitte ist das
299 2855 1377 2932 Abonnement durch keine bestimmte Zeitdauer begrenzt; —
1372 2878 1749 2934 auch stcht es den
310 2902 1616 2981 Abonnenten frei die aufgegebenen Themen zu ergänzen oder zu ändern.
421 2962 1744 3039 Der „OBSERVER“ veranstaltet täglich einen Auszug enthaltend die
285 3037 1736 3098 Inhaltsangabe aller wichtigen Mitthellungen der Wiener Morgen¬
291 3074 1724 3137 blätter (Tagesjournale ausser „Neue Freie Presse“ und „Wiener Zeitung")
297 3105 1732 3164 wodurch eine Uebersicht über das gesammte pellitische und wirthschaftliche
298 3150 1728 3217 Leben des In- und Auslandes in drastischer Kürze geboten wird. Diese Mit¬
300 3195 1331 3254 theilungen werden in Wien um 9 Uhr Früh verschickt.
620 3266 1406 3356 Prospecte gratis und franco.
2157 22 2593 125 box 21/3
2321 1109 2787 1212 Telephon 12801.
1951 1213 3154 1285 Alex. Welgl’s Unternehmen für Zeitungs-Ausschnitte
2943 1276 3166 1350 Ausschnitt
1980 1277 2115 1372 05
2765 1277 2888 1396 74
2164 1293 2809 1428 „OBSERYER
2988 1335 3234 1427 Nr. 21
1824 1398 3274 1489 I. österr. behördl. conc. Bureau für Zeitungsberichte u. Personalnachrichten
2043 1474 3058 1559 Wien, IX/1, Tünkenstrasse 12.
2228 1542 2858 1619 Fillale in Budapest: „Figyelö“
1826 1628 3275 1686 Vertretungen in Berlin, Chicago, Genf, London, Newyork, Paris, Rom, Stockholm.
1824 1739 2356 1826 Ausschnitt aus:
1817 1880 2350 1992 vom:2
2085 2307 3004 2424 a—th. Wien, den 6. Mai. (Privat-Tele¬
2059 2388 2983 2465 gramm.) Artyur Schnitzlers Eingctercyelus
2059 2418 2992 2505 („Lebendige Stunden“ wurde im Carltheater
2049 2466 2985 2543 durch das Eusemble des Berliner „Deutschen
2046 2515 2981 2613 Theaters“ mit großem Erfolge erstmalig aufg
2034 2558 2227 2626 geführt.
2291 2593 2814 2682 bezugs-beumgunger!
1815 2664 2996 2744 Für 50 Zeitungsausschnitte (Artikel oder Notizen) Kr. 15.—
3013 2662 3235 2754 inclusive
1921 2711 2025 2757 100
2868 2715 3002 2780 28.—
3036 2735 3205 2785 Porto.
1921 2749 2031 2802 200
2863 2756 2996 2805 50.—
3025 2762 3226 2823 Zahlbar
1921 2791 1966 2831 1
2804 2777 2966 2853 , 110.—
2551 2775 2615 2854 2
2833 2792 3246 2885 200.— im Voraus.
1914 2816 2053 2886 1000
1941 2846 3266 2923 Im Gegensatze zu anderen Bureaux für Zeitungsausschnitte ist das
1828 2919 3268 2967 Abonnement durch keine bestimmte Zeitdauer begrenzt; — auch stcht es den
1827 2962 3145 3036 Abonnenten frei die aufgegebenen Themen zu ergänzen oder zu ändern.
1940 3014 3261 3080 Der „OBSERVER“ veranstaltet täglich einen Auszug enthaltend die
1829 3077 3253 3136 Inhaltsangabe aller wichtigen Mittheilungen der Wiener Morgen¬
1836 3120 3243 3175 blätter (Tagesjournale ausser „Neue Freie Presse“ und „Wiener Zeitung")
1847 3163 3268 3207 wodurch eine Uebersicht über das gesammte politische und wirthschaftliche
1844 3198 3267 3249 Leben des In- und Auslandes in drastischer Kürze geboten wird. Diese Mit¬
1848 3238 2852 3289 theilungen werden in Wien um 9 Uhr Früh verschickt.
2135 3324 2926 3415 Prospecte gratis und fanco.
