3484 4320
1982 191 2453 282 box 2175
298 198 1991 313 16.1. Lebendigtunde—zpklus
2417 1223 2698 1307 e
780 1277 1975 1351 So wie der Frühling wieder kommt und des Alten Gärtchin
190 1279 789 1354 miteinander. Da starb die Hof¬
1974 1289 3159 1353 heute“ allerdings lediglich, um sofort zu sehen, wie der spieß¬
789 1327 1965 1389 wieder blüht, so pulsiert das warme Leben auch weiter und
177 1328 779 1389 üblicke schien es Haushofer, als
1985 1335 3171 1407 bürgerliche Otto Ernst mit stumpfer Klinge sicht, während
794 1372 1970 1428 kümmert sich nicht um die Schatten der Toten. Das ist alles
180 1374 785 1424 t dahingegangen. Nun kommt ein
1982 1383 3173 1440 Schnitzler sein gespitzte Pfeile absendet und in dem einen kleinen
791 1408 1969 1472 sehr schön, aber streng lyrisch und zu wenig dramatisch, also eine
174 1419 790 1480 eder sucht ihn der Verstorbenen
1978 1428 3167 1488 Akt an kräftiger Satire weit mehr leistet als jener den ganzen
797 1455 1976 1514 Auseinandersetzung zum Lesen, aber nicht zum Darstellen und
175 1462 782 1524 s ein Dichter, auf. Die Hof¬
1984 1472 2256 1537 Abend lang.
802 1501 1973 1548 deshalb hat auch dieses Stückchen nirgends erwärmen wollen
168 1490 785 1569 de einen Brief hinterlassen mit
2087 1513 3159 1572 Nun wird der Leser vielleicht auch wissen wollen, warum
793 1541 1969 1610 und nirgends Erfolg gehabt und deshalb haben die Wiener
173 1544 787 1621 hat sich selbst den Tod gegeben,
1979 1544 3172 1615 das Ganze Lebendige Stunden“ heißt. Die Frage ist allerdings
790 1591 1609 1645 Gäste Recht gehabt, es einfach wegzulassen.
196 1591 791 1651 und zwar aus Liebe zu ihrem
1980 1602 3170 1668 nicht so leicht zu beantworten. Darüber haben sich schon manche
189 1637 784 1689 e einem schweren Siechtum ent¬
895 1627 1978 1694 Auch das zweite einaktige Schauspiel „Die Frau mit
1980 1643 3163 1698 Leute den Kopf zerbrochen, die über Schnitzlers „Lebendige
177 1674 779 1739 Krankheit dem geliebten Jungen
795 1679 1978 1733 dem Dolche“ scheint uns nicht übermäßig geglückt zu sein.
1985 1693 3171 1749 Stunden“ zu schreiben hatten, aber alle ihre Erklärungen scheinen
799 1718 1978 1777 Pauline ist die Frau eines gefeierten Dichters, der ihr nicht
181 1721 790 1780 jeude nehmen, ihn zur Untätigkeit
1983 1736 3169 1793 nicht ganz zuzutreffen. Wir haben diejenige Stelle aus dem
789 1767 1972 1813 immer treu geblieben, dem sie aber bisher die Treue bewahrt
184 1766 780 1818 des Sohnes bringt sie nun ihr
1985 1778 3175 1842 Stückchen angeführt, welche man als ein Motto für den ganzen
791 1803 1962 1866 hat. Aber sie flirtet doch mit dem jungen Leonhard und trifft
186 1808 785 1873 Haushofer zürnt ihr ob dieser
1974 1812 3170 1881 Zyklus annehmen könnte, aber das ist im Grunde genommen
789 1855 1975 1910 sich mit ihrem Geliebten in einer Gemäldegalerie. Dort dringt
184 1859 793 1909 sie nicht an ihn gedacht, dem sie
1989 1875 3165 1922 doch zu wenig, wenn ein Dichter vier Akte schreiben würde, um
799 1898 1977 1952 er in sie und erbittet sich ein Stelldichein. Es ist der Tag nach
174 1898 790 1953 kliebte Freundin hätte sein können
1981 1904 3162 1955 den Satz zu beweisen: Der Lebende hat recht, oder, wenn man
794 1937 1970 1994 der glänzenden Premiere eines Stückes ihres Mannes, in welchem
174 1940 783 2002 ft er die Wahrheit brutal dem
1979 1946 3167 2016 vielleicht besser sagen könnte, daß der Lebende nicht dem Toten
792 1974 1975 2041 dieser Mann sein Verhältnis zu seiner Frau dramatisch derart
168 1987 777 2042 liest ihm den Brief vor und
1978 1994 3173 2055 zum Opfer fallen darf. Dies als verbindender Gedanke läßt
798 2027 1976 2084 verarbeitete, daß jeder Bekannte sofort die Originale erkennen
170 2031 777 2084 blicke ganz geknickt. Dann aber
1980 2048 3169 2100 sich auch nur mühsam aus den vier Stücken herausdestillieren.
797 2069 1976 2129 konnte. Er macht ein neues Stück aus dem Schmerze seiner
174 2075 785 2134 ote ist nun tot, für ihn heißt es
1984 2081 3177 2145 Dagegen kehrt immer ein Gedanke wieder nämlich das
796 2108 1981 2165 Gattin, behauptet Leonhard, und ihr ganzes Schicksal bedeute
178 2112 777 2182 fffen, um zu beweisen, daß seine
1985 2126 3163 2184 Leben, und zwar das eigene Leben, die eigene Persönlichkeit als
802 2159 1970 2219 für ihn nichts anderes als eine Gelegenheit, seinen Witz oder
176 2159 780 2218 hn gestorben. Da sagt der alte
1984 2170 3167 2232 künstlerisches und dichterisches Modell. Aus Stunden, die für
804 2204 1970 2259 sein Genie zu zeigen, und seine wie ihre Geheimnisse gibt er
171 2206 790 2266 einrich! Vor einem Monat hat
1988 2204 3171 2269 ihn lebendig waren, die er erlebt und durchgelebt, schafft der
795 2239 1976 2288 dem Pöbel preis. Trotzdem erklärt Pauline, ihrem Gatten treu
187 2240 782 2305 du kannst so reden? Für dich
1986 2266 3169 2315 Künstler und der Dichter seine Werke. Dazu würde dann das
791 2286 1980 2347 bleiben zu wollen, und weist Leonhard zurück. Da fallen ihre
162 2297 786 2353 u gehst hin und schüttelst es von
1987 2302 3158 2364 erste Stückchen einen akademischen Prolog, eine bloß dialogisierte
796 2332 1977 2394 Augen auf ein altes Bild aus der italienischen Renaissance, die
173 2337 788 2412 Tagen nimmst dus vielleicht hin,
1985 2348 3169 2405 Vorrede bilden. In der „Frau mit dem Dolche“ sieht der
795 2372 1978 2425 Frau, die einen Dolch hoch erhoben in der Hand hält. Diese
190 2378 782 2445 gewesen? Hab ich nicht Recht;
1988 2399 3159 2453 Maler, wie wir erzählt haben, in seiner Frau Paola, die ihren
792 2415 1971 2477 Frau mit dem Dolche sieht ihr selbst sehr ähnlich und, in den
160 2424 784 2483 dere? Hochmutig seid Ihr — das
1978 2423 3176 2487 Geliebten vor den Augen ihres Gatten tötet, nichts als das
800 2460 1971 2519 Anblick dieses Bildes versunken, erscheint Pauline wie in einem
167 2469 791 2523 oßen wie die Kleinen! Was ist
1984 2473 3168 2529 geeignete Modell für sein Bild und auch die moderne Pauline
802 2503 1971 2558 visionären Traume die Geschichte dieses Weibes mit dem Dolche.
160 2514 784 2576 und wenn du das größte Genie
1983 2524 3157 2580 gibt ihren Gatten, einen Dichter, auf, weil dieser mit ihr ein
790 2547 1981 2616 Der Schauplatz verändert sich plötzlich vor unseren Augen und
157 2565 789 2621 ne Stunde, so eine lebendige
1988 2566 3154 2625 Verhältnis sozusagen lediglich als Studienzweck für seine Dichtung
795 2591 1978 2655 das, was Pauline im Geiste sieht und denkt, das sehen wir
166 2600 782 2654 ktter hier auf den Lehnstuhl ge¬
1973 2616 3159 2665 betreibt. Im dritten Stückchen finden wir die Gedanken aller¬
803 2635 1976 2702 plötzlich vor uns: ein Maleratelier der italienischen Renaissanre.
155 2640 782 2707 t, oder auch geschwiegen — aber
1982 2657 3153 2706 dings bei Nebenpersonen verkörpert, vornehmlich in dem Schau¬
799 2683 1965 2735 Paola, die Frau des großen Künstlers Remigio, hat während
177 2682 788 2739 sie hat gelebt, gelebt!“ Heinrich
1991 2698 3165 2753 spieler, der in der kalten Oede des Krankenhauses nach Modellen
793 2728 1972 2785 seiner Abwesenheit dessen Schüler Lionardo ihre Liebe geschenkt.
172 2729 788 2795 ge Stunden? Sie leben doch nicht
1987 2743 3156 2792 für seine Bühnenschöpfung sucht, und auch der vom Publikum
802 2771 1965 2828 Aber beim Erwachen aus dem kurzen Liebestaumel sieht sie,
164 2768 778 2838 ihr# erinnert. Es ist nicht der
1982 2782 3168 2838 belächelte Weihgast geht mit den Worten aus dem Kranken¬
788 2807 1979 2874 daß sie sich weggeworfen hat, denn wie viel höher steht ihr
172 2813 778 2881 Stunden Dauer zu ver¬
1983 2833 3169 2905 hause, indem er zu dem Arzte sagt, es habe ihn ge¬
796 2852 1979 2914 Gatte, der große Künstler, über seinen unbedeutenden Gehilfen!
442 2856 789 2921 Leben Sie wohl,
169 2860 453 2924 hinaus. —
1985 2876 3163 2938 freut, diesen bei der Arbeit zu belauschen: „Es war
798 2895 1976 2953 Und als Remigio zurückkehrt, da klagt sie sich selbst des Treu¬
204 2900 783 2966 gibt Ihnen heute noch das
1985 2920 3173 2979 mir überhaupt in vieler Beziehung interessant.“ Im
789 2939 1980 3012 bruches vor dem Gatten an. Aber auch dem Meister scheint
169 2947 778 3002 Im Frühjahr, wenn Ihr Garten
1979 2954 3167 3023 vierten Stückhen dreht es sich direkt um die These, wie
802 2983 1968 3047 Lionardo zu armselig für seinen Zorn. Ohne die Hand gegen
167 2994 786 3068 ir uns wieder. Denn auch Sie
1984 3007 3163 3057 weit ein Schriftsteller das Selbsterlebte der gesamten Leserwelt
799 3033 1967 3086 ihn zu erheben, weist er ihn einfach hinaus; noch erbärmlicher
1977 3046 3168 3100 bringen darf, soll oder muß. Darinnen, glaube ich, steckt der
790 3076 1968 3138 steht dieser in den Augen Paolas da und so ergreift sie selbst
150 3054 782 3130 nte Gegenüberstellung: die gebende
1990 3091 3163 3150 verbindende Zug, der die vier Einakter Schnitzlers miteinander
793 3118 1973 3180 den Dolch, der im Atelier liegt, und stößt ihn Lionardo in den
157 3121 784 3184 be der Jugend, die Opfer verlangt
1985 3133 3163 3193 verknüpft. „Solchen lebendigen Stunden Dauer zu verleihen“
797 3159 1943 3209 Leib, daß er tot zusammensinkt. In Remigio aber erwacht in
153 3167 789 3228 agen. Schließlich hat das Lebende,
1972 3162 3163 3239 darauf kommt es an, sagt im Prologstückchen der junge Dichter
187 3204 2184 3277 das Tote und das V gangene. dem Augenblicke der Maler, nur der Maler allein. Er vergißt, Heinrich.
2614 3223 3161 3287 Dr. Karl v. Görner.—
