3484 4320
2123 196 2585 303 box 21/2
303 197 1987 318 16.1. Lebendige Stunden zyklus
1121 846 1254 952 178
1606 856 2046 963 Theater=Korrespondenz.
1122 957 2518 1065 bloß eine Flucht vor dem zu kalten Ofen. Oder: Der moderne Theater¬
1118 1025 2528 1127 dichter hat sich in die Einsamkeit begeben, denn: „der Dichter bedarf
1119 1091 2523 1171 der Einsamkeit.“ Er will seine Seele frei machen in der Ein¬
1119 1142 2527 1207 samkeit, am „Busen der Natur genesen“ und die reine Stimme der Muse
1109 1209 2514 1280 vernehmen. Die Muse redet aber nicht. Die Einsamkeit wird verdammt lang¬
1124 1251 2521 1321 weilig, die Seele, die nicht schaffen kann, wird von Melancholie befallen. Also
1110 1316 2528 1390 auf in die Stadt! Denn: „der Dichter, der moderne Dichter, muß sich vom
1120 1361 2519 1430 Strom des lebendigen Lebens umfluten lassen, er muß unter die Menschen gehen,
1112 1411 2514 1493 unter die modernen Menschen, wenn er sie begreifen und treu darstellen
1104 1480 2508 1556 will.“ Im Hause, auf seinem Schreibtisch, haben sich die Einladungen ge¬
1107 1526 2521 1620 häuft: Bälle, Diners, Soupers, Konzerte, wohlthätige Veranstaltungen.
1110 1584 2518 1659 Das Leben lockt, das Leben winkt. Und er folgt der Lockung. Und es
1112 1614 2513 1718 ist süß — das „digito monstrari“; es wärmt, in das Krenzfener brennender
1103 1695 2521 1762 Damenblicke genommen zu werden; es thut wohl, sich als der Erste, der
1111 1724 2514 1812 Gefeierte, der Berühmte zu fühlen. Das beftügelt sogar die Phantasie, das
1107 1793 2507 1881 stachelt die Nerven. Das Ichgefühl erwacht und damit sogar eine Art Fähig¬
1105 1843 2515 1933 keit zu neuem Können. Wirklich, am folgenden Tage im Arbeitszimmer
1094 1895 2514 1969 beginnt die Arbeit, nicht aus dem Drang des Herzens heraus, nicht aus der
1107 1947 2504 2030 Fülle einer Seele, die eine Welt umschließt, sondern aus der Koketterie
1092 1995 2516 2094 des eitlen Ichs mit dem „modernen Zeitgeist". Und dann erhalten wir
1098 2060 2499 2145 die Stücke, bei denen aus jedem Wort die selbstgefällige Visage des Ver¬
1106 2119 2514 2188 fassers hervorlugt und hinter dem gesprochenen Dialog der Schauspieler
1102 2166 2506 2256 hören wir den Monolog des Antors: „Ich — der erfolggekrönte
1095 2216 1274 2276 Dichter-
1268 2227 2511 2301 — Ich geruhe zum Volke zu reden.“ Bumsfallera: jedes Wort ein
1097 2264 1383 2331 Kanonenschuß.
1189 2323 2509 2414 Da solch ein modernes Theaterschriftstellerdasein in dem Zwiespalt
1101 2382 2495 2470 zwischen Geschäftsnothwendigkeiten und eitlen Dichterillusionen von Lannen
1091 2450 2506 2513 gepeinigt, von Nervenanfällen gemartert wird und unstet hin und her
1094 2485 2498 2571 taumelt, erklärt sich auch der geradezu erschreckende Mangel an Geistes¬
1083 2550 2496 2633 bildung. Die Geistesschätze des deutschen Volkes existiren für dieses Leben
1096 2603 2494 2680 gar nicht. Denn es fehlt die Ruhe und die Kraft, die selbstlose Hingabe.
1086 2648 2487 2733 die nöthig sind, um sich z. B. in einen großen Philosophen oder Historiker
1091 2700 2497 2791 zu vertiefen. Was haben Goethe und Schiller und Hebbel und
1086 2776 2494 2832 Ludwig auch außerhalb der Dichtkunst gekonnt, gewußt und geleistet! Ein
1081 2822 2495 2893 moderner Theaterschriftsteller kann nicht zehn Seiten Geisteswissenschaft
1090 2866 2483 2948 selbständig produziren. Diese mangelnde Bildung hat eine gar nicht so
1091 2918 2489 3014 leicht wiegende Folge. Sie trennt nämlich den Schriftsteller von der
1077 2969 2492 3067 deutschen Bildungswelt, im besonderen von deren offizieller Vertretung, dem
1086 3038 2452 3113 Professorenkreis der Universitäten. Schiller und ein deutscher Professor —
1076 3086 2484 3154 wie identisch sind sie vielfach! Hebbel und Otto Ludwig haben ihren Platz
1081 3145 2491 3224 auch in der deutschen ästhetischen und literarischen Wissenschaft. Die
1073 3204 2479 3279 modernen Theaterschriftsteller sind außerhalb des Theatergeschäfts ohne
1082 3235 2479 3331 Bedeutung. Vom Kreise der deutschen Bildung sind sie so gut wie aus¬
1073 3290 2495 3392 geschlossen, nicht mit Absicht natürlich und nicht formell und offiziell, aber
