3484 4192
2180 166 2604 265 box 21/3
365 170 2030 263 16.1. Lebendige Stunden Zuklus
2338 913 2799 1007 Telephon 12801.
874 1002 1349 1092 Telephon 12801.
1949 1005 3207 1086 Alex. Welgl’s Unternehmen für Zeitungs-Ausschni..
2960 1068 3198 1138 Ausschnitt
502 1093 1695 1172 Alex. Welgl’s Unternehmen für Zeitungs-Aussehn..
2185 1089 2872 1217 „OBSERVER“
3018 1138 3262 1226 Nr. 39
1508 1155 1751 1223 Ausschnitt
1857 1201 3303 1280 I. österr. behördl. conc. Bureau für Zeitungsberichte u. Personalnachrichten
733 1172 1404 1314 „OBSERVER‘
1562 1217 1809 1305 Nr. 43
2083 1271 3102 1352 Wien, IX/1, Türkenstrasse 17.
388 1299 1821 1371 I. österr. behördl. conc. Bureau für Zeitungsberichte u. Personalnachrichter
2250 1339 2889 1409 Filiale in Budapest: „Figyelö“-
612 1356 1642 1438 Wien, IX/1, Türkenstrasse 17.
1848 1401 3291 1477 Vertretungen in Berlin, Chicago, Genf, London, Newyork, Paris, Rom, Stockholm.
800 1422 1449 1502 Filiale in Budapest: „Figyelö“ —
397 1491 1833 1567 Vertretungen in Berlin, Chicago, Genf, London, Newyork, Paris, Rom, Stockholm
1852 1543 2377 1619 Ausschnitt aus:
2478 1512 3138 1708 Sorsencamer
393 1634 933 1713 Ausschnitt aus:
992 1654 1324 1759 Mag
1849 1675 2426 1794 vont 7107
1543 1708 1723 1795 nient
385 1718 1026 1856 vom: 770 —
2118 1968 3139 2037 Unser Wiener Correspondent schreibt uns:
2068 1997 3126 2085 Es war ein freudiges Willkommen, welches den hier
701 2023 1734 2102 F. S. Wiener Theater. Wien, den 8. Mai. Gestern
2075 2056 3130 2121 außerordentlich beliebten Künstlern des „Deutschen
621 2072 1729 2126 Abend begann das Berliner Deutsche Theater“ sein
2077 2096 3128 2165 Theaters“ gestern im Carl=Theater bereitet wurde.!
634 2100 1737 2188 hiesiges Gastspiel im Carl=Theater mit Schnitzler's
2068 2137 3113 2208 Und wenn der Willkommengruß vielleicht etwas ge¬
640 2148 1742 2225 „Lebendigen Stunden“. Die vier Einakter des Wiener
2069 2185 3118 2255 dämpft klang, so lag es daran, daß das Publikum
635 2186 1742 2268 Poeten waren für Wien eine Novität. Schnitzler ist hier in
2062 2217 3109 2290 dem obwohl von echter dichterischer Kraft erfüllten,
626 2232 1744 2315 gewissen Kreisen „persona ingrata“, zumal seitdem er
2065 2263 3110 2334 aber au dramatischen Elementen nicht eben über¬
630 2269 1748 2348 durch seine Novelle „Leutnant Gustl“ den österreichischen
2062 2302 3107 2369 reichen vierblätterigen Kleeblatt, welches Arthur
632 2305 1734 2380 Offizierstand gegen sich alarmirt hat. Auch ist er seit der
2074 2345 3118 2414 Schnitzler reichte, doch etwas fremd gegenüber stand.
637 2345 1722 2420 sehr nachträglichen Ablehnung seines „Schleiers der Beatrice“
2066 2383 3106 2450 Schnitzler schafft eben aus dem Vollen seiner Natur
637 2374 1729 2451 mit der Direktion des Burgtheaters überquer. Kurz, ver¬
637 2418 1739 2496 schiedene Umstände trugen dazu bei, daß die „Lebendigen
2062 2426 3109 2495 heraus, er klügelt nicht, und legt nicht das Hauptge¬
1827 2455 1948 2522 Für
2058 2466 2719 2529 wicht auf den Bühneneffekt.
644 2456 1746 2526 Stunden“ in Wien keine Bühne fanden und daß ein Berliner
2845 2471 3273 2536 sind feine, sclusive
1943 2497 2044 2541 100
636 2491 1743 2576 Theater sie nach Wien importiren mußte. Dieser eigenthüm¬
2059 2522 3233 2577 zartabgetömte, psychologische Melieuschilderungen, Porto.
1956 2538 2048 2581 200
521 2532 637 2604 50 20
386 2531 512 2601 Für
644 2537 1736 2615 lich zugespitzte Sachverhalt gab der gestrigen Première die
2049 2563 3249 2613 welche die „Lebendigen Stunden“ uns von der Bühne Jahlbar
1936 2575 2050 2619 500
498 2579 612 2631 100
639 2571 1753 2653 Signatur. Das Wiener Publikum zeigte darin deutlich, daß
3106 2593 3279 2657 Voraus.
2061 2589 3097 2658 herab vermitteln, und kreist in ihnen das Blut auch
1879 2611 2043 2676 „ 1000
511 2623 617 2672 200
633 2620 1748 2693 es sich auf die Seite Schnitzler's stellt. Der Beifall war
2062 2634 3308 2700 nicht gar stürmisch, so muß doch jede feinempfindende ist das
1966 2654 2046 2708 Im
505 2667 620 2714 500
638 2657 1735 2734 groß und oft geradezu demonstrativ. Der vortretende Dichter
1728 2680 1817 2727 us
2054 2674 3316 2769 Natur wahre Freude empfinden an der Kraft undspt es den
1853 2685 2040 2751 Abonneme
488 2695 618 2765 1000
651 2692 1741 2767 wurde förmlich bejnbelt. Und doch sind die vier Einakter,
2068 2711 3178 2797 Fülle des Ausdrucks, über welche Schnitzler auch in ru.
1850 2741 2043 2795 Abonnent
656 2724 1789 2806 die die da zu einer erzwungenen Einheit mit einander ver¬ g
523 2752 624 2802 Im
2058 2755 3098 2833 den vier so grundverschiedenen Einactern verfügt.
657 2772 1813 2840 bunden werden, eine mindere Leistung des begabten d.
409 2786 650 2845 Abonnement
2040 2790 3296 2882 Voll eingeschlagen hat „Literatur“ dieses geist=hltend die
1960 2819 2051 2875 De
655 2814 1750 2878 Poeten. Das erste Stück, das dem Ganzen den Namen giebt,
403 2832 649 2890 Abonnenten
2046 2834 3296 2899 reiche, neckische von liebenswürdiger Malicejorgen¬
1850 2846 2048 2920 Inhaltsan
646 2845 1751 2924 vermochte nicht einmal vor diesem wohlwollenden Publikum
2061 2880 3296 2960 erfüllte und von modernstem Geiste getragene Bohême=Zeitung")
1859 2906 2045 2955 blätte
653 2885 1745 2961 etwas zu wirken. Bei der „Frau mit dem Dolch“ setzte man
518 2883 624 2976 De¬
2045 2922 3303 2989 stückchen, welches allerdings von Frl. Irene Trieschsehaftliche
1853 2941 2038 2999 wodurch
650 2928 1745 3006 sich dafür um so leichtherziger über die darin enthaltenen
2054 2965 3301 3039 mit unversiegbarer, köstlicher Lanne, und von Herrn Diese Mit¬
1841 2974 2044 3031 Leben de
659 2968 1745 3034 Verkünstelungen hinweg, da man doch endlich einmal
2046 2996 3080 3070 Bassermann mit überrumpelnder Wahrheit ge¬
669 3007 1761 3076 klatschen wollte. Der etwas dubiosen Tragik der „Letzten
1849 3022 2045 3081 theilunge
506 3003 654 3081 en eit
2046 3037 3083 3107 spielt wurde; ihnen schloß sich Herr Rittner an,
648 3047 1756 3124 Masken“ gab man sich willig gefangen; aber ganz unbe¬
493 3069 649 3123 en des
2045 3087 3099 3164 dessen unnachahmliche echtfarbige Leistung als Gilbert
661 3094 1761 3179 fangen=warm wurde man doch erst bei der Schluß=Posse
419 3107 664 3175 neilungen
2041 3120 2529 3184 verdienten Beifall fand.
655 3130 1766 3193 „Literatur", deren feingewürzte Satire man genußvoll
651 3165 1763 3223 schlürfte. Die Darstellung, hie und da etwas eintönig,
2097 3160 3119 3247 Volle Anerkennung wurde auch Herrn Rein=
656 3204 1771 3273 sprach gleichfalls an; insbesondere fand das vielseitige Talent
2045 3208 3100 3281 hardt zu Theil, der sich sowohl als der alte vergrämte
654 3250 1483 3331 Albert Bassermann's lebhafte Anerkennung.
2038 3247 3095 3319 Beamte in „Lebendige Stunden“ wie als der Moriens
2033 3285 2110 3347 in
2106 3293 3095 3360 „Letzte Maske“ als ungewöhnlich intelligenter
2031 3328 3102 3401 maßvoller, und über prächtige Gemüthstöne verfügender
2034 3380 3087 3435 Künstler erwies. Vortrefflichen Eindruck machte auch
2029 3404 3097 3476 Herr Oscar Hofmeister, den man ja auch von
2034 3446 3083 3522 seiner Thätigkeit am Wiener Burgtheater her kennt,
2044 3494 3101 3579 dessen schlichte, kurz angebundene, natürliche Dar¬
2040 3535 3086 3589 stellung des Sekundärarztes in dem Krankenhaus¬
2028 3568 2717 3637 stückchen treffliche Wirkung übte.
2722 3582 3101 3649 Schnitzler hatte
2028 3618 3085 3685 einen starken persönlichen Erfolg und wurde vom
2025 3657 3087 3729 zweiten Stücke ab wiederholt stürmisch hervorgerufen.]
2816 3707 2972 3777 S. L.
