3484 4256
315 95 1997 193 16.1. Lebendige Stunden— Zyklus
737 263 1753 434 „OBSERVER“ Nr. 73
347 392 1805 523 I. österr. behördl. conc. Bureau für Zeitungsberichte u. Personalnachrichten
539 474 1646 613 Wien. IX, Türkenstrasse 17.
767 568 1437 678 Filiale in Budapest: „Pigrelde —
368 602 1818 747 Vertretungen in Berlin. Chicago, Genf, London, Newyork, Paris, Rom, Stockholm.
370 796 897 881 Ausschnitt aus:
381 936 933 1052 vom 75/7 „01
777 1327 1638 1463 Feuilleton.
911 1483 1523 1589 Berliner Theaterbrief.
495 1542 1906 1655 „Lebendige Stunden“. („Lebendige Stunden" — „Die Frau mit dem
494 1595 1897 1682 Dolche. — „Die letzten Misen“ — Literatur") Vier Einakter von Arthur
498 1624 1139 1697 Schnitder (Deutsches Toeater.)
1155 1649 1905 1726 — Ernst v. Wolzogen's „Buntes
486 1669 1899 1763 Theater“ in der Kövenickerstraße — Des lustgen Ebeminns Glück und Ende.
606 1707 1899 1796 tto Julius Bierbaum und der Krach des Trianon=Tbeaters.
486 1758 1904 1848 — „Die Wohlthäter“, Lastsoiel in sum Alten von Adolf L'Arronge.
1035 1797 1350 1868 (Lessina=Theater)
590 1824 1903 1924 Den „Schleier der Beatrice“ bekommen auch wir Berliner nicht
468 1874 1852 1981 zu sehen. An solcher Aufgabe erlahmt wie Schlenther's Wagemuth,
475 1923 1899 2036 der seines früheren Schlachtgenossen Brahm, und man begnügt sich,
476 1977 1895 2067 weil Schnitzler doch immerhn eine der letzten Säuten der allen
455 2007 1892 2126 zralistichen Pracht ist mit der Aufführung seiner „Lebendigen
447 2067 1892 2176 (Stunden“ die er Handvoll erklügelter und mühselig ausgefeilter
470 2115 1891 2227 Einakier. Aus dem Tode sprießt junges Leben auf. Gerade der Tod
472 2155 1876 2268 weckt das Leven. Und Tod ist häufig lebendiger als das Leben,
468 2224 1887 2313 zumal wenn es sich äffish spreizt und in theatralischer Aktionspose
468 2264 1880 2363 seine Kraft verpulvert Das erste von den vier Stücken, in denen
470 2295 1877 2405 Schnitzler sein neues Stück gibt, varurt das Thema von der Dame
464 2344 1872 2460 Stieglitz, die sich erschoß, um ihrem Gatten eine Nerornerregung
455 2386 1867 2492 und damit schöpferisches Vermogen zu bescheeren. Bei Schnitzer
457 2453 1880 2554 begeht Mütterchen Selbstmord weil sie weiß, daß ihre langwierige
462 2485 1879 2608 Krankheit alle Arbeitsfreude des Sohnes gelähmt hat. Aber ich fürchte,
466 2537 1864 2650 ihr Opfer war umsonst. Dieser molluskenreiche Schwätzer von Sohn
449 2580 1874 2685 würde selbst durch eine Hekatombe nicht zum Aoler werden. Weiter
458 2640 1860 2736 als in den „Lebendigen Stunden“, die dem Cyklus seinen Namen
453 2683 1861 2796 gegeben haben, spannt Schnitzler die Scthwingen in der „Frau
439 2735 1863 2834 mit dem Dolche". Aber auch hier bleibt das Erlebniß todt;
446 2791 1863 2883 statt des packenden Wirklichkeitebildes sehen wir eine er¬
441 2829 1862 2934 zwungene, kalte Künstelei. Wir vermögen nichts gegen unser
451 2886 1853 2984 Schicksal, so lehrt der Poet. Im dunklen Drange folgen wir unserm
442 2924 1852 3033 Stein; ob er uns in Sumpfe oder auf gosdene Auen führt, wir wissen
447 2977 1861 3059 es nicht und können wenig dazuthun. Eine Dame hat sich in der
440 3017 1853 3123 Gemälbegalerie6 entscheidende Stelldichein mit dem Jüngling
439 3083 1845 3170 gegeden, an den sie nur neugieriges, flüchtiges Inieresse, keine Liebe
441 3113 1849 3221 bindet. Gemeinhin benützt man ja Budermuseen nicht zu zärtlichen
428 3158 1844 3265 Verabredungen, do es dort keine Sicheryeit vor Besuchern und Dienern
434 3207 1855 3321 mbt Schnitzler braucht inden das Gemälde der Frau mit dem Dolche,
426 3260 1843 3354 um seine Tie#e zu entwickeln. Die Eyebrecheren sieht träumend in
426 3294 1841 3404 diesem Bude ihr Schicksal Des berühmten Malers Remigio Frau
427 3339 1838 3452 schenkie während der Abwesenheit des Gatten einem Fant ihre Gunst,
426 3389 1838 3484 um ihn am nächsten Morgen zu erdolchen und dem Betrogenen Alles
421 3457 1830 3541 zu gestehen. Remigio sagte kein Wort, sondern malte nur — malte
423 3489 1637 3573 die später hochverühmt gewordene Frau mit dem Dolche.
1700 3532 1844 3592 „Ich
414 3529 1835 3643 komne heut Abend,“ flünert Madame dem überglücklichen Knaben zu,
417 3581 1831 3679 als sie aus langem Traum erwacht. So klar die Symbolik dieser
423 3629 1827 3738 Siene ist, so wenig reißt ihre Pantasiefülle hin. Sie fügt sich
415 3680 1828 3776 zu einem übersinnlich poetischen Spiele, das sich doch nur an
419 3728 1829 3823 unsern Intelleke wendet, die stillen Gefilde des Gemüthes da¬
422 3774 1816 3868 gegen nicht berührt Plastischer ringt sich der Grundgedanke
417 3817 1825 3918 des Dichters in den „Letzten Masken“ durch. Ein armes
415 3846 1821 3972 Talent will im Allgemeinen Krankenhause zugrunde gehen. Da erfaßt
409 3908 1827 4019 ihn kurz am Verlöschen das dämonische Begehren, der aufgeblasenen
415 3953 1837 4070 Tazesgröße soundso, dem ehemaligen Freuade, seine wilde Verachtung
409 3999 1821 4111 ins Gesicht zu schleudern. Den Hohlkopf im Innersten zu treffen da¬
407 4050 1807 4145 dnrch daß er ihm von einer verbotenen Liebe erzählte, der seine Frau
2137 102 2581 193 box 21/2
1928 1366 3355 1466 mit der „japanischen Duse“ an ihrer Spitze — sie vermochten die ins
1923 1403 3353 1517 Wanken gerathene Schlochtlinie nicht wieder herzustellen Noch immer
1923 1462 3355 1557 fehlen die pomphaft angekündigten Ueberraschangen, der Ersatz für den
1935 1529 3343 1610 „Lustigen Ehemann“, der vor Jahresfrist die öde Sezessionsschrune am
1932 1560 3344 1657 Alexainderplatze bis auf den letzten Sitz füllte. Und auch der Verfasser
1924 1606 3343 1689 des „Lustigen Ehemannes“, der übrigens Gottfried August Bürger
1911 1645 3337 1754 gar nicht sehr frei benutzt hat. ist mit seinem Trianon=Theater dröhnend
1914 1719 3331 1805 abgefallen. Otto Julius Bierbaum nahm einen abscheulichen Saal,
1911 1751 3336 1853 dessen Fortsetzungen sich unter Stadtbahndögen verkriechen, und machte
1913 1792 3334 1895 aus dem Ganzen einen unheimichen Horst des Pienegeiers.
1923 1840 3330 1943 Wer zärtlich Trianons gedenkt, der galanten, von alten Bäumen
1910 1909 3332 1990 umrauschten, weihergeschmückten Stätte. der vermeide ängstlich, den
1909 1943 3330 2033 Jammerakt zu schauen, weichem Bierbaum einen so lockenden Namen
1908 1991 3329 2093 gab Die Dardielungen machten leider dem Saal alle Ehre. Feine
1910 2047 3325 2126 Lyrik, Sommungszaubereien und Menuetie passen schlecht zum
1904 2077 3327 2182 Knattern und Rollen von Stadtbahnzügen — und doch hätte lieblicher
1907 2120 3316 2233 Musensang das brutale Gersuich der Großstadt vergessen machen.
1906 2176 3325 2280 Otto Julius Bierbaum fand jedoch keinen Diesser Mit Ausnahme
1891 2231 3315 2332 des hübschen, nur allzuviel versprechenden Prologes den Sie neulich
1901 2268 3319 2354 hier abdruckten, erwies sich jede Nummer als Riete. Ein ganz undra¬
1897 2313 3318 2418 matisches, geziertes „Singspielchen“ in drei Aufzügen besiegelte die
1896 2363 3319 2476 Niederlage Man schrie und lachte in das Veregeklingel hinein und
1886 2403 3325 2517 der Backpflaumenmann, der in dem Singspielchen die ausgiebige
1894 2468 3304 2562 Hauptrolle mimte, dürfte Gott dafär danken, daß der weihnachtliche
1889 2510 3308 2608 Massenverbrauch an Aepfeln die Zuhöree daran hinderte, ihn ver¬
1885 2556 3302 2682 schwenderisch mit dieser auf der Bühne sehr unbeliebten Frucht zu
1891 2601 2120 2676 beschenken.
2002 2656 3298 2742 Von wirklichen Novitäten ist, wie gesagt, in Folge des Ueber¬
1874 2694 3297 2798 brettltanmels diesmal kaum etwas zu sehen gewesen. Sogar das
1879 2743 3301 2853 königliche Schauspielhaus, das sonst am Syloesterabend regelmäßig eine
1879 2789 3296 2891 lustige Neuheit herausbringt, griff heuer auf Shakespeare zurück. Blos
1874 2841 3294 2939 im Lessing=Theater gab man sich den Anschein, als lasse man alle
1873 2888 3292 2991 Puppen tanzen. Adolf L'Arronge erschien mit einem Drama „Die
1865 2942 3290 3037 Wohlthäter“, welches uns für neu verkauft wurde, sich jedoch schon im
1868 2993 3295 3084 ersten Akte als ein dünner Aufguß früherer Thee=Ernte des beliebten
1870 3033 3311 3132 Unfors erwies (Nissel's „Wohlthater“, sein Erstling, behandelt
1868 3075 3288 3174 dieselbe Idee.) Die Wohlthäter, das sind Menschen, deren bedauerns¬
1868 3125 3280 3234 werthe Opfer Tag für Tag vorgerechnet bekommen, was sie dem gütigen
1861 3174 3279 3278 Geber Alles verdanken Selbst die Poulards mit Spargel, die der
1862 3219 3286 3318 junge Held fröglich zu Mittag verspeist, sind eine Wohlthat und aus
1857 3266 3288 3370 der Tasche des Sdwiegervaters bezahlt Entsetzlich seufzt und stöhnt
1864 3316 3302 3425 der Heid unterm Jo he. Und keine Aussicht, es abzuschütteln! Glück¬
1850 3352 3283 3464 licherweise hält L'Arronge für so verzweifelte Fälle immer eine Erb¬
1853 3410 3264 3509 schaft, eine Transojalm ne oder ein mit Banknoten bis an den Rand
1847 3458 3272 3558 gefülltes Portefeu lle bereit. In den „Wohlthätern“ war er sogar
1852 3512 3274 3599 ariginell; hier erwischt der Gequälte zwischen dem vierten und fünften
1852 3538 3274 3661 Akte eine anglaublich gut bezahlte Siellung, die es ihm ermöglicht,
1848 3591 3265 3698 seine Drangiliter aus dem Hause zu werfen und sich auf eigene
1847 3638 3258 3743 Kosten in Poulards mi Spargel zu vertiefen Es war ein genußreicher
1844 3693 3257 3790 Abend, aber nur für den, der noch nie etwas von L'Arronge genossen
1839 3733 3246 3830 hat. Zum achtenmale aufgewärmie Ponlards mit Bruchspargel. Die
1832 3786 3251 3872 Poularos: biedermeierisch langwierige Szenenführung mit grausam all¬
1840 3836 3255 3931 töglichem Diasog; der Bruchspargel: L'Arronge'scher gemüthooller
1820 3862 3246 4000 Humor ... Es war kein genußreicher Abend, Sie dürten es mir
1822 3922 2041 3989 glauben.
2583 3950 3207 4038 Richard Nordhausen.
2272 3987 2426 4081 —
