3436 4320
2057 177 2501 284 box 21/2
250 186 1911 308 16.1. Lebendige Stunden  zyklus
408 1343 2051 1434 14##. 624 76 762 143093 182 86 ] 94 (1000 575 62; 45 859 927
2742 1329 3280 1421 Im Gewinnrade verblieven:
390 1445 1535 1518 Form entrollt. Alles in diesem Einacter klingt gemacht; es ist
1542 1454 2671 1513 Zorn und seine Verachtung ins Gesicht zu schleudern. Beide
2680 1447 3312 1518 der mißbrauchten Liebesbriefe in d
386 1496 1528 1556 Schreibtisch=Problemdramatik schlimmster Sorte. Keine Spur
1541 1496 2671 1558 sind Literaten; der Sterbende verkannt und ohne Erfolg, der
2683 1500 3311 1563 schen Novelle, in der der schriftstellern
396 1541 1541 1599 dichterischen Eingehens, liebevoller Vertiefung in die Charaktere,
1538 1543 2676 1603 Lebende, obwohl ein fader Geselle, von rauschendem Triumph
2676 1556 3320 1626 an seine Frau zu Novellenzwecken fah
1542 1599 2675 1653 verwöhnt. Ein Geheimniß ruht in der Brust des Sterbenden.
384 1590 1529 1664 zwei hölzerne Figuren, mühsam herausgeschnitzelt und mit un¬
2677 1595 3315 1673 sind es Menschen, die geschildert
395 1639 893 1711 möglichen Farben bemalt.
1544 1645 2670 1702 Die eigene Frau des unverdient Berühmten hat dessen Werth¬#
2678 1635 3311 1717 Karrikaturen, die anwidern. Ein
1539 1685 2675 1750 losigleit erkannt und dem bescheidenen, aber bedeutenderen
470 1660 1537 1752 Auf diese jammervollen Männergestalten folgt die „Frau
2677 1702 3309 1762 geistvolle Bonmots über die mod
399 1740 1537 1796 mit dem Dolche". Sie ist der uralte Typus der Ehebrecherin
1547 1744 2677 1809 Freunde zwei Jahre lang angehört. Das soll nun der in Glanz
2668 1738 3325 1811 können den als Ganzes unwahren
397 1783 1539 1839 nach französischem Muster. In einem Museum, das sie als
1542 1790 2678 1873 und Wonne Schwelgende jetzt erfahren, damit ein tiefer und
2666 1784 3314 1858 der Posse nicht erträglicher mache
389 1833 1537 1886 Rendezvous=Platz benutzt, macht sie der Liebhaber auf die
1542 1836 2671 1905 unzerstörbarer Schatten auf sein Leben falle, und er den
2669 1836 3305 1912 über diese herz= und hirnlosen
390 1885 1538 1941 Aehnlichkeit zwischen ihr selbst und einem alten Renaissance¬
1549 1880 2669 1941 Sterbenden beneide. Aber der Edel uth und die Größe siegen.
2663 1879 3321 1963 amüsiren. Von dem befreienden
389 1933 1540 1986 bild: „Die Frau mit dem Dolch“ aufmerksam. Sofort schlägt
1541 1916 2673 2000 Als der arme Todescandidat den sogenannten großen Mann
2671 1942 3325 2013 jedes rechten Lustspiels sein soll, ist
390 1983 1541 2042 es zwölf Uhr Mittags und sofort träumt die Dame einen
1539 1985 2671 2042 in seiner Erbärmlichkeit vor sich sieht, bleibt er stumm. Er, der
2758 1992 3316 2058 Schnitzlers Grazie, sein wien
387 2021 1526 2080 Renaissancetraum, in welchem sie dem Gatten zu Liebe am
1535 2021 2665 2102 vom Leben Besiegte, fühlt sich Sieger. Auch in diesem Drama,
2676 2013 3315 2108 fortgeweht. Man muß annehmen,
385 2070 1530 2143 Arnostrand den Geliebten erdolcht. Während es noch immer
1542 2073 2665 2150 welches in der Gestalt des „großen Schriftstellers“ die psycho¬
2681 2088 3319 2157 sein Höchstes und Bestes gegeben he
386 2113 1521 2183 zwölf Uhr schlägt, wacht sie im Museum wieder auf und ver¬
1537 2131 2663 2200 logisch wahrste Figur der vier Einacter enthält, stören Incon¬
2667 2132 3318 2209 verzerrt im Ernst, clownartig im S
416 2175 1532 2247 Andet trotz Dolch und Mord im Traume zu Florenz dem
1538 2177 2673 2237 sequenzen. Wird der Edelmüthige, innerlich so Großdenkende
2670 2189 3299 2252 Sphinx des gemeinsamen Titels
382 2227 1523 2283 werbenden Geliebten an der Donau ein Stelldichein. Es wäre
1537 2225 2664 2291 jemals, besonders in der Stunde, da alles Vergängliche zum
2676 2226 3314 2311 demselben Recht könnte ein Schmier
382 2275 1527 2335 lächerlich, diese Farce auch nur im Entferntesten mit den tief¬
1537 2272 2675 2344 Gleichniß wird, ein so aufbäumendes Rachegefühl empfinden?
2952 2277 3321 2352 „Als Verlobte em
378 2328 1533 2384 sinnigen Gesetzen von der Seelenwanderung in Zusammenhang
1532 2311 2678 2389 Theatralisch und unwahr berührt auch ein Auftritt, in welchem
2959 2334 3325 2391 „Das erste Mittag
377 2373 1531 2435 zu bringen. Das Stück, welches mit einem, übrigens schon
1543 2373 2673 2447 Schnitzler den Sterbenden, damit das Publikum das Geheimniß
2877 2356 3313 2461 und „Papa hat's erlau
383 2423 1528 2476 von dem bekannten schweizerischen Dichter Widmann verwendeten
1526 2426 2665 2485 des alten Herrn erfahre, die ganze Rachescene, um sie nachher
2678 2403 3148 2509 unter der Gesammiflagge
380 2472 1531 2519 Traum=Scenenwechsel zwischen Moderne und Renaissance
1540 2468 2676 2543 ordentlich executiren zu können, einem Spitalgenossen vorspielt.
2940 2462 3319 2566 „Ueberselige Stund
382 2510 1530 2573 arbeitet, und dadurch einen Requisitenerfolg erzielt, ist vollständig
1530 2514 2663 2581 Wie kann der feinsinnige Mensch, der so lange geschwiegen und
2663 2494 2915 2594 vereinigen.
384 2556 1535 2638 leer und inhaltlos. Die Figuren sind so unlebendig und
1530 2559 2672 2637 die Ehre der von ihm geliebten Frau des Anderen gehütet hat,
2732 2546 3324 2651 Die beiden letztgespielten Einack
387 2609 1528 2666 wächsern, wie der Titel, der ans Panoptikum erinnert. Nicht,
1532 2612 2671 2684 einem beliebigen Schwätzer diese Ehre preisgeben? Das wirkt
2663 2607 3318 2692 publikum gefallen zu haben. Es
390 2660 1522 2716 daß die Frau sündigt und gesündigt hat, ist interessant. Wie
1534 2662 2669 2719 direct widerwärtig, und bei dem vornehm geschilderten Naturell
2665 2677 3319 2755 den aus Wien herbeigekommenen
379 2705 1524 2785 sie zur Sünde kommt, das allein ist für den Dichter und
1523 2699 2662 2782 des Redenden unglaublich. So wandelt sich selbst in diesem
2669 2716 3301 2789 der Rampe erscheinen. Ob der
383 2746 865 2834 Psychologen von Wertb.
1535 2765 2658 2829 Miniaturdrama, das ergreifend wirken konnte, die innere Wahr¬
2670 2768 3318 2828 Cyclus anhält, muß abgewartet wer
463 2779 1521 2869 Gift und Dolch waren an dem Publikum des Deutschen
1535 2810 2671 2895 haftigkeit zum äußerlichen Effect, der Seelenvorgang zur Schau¬
2672 2821 3317 2888 sind Bassermann, Reinhardt und Ri¬
390 2856 1523 2922 Theaters eindruckslos vorübergegangen. Im dritten Einacter
1538 2858 1729 2921 svielerei.
2667 2876 3315 2935 Irene Triesch, die aus Frankfurt
389 2905 1521 2973 „Die letzten Masken“ wirkt Freund Hain auf natürliche Weise
1612 2901 2653 2973 Kraß und grell ist das Satyrspiel, welches den drei Todes¬
2669 2900 3323 2983 ans Melltsche Theater gekommene K
387 2951 1519 3011 und erzielte einen stärkeren Erfolg. Die Scene spielt im Spital,
1522 2946 2654 3032 dramen angeklebt ist, der Schwank: „Literatur“. Verspottet
2665 2961 3319 3038 in der Doppelrolle der Pauline=Pa
379 3005 1524 3055 welches Schnitzler, der Arzt von Beruf ist, genau studirt hat.
1528 3003 2661 3062 werden die Literaten, welche schreiben, wenn sie lieben, welche
2660 3011 3326 3068 Dolche. Dagegen karrikirte sie da
376 3045 1521 3111 Ein armer, vom Leben zerbrochener Kerl hat in der Todesstunde
1523 3058 2661 3114 aus allen ihren feinsten und intimsten Erlebnissen nur Stoff
2651 3054 3330 3149 letzten Einacters so stark, daß sie no
367 3089 2900 3191 das Bedürfniß, dem Todfeind und ehemaligen Freund seinen! für Lyrik, Epos und Drama zu gewinnen trachten. Das ThemaI Schnitzler.
