3392 4256
257 202 502 312 16.1
1972 191 2429 307 box 21/5
484 203 1981 315 Lebendige Stunden—Zuklus
1523 999 1729 1098 —
1863 1003 2738 1098 5 und zibur auch dann,
2803 990 3344 1116 Es ist wirklich eine sch
686 1041 1720 1148 der Rechtlosigkeit zurücksinken, der ihnen un¬
1706 1050 3329 1142 als sie wußten, daß sie mit dieser Verhinderung Obstruktion! Sie verfehlt,
697 1121 1710 1191 erträglich ge##orden war. Aber alles wurde
1712 1140 2716 1210 nicht den geringsten politischen Erfolg erzielen.
2705 1140 3344 1223 und sie stärkt, was sie vern
696 1180 1716 1247 ihnen abgeschlagen, bedingungslose #eder¬
1716 1190 2716 1263 Da blieb dem Staate nichts übrig, als zur Not¬
2720 1185 3353 1261 allem stärkt sie die Macht
697 1240 1707 1309 herstellung jenes Zustandes wurde verlangt,
1707 1245 2717 1308 wehr zu greifen, und wenn er jetzt die Ver¬
2712 1248 3351 1321 Ungemessene und Unbeschrä
691 1300 1718 1373 dessen Beseitigung die Voraussetzung für eine
1709 1299 2716 1371 mehrung der Rekruten ohne Genehmigung der
2714 1306 3354 1373 schieht genau das Gegenteil
698 1352 1718 1421 gedeihliche Mitarbeit bildet. Und weil es den
1710 1357 2717 1423 Volksvertretung vorzunehmen genötigt ist, so
2714 1360 3333 1424 sie sich echauffiert hat; aus
698 1414 2714 1478 Deutschböhmen nicht möglich ist, sich in Prag besitzt er und die Regierung als sein Organ im
2705 1424 3348 1497 des Staates wird sie zu seine
691 1461 1718 1527 auf Gnade und Ungnade zu ergeben, deshalb
1708 1471 2709 1545 vorhinein die Idemnität in der Zustimmung
2723 1468 3349 1545 absolutesten Form. Was de
694 1525 1717 1574 muß auch der Reichsrat in Wien zerstört
1719 1518 2716 1609 der Bevölkerung, in ihrer Staatstreue und
2703 1520 3355 1593 sich ausgeschaltet hat, verlie
693 1573 1710 1648 werden! Man könnte diese Konsequenz noch
1707 1580 2242 1659 ihrer besseren Einsicht.
2713 1590 3355 1661 beiden andern Faktoren, de
691 1629 1721 1707 zur Not verstehen, wenn unmittelbar auf die
2710 1640 3343 1714 Regierung, zu. Die Macht,
1786 1616 2711 1714 Aber noch etwas andres hat die tschechische
687 1692 1707 1760 deutsche Obstruktion in Prag die tschechische
2712 1685 3358 1760 antwortung. In der viell
1713 1688 2719 1783 Obstruktion versucht, sie hat versucht, den Staat
676 1739 1719 1818 Obstruktion in Wien gefolgt wäre. Seit dem
2712 1751 3351 1824 die vergehen wird, bis wied
1709 1768 2716 1824 auszuhungern, ohne zu bedenken, daß die
1708 1806 1778 1869 min
779 1812 1703 1932 erten erechene enie Seriesteteteten
2792 1865 3332 1934 Am gefährlichsten sind
1706 1869 2719 1925 gesetzten Tendenz schreiben. Und ich glaube,
684 1892 1473 1963 Marco Broeiner Seite 30 vomt 17. März.
2705 1886 3351 1976 Bildner die Schlußworted
1695 1921 2715 1981 Ibsen hat diese Neigung gehabt. Man denke
2714 1965 3340 2029 ins Ohr fallenden kurzen Sätz
1678 1956 2711 2039 nur an den „Volksfeind“, der die Wahrheit bis
1695 2020 2712 2086 zur äußersten Grenze versicht, und an die
2704 2024 3349 2084 tion energisch zusammenfasse
979 2015 1452 2138 Feuilleton.
380 1994 665 2155 Lte
1691 2069 3344 2144 „Wildente“, welche „die ideale Forderung“ so hält sich an diese und sieht in
1696 2119 2095 2204 bitter ironisiert.
414 2103 657 2226 Pn
2720 2128 3336 2198 gedanken, dem zuliebe der #
2724 2173 3330 2256 überhaupt geschrieben hat. K
1783 2172 2721 2241 Im Leben folgt jede Person ihrem
484 2180 1699 2294 ## Die Tendenzin der Dichtung.
2719 2233 3333 2298 den geschickten Franzosen
1690 2206 2717 2297 eigenen Gesetz, und eigentlich haben alle recht.
903 2261 1496 2356 Von Friedrich Adler (Prag).
1708 2286 2718 2347 Und diese Gerechtigkeit will auch der Dichter
2708 2289 3344 2352 folgern verdenken, daß sie du
1698 2335 2715 2391 üben, der den Herzen auf den Grund sieht.
2712 2337 3358 2421 Person ihre These fest an die
776 2328 1700 2404 Das Volk liebt die Tendenz, der Dichter
2707 2387 2911 2465 lassen?
690 2381 2714 2453 schätzt sie gering. Und wenn er auch, wie jeder Meister und Muster in dieser Beziehung bleibt
689 2441 2716 2506 Mensch, durch seine Stellung zu den Fragen Shakespeare, aber ihn, der mit seiner ge¬
2787 2411 3351 2499 An Beispielen für das
692 2495 2709 2555 der Zeit innerlich bestimmt wird, so will er waltigen Kraft alle Theorien niederreißt,
2701 2473 3357 2567 verstehen ist in der dramatisch
682 2537 2715 2598 doch nicht lehren und antreiben, sondern ein möchte ich in die Betrachtung nicht mit ein¬
2714 2549 3344 2613 Mangel. In Hebbels „M
454 2515 700 2654 (##
1700 2593 2717 2648 beziehen: er sprengt jeden Rahmen. Aber auch
692 2595 1705 2680 Ab#ild des Lebens geben, wie es sich in seiner
2712 2605 3348 2681 spricht ber Sekretär die welt
682 2646 2712 2699 Seele gespiegelt hat. Die lauten Tendenz= die besten neueren Dichter wissen, daß alles
2711 2656 3353 2719 „Darüber kann kein Mann
494 2636 624 2760 1.
1706 2699 3359 2788 Lebende dahin strebt, mit sich im Einklang zu dort, wie jeder weiß, ein ge
679 2695 1703 2768 dichter sind immer nur halbe Poeten gewesen.
1702 2747 3358 2807 bleiben, und auch, von wenigen Ausnahmen kann man nicht heiraten. Und
778 2758 1705 2828 Draußen auf dem Markte überzeugt der
677 2803 2714 2856 Redner besser, der mit breitem Nachdruck abgesehen, an sich und seine Sache glaubt. Und
2705 2804 3364 2870 ich gelesen, daß dies Hebbel
689 2864 3351 2920 spricht. Wer die Worte abwägt und feine daher suchen sie auch die Gestalten, zu denen Dichters, eigene Meinung sei
679 2917 3358 2983 Unterscheidungen versucht, verliert die Macht sie selbst im Gegensatz stehen, objektiv auf= wöhnlich dabei: Hebbel sagt.
684 2958 2714 3018 über den Hörer. Nicht besser steht es in der zufassen und hinzustellen, der Natur nach¬
2694 2963 3357 3050 Gegenteil ist der Grundgedank
672 3009 2696 3071 Dichtung, namentlich in der dramatischen, strebend, die auch den Betrügern, Verbrechern,
2707 3016 3353 3089 ein Weib liebt, wirklich liebt,
682 3076 3351 3130 Ein Werk, dem eine Absicht mit auffälliger Narren und Egoisten eine klar umrissene und die Meinung der Welt zu hö
1697 3106 2601 3179 in sich gegründete Existenz gegeben hat.
682 3110 1709 3169 Entschiedenheit aufgeprägt ist — je einseitiger,
2691 3126 3354 3204 auf das eigene Herz. Und d
1785 3160 3345 3217 Aber diese Gerechtigkeit ist kein Segen für ihr alles verzeihen. Oder
687 3166 1710 3229 desto besser —, findet rasch Anhänger. Aber
682 3222 3365 3294 der echte Poet fühlt, daß nichts so unbedingt die Arbeit des Dichters. Seine Gestalten werden Gabler“. Wie viele Frauen ha
1693 3273 3349 3327 mißdeutet und mißverstanden, man wirft ihm sucht, „in Schönheit zu leben
674 3267 1697 3334 wahr ist, um unbeirrt und geradlinig ver¬
1692 3316 2702 3388 Unklarheit und Schwäche vor, rechnet ihm den
685 3331 1692 3387 treten werden zu können. Und wenn er ein
2700 3326 3353 3405 gesprochen! Aber des Dichter
678 3379 1701 3433 Stück geschrieben hat, dem eine Tendenz inne¬
1697 3376 2713 3439 Charakter an, den er geschildert hat, und er ist
2695 3380 3357 3440 in Schönheit zu leben und zu
673 3420 1703 3495 wohnt, möchte er, um das Gleichgewicht in sich
1688 3429 3361 3513 doch nur ein wirklicher Künstler geblieben, der schlicht und ohne Pose sich füm
664 3478 2367 3568 Verzustellen, fast ein Stück mit der entgegen= hinter sein Werk zurücktritt.
2650 3479 3355 3579 opfern. Auch hier kursiert da
