3484 4224
1294 204 1339 255 1
302 191 2010 272 16.1. Lebendige Stunden zuklus
1220 449 1632 537 Telephon 12801.
468 627 1615 737 2 MMmSeIRPTETS
485 717 1631 787 □ l. österr. behördl. konz. Unternehmen für Zeitungs-Ausschnitte
660 778 1519 863 Wien, I., Concordiaplatz 4.
457 852 571 910 *
866 845 1309 913 Vertretungen
519 895 1617 962 0 in Berlin, Budapest, Chicago, Christiania, Genf, Kopen¬
468 945 1624 1000 hagen, London, Madrid, Mailand, Minneapolis, New-Vork,
586 983 1589 1044 Paris, Rom, San Francisco, Stockholm, St. Petersburg.
489 1001 552 1051 0
886 1021 1289 1080 (Quellenangabe ohns Gewahr.)
471 1072 969 1157 Ausschnitt aus:
1418 1073 1591 1183 61.93
487 1142 559 1197 935
793 1140 1093 1224 5- 3 1908
471 1172 718 1256 E vom:
832 1228 888 1306 —
716 1284 1399 1419 Theater und Musik
763 1394 1325 1471 (Siehe auch erste Beilage.)
824 1446 1260 1539 Lessing=Theater
759 1488 1328 1576 „Lebendige Stunden“
737 1551 1333 1625 von Arthur Schnitzler.
641 1595 1504 1665 Der Titel hat seine Berechtigung nachgewie¬
598 1645 1501 1718 sen. In der Tat: lebendige Stunden waren es,
592 1679 1503 1772 die uns der Abend bescherte. Die Neueinstudie¬
607 1710 1506 1788 rung dieses Einakterzyklus — so wie wir sie
601 1750 1498 1820 heute erlebten — bedeutete eine Ehrung für den
594 1795 1506 1874 Dichter wie für seine Schauspieler. Beide ver¬
606 1825 1513 1912 standen, beide ergänzten sich. Es war eine
609 1877 1510 1939 Freude, zu beobachten, wie der Schauspieler,
603 1914 1504 1976 dankbar für diese feinen Dichtergaben, seinen
608 1952 1510 2027 Stolz und seine erlesenste Kunst daran setzte,
599 1990 1505 2052 als Kamerad zu bestehen. Glücklich der Dichter,
596 2032 1157 2115 der solche Kameraden findet.
652 2047 1508 2131 War die Neueinstudierung um Basser¬
598 2102 1514 2184 manns willen geschehen? Weil Kulissen¬
615 2154 1512 2217 späher von ihm berichtet hatten, er würde aus¬
613 2193 1509 2250 gehungert, damit ihm temnächst die fettere Rein¬
620 2221 1518 2289 hardt=Krippe nicht mehr bekäme? Nun, dieser
624 2261 1514 2323 Abend hat dem hlöden Geschwätz ein Ende ge¬
613 2298 1507 2357 macht. In drei verschiedenen Rollen konnte
619 2344 1518 2410 Bassermann sich in ebenso vielen Glanzleistun¬
613 2374 1516 2455 gen zeigen. Als heruntergekommener Melan¬
613 2425 1519 2494 choliker Georg Merklin in „Der Puppenspieler“,
625 2459 1519 2516 als heraufgekommener Sanguiniker Alexander
623 2489 1519 2555 Weihgast in „Die letzten Masken“ und als lite¬
1415 2523 1522 2578 und
633 2541 1374 2599 raturfeindlicher Reinlichkeitsfanatiker
1427 2555 1507 2597 un“
620 2553 1546 2661 Herrenreiter Baron Clemens in „Literatur
633 2635 1531 2732 #### nicht notwendig, auf die einzelnen Lei¬
633 2679 1532 2777 stungen einzugehen. Drei Menschen stellte
632 2711 1524 2809 Bassermann hin, drei Menschen! Trotzdem er
624 2749 1525 2845 wie der selige Paganini nur auf einer Saite
631 2796 1531 2889 geigt; aber in hundert Melodien und Variatio¬
625 2835 1522 2925 nen. Drei Menschen schuf er. Basta! — Neben
620 2864 1502 2965 ihm stand Irene Triesch. In „Literatur“
627 2911 1518 3007 war sie seine Partnerin. Etwas forciert. Sie
613 2943 1520 3043 ist von Haus aus zu klug für diese köstliche naive
609 2988 1507 3091 Rolle. Und so mußte sie in Wirklichkeit Komö¬
615 3023 711 3073 die
727 3024 901 3083 spielen.
930 3046 1079 3097 Aber
1079 3056 1177 3098 in
895 3062 936 3103 7
1224 3065 1500 3130 „Die Frau
607 3060 1511 3155 mit dem Dolch“ — bei der Madonna, das war
606 3101 1507 3203 Renaissanceblut, was sich meldete. — Neben ihr
601 3140 994 3209 Kurt Stieler.
1012 3166 1498 3238 Nie sah ich ihn so
603 3182 1495 3278 gut, so selbstverständlich gut im künstlerischen
604 3222 1508 3320 Sinne. Einfach und stark. Temperamentvoll
588 3258 1496 3351 und knabenhaft glücklich. Als Liebhaber Leon¬
582 3294 1492 3407 hard in „Die Frau mit dem Dolch“ und als
587 3335 1491 3442 Oboespieler Jagisch im „Puppenspieler“. Ganz
586 3374 1489 3475 in der Stille ist sein künstlerisches Vermögen
581 3415 745 3471 gereift.
777 3437 1482 3530 Emanuel Reicher gilts noch
582 3459 1487 3550 rühmend zu erwähnen. Sein sterbender Jour¬
581 3499 1480 3595 nalist Rademacher in „Die letzten Masken“ war
575 3533 1122 3614 ein virtuoses Paradestück.
1199 3572 1476 3634 Und Karl
572 3570 1483 3678 Forest! Der seine unwiderstehliche Komik
575 3612 1475 3716 der Tragik ablauscht und den Humor der Tragi¬
565 3654 1468 3758 komödie ergründete. Als schwindsüchtiger
568 3687 1481 3796 Schauspieler in „Die letzten Masken“ und als
567 3741 1470 3834 moderner Caféhaus=Literat in „Literatur";
558 3772 1460 3881 wenn er auch hier die Groteske an Stelle der
551 3817 1460 3899 Tragik zu schieben hatte. — So gestaltete sich
543 3849 1458 3966 der Abend wieder einmal ### Triumph
564 3883 1251 3976 Für die Kunst des Lessina=Theaters.
989 3956 1464 4046 Rudolf Herzog. 4
2012 181 2463 269 box 2175
2745 1365 3151 1444 Telephon 12801.
1983 1518 3134 1628 2 Gimcrtrerrkre Tr Shrng
2001 1622 3147 1698 O l. österr. behördl. konz. Unternehmen für Zeitungs-Ausschnitte
2150 1670 3046 1764 Wien, I., Concordiaplatz 4.
1968 1716 2090 1799 2
2374 1737 2821 1814 Vertretungen
2001 1799 3150 1865 0 in Berlin, Budapest, Chicago, Christiania, Genf, Kopen¬
1983 1845 3143 1910 hagen, London, Madrid, Mailand, Minneapolis, New-Vork,
2087 1884 3099 1933 Paris, Rom, San Francisco, Stockholm, St. Petersburg.
2386 1921 2797 1981 (Queilenangabe ohne Gewähr.)
1975 1958 2481 2057 5 Ausschnitt aus:
2396 1996 3050 2095 us Anzeiger. Bernin
2195 2034 2522 2124 3: 3 1308
1968 2066 2214 2141 E vom:
2195 2116 2268 2169 1
2280 2174 2770 2262 Theater und Musik.
2356 2237 2737 2310 Lessingtheater.
2001 2282 2976 2357 Das Lessingtheater sucht über die dichterlose, die schreck
1947 2329 2917 2410 Hinwegzukommen, indem es mit älteren Werken seines
1943 2373 2907 2438 wieder einen Versuch macht, denn allein mit seinem präc
1944 2413 2837 2473 zyklus kann es die auf dramatischem Felde herrsch
1938 2461 2812 2505 überstehen. Gestern führte es die Schnitzler
1940 2490 2822 2566 „Lebendige Stunden“ aus dem Jahre 1902
1935 2532 2825 2589 alleiniger Ausnahme des schwachen Dramoletts, das
1942 2567 2811 2633 als Einleitung diente. Dieses war durch den beke
1943 2616 2802 2668 spieler“ desselben Verfassers ersetzt worden,
1943 2650 2751 2701 voller Weise gezeigt wird, wie auch
1954 2680 2782 2764 in der Einbildung selbst dem Schicksal verfällt.
1958 2723 2802 2785 für die Bühne bedeutet nur der Schwank
1955 2767 2802 2829 belustigende satirische Pointe darin besteht, daß
1947 2799 2835 2869 einen und denselben Briefwechsel in ihren gleich
1961 2839 2843 2906 Romanen verarbeitet haben. „Die Frau mit der
1951 2883 2826 2951 Traumszene in einer Bildergalerie, wo die mög
1954 2920 2895 2985 geschichte eines Gemäldes der Betrachterin zur Wirklichk
1953 2957 2968 3018 das in einem Krankenhause spielende düstere Schauspiel
1955 2990 3144 3065 hinterließen trotz trefflichen Spiels keine tieferen Eindrücke. Um die
1954 3019 3173 3103 Darstellung machten sich die Damen Triesch und Gabri, die Herren
1948 3081 2765 3163 Bassermann, Stieler, Reicher, Forest verdient.
2180 3122 2964 3206 Schillertheater O. (Wallnertheater).
