3392 4224
2040 291 2496 388 box 21/3
1197 309 1250 366 I
237 305 1881 403 16.1. Lebendige Stunden Zuklus
1067 1850 2325 1963 * Heir Oscar Braun, von der königl. Hofoper in Berlin, hat den
963 1906 2320 1997 Dabid als Gast gesungen. Ein angestehmes, schmiegsames Organ, vereint mit
956 1937 2333 2050 Routine, froher Laune und Temperament, führten den Künster hier bestens.
971 1985 2325 2087 ein. Ich brauche kaum zu erwähnen, daß beide bisherigen Aufführungen der
974 2023 2334 2125 „Meistersinger“ vor ausverkauftem Hause und unter jubelnder Begeisterung
976 2064 2333 2154 in Scene gingen. Wie ich meine Brünner kenne, kann ich dies von den
980 2126 1889 2210 folgenden Reprisen mit Bestimmtheit vorhersagen.
1100 2125 2330 2228 Dieses Erfolges konnte sich Herr Arthur Schnitzler nicht erfreuen.
984 2183 2335 2278 Für seine „Lebendigen Stunden“ hat hier gleich bei der ersten Wiederholung
979 2224 2330 2312 bereits die letzte geschlagen. Schnitzler arbeitet anscheinend nur mehr mit
980 2270 2343 2364 seinem Renommée. In seinen vier Einactern gibt es viel Effecthascherei,
986 2298 2342 2388 wenig Natürlichkeit, ein bischen Geistreicheln, und einige sehr unterschiedliche
986 2332 2344 2433 Witze. Diesmal hat dieses Recept des dichtenden Arztes seine Wirkung verfehlt.
989 2379 2338 2485 Von den Darstellern dürfen die Pauline der Frau Förster (Die Frau
989 2417 2348 2509 mit dem Dolche), Herr Teller (Rademacher), Herr Frank (Jakwerth)
986 2449 2348 2542 und Hei: Albin (Weihgast) in Die letzten Masken“ und Frau Förster
992 2485 2353 2592 (Margarethe), Herr Charlé (Gilbert) und Herr Werner=Eigen!
2000 2528 2338 2593 M. V K
995 2555 1920 2657 (Clemens) in „Literatur“ lobend exwähnt werden.
1277 2605 2108 2694 0i — Surtagler!
1659 2669 1938 2744 Baiaf—
