3484 4192
1969 186 2449 289 box 21/5
270 192 1973 303 16.1. Lebendige Stunden zyklus
1008 1068 1198 1146 Seite 4
1434 1072 1916 1152 FREIE VOLKSBUHNE
2118 1106 2383 1166 April 1910
1033 1208 2341 1329 Drei Einakter von Artur Schnitzler.
1085 1306 2406 1385 Artur Schnitzler gilt als der eigentliche jungwiener
978 1348 2389 1438 Dichter. Er stammt aus einer angesehenen Wiener Professoren¬
975 1412 2401 1482 familie. Der Einakter -Eine Frage an das Schicksal¬
978 1453 2398 1532 gehört zu seinen ersten Arbeiten. Die beiden Einakter -Die
973 1495 2400 1571 letzten Masken- und -Literaturs sind etwa 15 Jahre
962 1542 2398 1628 später geschrieben. Und so gibt die Gegenüberstellung der drei
961 1609 2389 1692 Einakter auch ein Bild vom Werden und der inneren Entwick¬
966 1641 1398 1707 lung des Dichters.
1085 1693 2402 1770 Artur Schnitzler begann als ein Ironiker, der die galanten
963 1741 2397 1810 Erlebnisse wohlhabender junger Leute zwischen 20 und 30 Jahren
967 1790 2386 1866 zum Thema erwählte. Sein Einakterzyklus -Anatol-, dem die
972 1832 2394 1912 Frage an das Schicksal- entnommen ist, beschäftigt sich mit
970 1883 2392 1951 dem kleinen Gefühlchen junger Lebemänner, denen es in allen
972 1941 2381 2010 Lagen des Lebens vor allem auf die gewisse äussere Eleganz
965 1978 2386 2046 ankommt. Sie sind nicht nur gut gekleidet, sie wollen auch, dass
965 2024 2377 2104 ihr innerer Zustand gut frisiert, nett, liebenswürdig und geschmack¬
970 2083 2381 2129 voll geputzt erscheine. Sie haben alle keine Leidenschaften, aber
956 2123 2385 2193 freundliche, liebenswürdige, nette Empfindungen. Sie haben alle
956 2153 2387 2247 keinen eigentlichen inneren Ernst, aber sie wissen die Hohlheit
951 2216 2379 2281 ihres Daseins ganz liebenswürdig zu verkleiden. Sie lieben nicht,
957 2266 2379 2342 sie haben nur Liebeleien. Sie denken nicht, sie haben nur Ein¬
957 2306 2396 2397 fälle. Sie kämpfen nicht, aber sie haben eine gewisse Gescheitheit,
957 2367 2383 2411 die sich mit allen Verhältnissen des Lebens klug abzufinden
950 2414 2386 2454 weiss. Sie erleben eigentlich nicht viel, aber sie tun sehr erfahren.
950 2457 2380 2524 In ihren kleinen Seelchen ist viel Gelesenes aufgestapelt, und sie
943 2506 2390 2568 haben sich auch eine hübsche melancholische Locke zurechtgelegt,
942 2541 2383 2630 den gewissen schmerzlichen Zug, der eine Zeitlang in Jungwien
945 2597 2379 2665 so modern war. Sie haben keine tiefe, innige Verbindung mit den
950 2640 2388 2708 Frauen, die sie lieben, aber sie wissen das und sind immerfort
945 2689 2382 2770 darauf gefasst, dass ihre kleinen Abenteuer zerfallen und in
953 2734 2383 2800 Wind vergehen. Zu diesen wohlhabenden, eleganten jungen
952 2774 2366 2873 Leuten aus der Bourgeoisie gehören kleine Theaterdamen, liebens¬
945 2835 2369 2914 würdige Tänzerinnen, unverstandene Ehebrecherinnen, kurz: ge¬
944 2893 2384 2960 übte, kluge, graziöse Liebhaberinnen, die auch äusserlich immer
945 2932 2368 3006 anständig und elegant aussehen. Aus diesen kleinen Anatol-Ein¬
946 2974 2380 3061 aktern von Artur Schnitzler ist der seelische Zustand der jungen,
953 3014 2374 3113 wohlhabenden Wiener Bourgeoisie, wie sie in den Achtzigerjahren
948 3074 1571 3147 war, leicht zu konstruieren.
1058 3111 2375 3179 Nichts spricht mehr für das eigentliche dichterische Wesen
948 3186 2363 3264 Artur Schnitzlers als die Tatsache, dass er selber längst aus dieser
947 3219 2373 3298 oberflächlich-galanten Atmosphäre hinausgewachsen ist. Er ist,
947 3272 2365 3342 um es kurz zu sagen, sittlicher geworden (obwohl er natür¬
933 3300 2367 3389 lich im gemeinen Sinn unsittlich nie gewesen ist), er ist sittlicher
925 3376 2363 3433 geworden, weil er tiefer in die Herzen geschaut hat, weil er, der
2780 3308 2948 3417 unc d
2768 3397 3339 3489 dem ruhigen, unbeirrbarer
