<?xml version="1.0" encoding="UTF-8" standalone="yes"?>
<PcGts xmlns="http://schema.primaresearch.org/PAGE/gts/pagecontent/2013-07-15" xmlns:xsi="http://www.w3.org/2001/XMLSchema-instance" xsi:schemaLocation="http://schema.primaresearch.org/PAGE/gts/pagecontent/2013-07-15 http://schema.primaresearch.org/PAGE/gts/pagecontent/2013-07-15/pagecontent.xsd">
    <Metadata>
        <Creator>prov=University of Rostock/Institute of Mathematics/CITlab/Gundram Leifert/gundram.leifert@uni-rostock.de:name=ONB_Newseye_GT_M1+(htr_id=10810)::::v=2.4.2
prov=University of Rostock/Institute of Mathematics/CITlab/Tobias Gruening/tobias.gruening@uni-rostock.de:name=de.uros.citlab.module.baseline2polygon.B2PSeamMultiOriented:v=2.4.2
prov=University of Rostock/Institute of Mathematics/CITlab/Tobias Gruening/tobias.gruening@uni-rostock.de:name=/mnt/transkribus/LA/DEA/URO/LA_news_onb_att.pb:de.uros.citlab.segmentation.CITlab_LA_ML:v=2.4.2
Transkribus</Creator>
        <Created>2019-10-07T11:35:58.358+02:00</Created>
        <LastChange>2019-10-08T18:58:26.838+02:00</LastChange>
        <TranskribusMetadata docId="223975" pageId="9502268" pageNr="509" tsid="16607061" status="IN_PROGRESS" userId="40391" imgUrl="https://files.transkribus.eu/Get?id=VQWHGELUPDDTVDMRMDJYDVNR&amp;fileType=view" xmlUrl="https://files.transkribus.eu/Get?id=SFZSQFEAFHDFSAIRZJXTLEGJ" imageId="6192486"/>
    </Metadata>
    <Page imageFilename="223975_0509.jpeg" imageWidth="3392" imageHeight="4224">
        <ReadingOrder>
            <OrderedGroup id="ro_1711449942541" caption="Regions reading order">
                <RegionRefIndexed index="0" regionRef="r1"/>
                <RegionRefIndexed index="1" regionRef="r2"/>
                <RegionRefIndexed index="2" regionRef="r3"/>
            </OrderedGroup>
        </ReadingOrder>
        <TextRegion orientation="0.0" id="r1" custom="readingOrder {index:0;}">
            <Coords points="303,2232 303,2827 387,2827 387,2232"/>
            <TextLine id="r1l1" custom="readingOrder {index:0;}">
                <Coords points="295,2279 311,2277 320,2284 328,2279 334,2282 348,2274 358,2273 350,2204 286,2207"/>
                <Baseline points="303,2257 346,2252"/>
                <TextEquiv>
                    <Unicode>F</Unicode>
                </TextEquiv>
            </TextLine>
            <TextLine id="r1l2" custom="readingOrder {index:1;}">
                <Coords points="327,2314 343,2315 347,2319 351,2315 360,2318 364,2316 374,2325 380,2319 390,2319 392,2282 376,2282 366,2279 355,2281 349,2280 345,2276 329,2277"/>
                <Baseline points="338,2302 380,2304"/>
                <TextEquiv>
                    <Unicode>„</Unicode>
                </TextEquiv>
            </TextLine>
            <TextLine id="r1l3" custom="readingOrder {index:2;}">
                <Coords points="325,2353 339,2350 350,2360 352,2357 367,2363 369,2360 379,2360 376,2319 357,2316 353,2318 349,2316 347,2319 343,2315 335,2324 333,2322 323,2322"/>
                <Baseline points="334,2342 368,2340"/>
                <TextEquiv>
                    <Unicode>9</Unicode>
                </TextEquiv>
            </TextLine>
            <TextLine id="r1l4" custom="readingOrder {index:3;}">
                <Coords points="336,2395 346,2394 351,2398 369,2399 371,2401 373,2398 386,2397 383,2359 372,2359 361,2350 332,2350"/>
                <Baseline points="346,2380 374,2378"/>
                <TextEquiv>
                    <Unicode>„</Unicode>
                </TextEquiv>
            </TextLine>
            <TextLine id="r1l5" custom="readingOrder {index:4;}">
                <Coords points="297,2494 312,2494 324,2507 363,2505 367,2509 388,2509 388,2455 377,2455 369,2464 363,2462 359,2466 347,2455 343,2457 336,2453 330,2453 320,2464 297,2464"/>
                <Baseline points="307,2499 342,2497 377,2499"/>
                <TextEquiv>
                    <Unicode>Ab</Unicode>
                </TextEquiv>
            </TextLine>
            <TextLine id="r1l6" custom="readingOrder {index:5;}">
                <Coords points="303,2555 319,2554 335,2543 348,2549 354,2545 360,2551 366,2546 380,2548 379,2509 367,2509 362,2506 346,2508 336,2504 320,2519 316,2515 301,2516"/>
                <Baseline points="312,2538 341,2538 370,2536"/>
                <TextEquiv>
                    <Unicode>Ab</Unicode>
                </TextEquiv>
            </TextLine>
            <TextLine id="r1l7" custom="readingOrder {index:6;}">
                <Coords points="300,2782 316,2779 333,2789 341,2784 351,2784 355,2788 384,2785 388,2780 398,2780 397,2753 387,2754 378,2746 368,2746 352,2757 339,2745 325,2746 319,2740 298,2739"/>
                <Baseline points="310,2780 335,2779 361,2778 387,2777"/>
                <TextEquiv>
                    <Unicode>Leb</Unicode>
                </TextEquiv>
            </TextLine>
            <TextLine id="r1l8" custom="readingOrder {index:7;}">
                <Coords points="310,2832 339,2831 343,2835 356,2828 370,2842 379,2844 391,2841 389,2788 375,2788 370,2784 354,2787 350,2783 334,2788 319,2780 309,2780"/>
                <Baseline points="321,2817 350,2815 379,2815"/>
                <TextEquiv>
                    <Unicode>thei</Unicode>
                </TextEquiv>
            </TextLine>
            <TextEquiv>
                <Unicode>F
„
9
„
Ab
Ab
Leb
thei</Unicode>
            </TextEquiv>
        </TextRegion>
        <TextRegion orientation="0.0" id="r2" custom="readingOrder {index:1;}">
            <Coords points="232,266 232,3792 1872,3792 1872,266"/>
            <TextLine id="r2l1" custom="readingOrder {index:0;}">
                <Coords points="221,288 918,336 1883,309 1883,262 1733,231 1571,230 1495,286 1288,230 221,251"/>
                <Baseline points="232,288 314,294 396,299 478,302 560,304 642,306 724,307 806,308 888,307 970,307 1052,306 1134,305 1216,304 1298,303 1380,302 1462,301 1544,301 1626,301 1708,302 1790,303 1872,305"/>
                <TextEquiv>
                    <Unicode>16. 1. Lebendige Stunden zuklus</Unicode>
                </TextEquiv>
            </TextLine>
            <TextLine id="r2l2" custom="readingOrder {index:1;}">
                <Coords points="781,765 1228,763 1228,716 1136,686 1023,703 959,703 937,687 918,701 888,689 781,700"/>
                <Baseline points="791,736 816,736 841,736 866,736 891,735 916,735 941,734 966,734 991,734 1017,733 1042,733 1067,733 1092,733 1117,733 1142,734 1167,734 1192,735 1218,736"/>
                <TextEquiv>
                    <Unicode>Telephon 12801.</Unicode>
                </TextEquiv>
            </TextLine>
            <TextLine id="r2l3" custom="readingOrder {index:2;}">
                <Coords points="407,839 1622,841 1582,770 407,794"/>
                <Baseline points="417,834 476,834 536,834 596,834 656,834 715,833 775,833 835,833 895,832 954,832 1014,831 1074,830 1134,830 1193,829 1253,828 1313,828 1373,827 1432,826 1492,826 1552,825 1612,824"/>
                <TextEquiv>
                    <Unicode>Alex. Weigl's Unternehmen für Zeitungs-Ausschnitte</Unicode>
                </TextEquiv>
            </TextLine>
            <TextLine id="r2l4" custom="readingOrder {index:3;}">
                <Coords points="1356,913 1373,916 1408,891 1432,908 1483,899 1500,885 1573,898 1604,871 1621,872 1619,841 1601,844 1581,831 1528,841 1509,831 1496,843 1477,844 1446,835 1398,859 1352,851"/>
                <Baseline points="1365,899 1392,892 1419,887 1447,883 1474,883 1501,882 1529,882 1556,882 1583,880 1611,878"/>
                <TextEquiv>
                    <Unicode>Ausschnitt</Unicode>
                </TextEquiv>
            </TextLine>
            <TextLine id="r2l5" custom="readingOrder {index:4;}">
                <Coords points="334,959 1270,976 1296,963 1296,853 796,852 673,907 531,860 334,885"/>
                <Baseline points="345,951 392,949 439,949 486,949 533,948 580,949 627,949 674,950 721,950 768,951 816,951 863,952 910,952 957,952 1004,952 1051,951 1098,950 1145,949 1192,947 1239,944 1287,941"/>
                <TextEquiv>
                    <Unicode>Ne105 „OBSERYER</Unicode>
                </TextEquiv>
            </TextLine>
            <TextLine id="r2l6" custom="readingOrder {index:5;}">
                <Coords points="1456,962 1522,986 1564,956 1626,976 1634,967 1647,971 1667,965 1666,907 1639,902 1631,908 1612,898 1576,913 1551,897 1537,910 1512,898 1454,901"/>
                <Baseline points="1465,957 1492,958 1519,958 1547,958 1574,957 1602,956 1629,955 1657,955"/>
                <TextEquiv>
                    <Unicode>Nr. 6</Unicode>
                </TextEquiv>
            </TextLine>
            <TextLine id="r2l7" custom="readingOrder {index:6;}">
                <Coords points="285,1030 1684,1048 1731,1042 1731,978 285,995"/>
                <Baseline points="295,1027 366,1026 437,1025 508,1024 580,1024 651,1023 722,1023 794,1023 865,1023 936,1022 1008,1022 1079,1022 1150,1022 1221,1021 1293,1021 1364,1020 1435,1020 1507,1019 1578,1018 1649,1017 1721,1015"/>
                <TextEquiv>
                    <Unicode>I. österr. behördl. conc. Bureau für Zeitungsberichte u. Personalnachrichten</Unicode>
                </TextEquiv>
            </TextLine>
            <TextLine id="r2l8" custom="readingOrder {index:7;}">
                <Coords points="513,1098 1516,1090 1516,1053 1473,1037 1403,1064 1292,1033 513,1039"/>
                <Baseline points="523,1093 572,1093 621,1092 670,1092 719,1091 768,1091 817,1090 867,1090 916,1089 965,1089 1014,1088 1063,1088 1112,1088 1161,1088 1211,1088 1260,1089 1309,1089 1358,1090 1407,1091 1456,1092 1506,1093"/>
                <TextEquiv>
                    <Unicode>Wien, IX/1, Türkenstrasse 17.</Unicode>
                </TextEquiv>
            </TextLine>
            <TextLine id="r2l9" custom="readingOrder {index:8;}">
                <Coords points="698,1177 856,1156 985,1178 1051,1161 1250,1172 1291,1148 1340,1162 1340,1098 1094,1120 788,1105 698,1127"/>
                <Baseline points="708,1156 739,1155 770,1154 801,1154 832,1153 863,1153 894,1153 925,1153 956,1153 987,1153 1019,1153 1050,1153 1081,1153 1112,1154 1143,1154 1174,1153 1205,1153 1236,1153 1267,1152 1298,1151 1330,1150"/>
                <TextEquiv>
                    <Unicode>Filiale in Budapest: „Pigyelö“ —</Unicode>
                </TextEquiv>
            </TextLine>
            <TextLine id="r2l10" custom="readingOrder {index:9;}">
                <Coords points="301,1231 1595,1238 1724,1215 1724,1171 300,1178"/>
                <Baseline points="310,1221 380,1219 450,1218 520,1217 590,1216 661,1216 731,1215 801,1215 871,1214 941,1214 1012,1214 1082,1213 1152,1213 1222,1213 1292,1213 1363,1212 1433,1212 1503,1212 1573,1211 1643,1211 1714,1211"/>
                <TextEquiv>
                    <Unicode>Vertretungen in Berlin, Chicago, Genf, London, Newyork, Paris, Rom, Stockholm.</Unicode>
                </TextEquiv>
            </TextLine>
            <TextLine id="r2l11" custom="readingOrder {index:10;}">
                <Coords points="284,1362 413,1392 1667,1335 1637,1252 1579,1292 1411,1259 284,1339"/>
                <Baseline points="295,1366 363,1366 431,1364 499,1363 567,1361 635,1357 703,1354 771,1351 839,1347 907,1343 975,1339 1043,1336 1111,1332 1179,1329 1247,1326 1315,1324 1383,1323 1451,1322 1519,1322 1587,1323 1656,1325"/>
                <TextEquiv>
                    <Unicode>Russenlt # depe M</Unicode>
                </TextEquiv>
            </TextLine>
            <TextLine id="r2l12" custom="readingOrder {index:11;}">
                <Coords points="859,1511 910,1494 968,1511 1022,1476 1074,1505 1141,1476 1203,1488 1259,1461 1291,1479 1393,1465 1390,1395 1350,1407 1316,1390 1276,1414 1172,1382 1088,1422 1049,1391 1005,1409 946,1380 855,1402"/>
                <Baseline points="868,1486 893,1484 919,1482 945,1480 971,1479 996,1478 1022,1477 1048,1475 1074,1475 1099,1474 1125,1473 1151,1473 1177,1472 1202,1471 1228,1471 1254,1470 1280,1469 1305,1468 1331,1467 1357,1466 1383,1464"/>
                <TextEquiv>
                    <Unicode>Dal „meiger.</Unicode>
                </TextEquiv>
            </TextLine>
            <TextLine id="r2l13" custom="readingOrder {index:12;}">
                <Coords points="293,1531 345,1514 453,1529 485,1513 520,1546 572,1546 601,1524 656,1553 696,1524 755,1534 807,1516 809,1460 686,1450 622,1472 551,1448 498,1483 470,1460 296,1467"/>
                <Baseline points="304,1503 329,1504 355,1504 381,1505 407,1507 433,1509 459,1511 485,1513 511,1515 537,1517 562,1518 588,1520 614,1522 640,1522 666,1522 692,1522 718,1521 744,1519 770,1517 796,1513"/>
                <TextEquiv>
                    <Unicode> % 00</Unicode>
                </TextEquiv>
            </TextLine>
            <TextLine id="r2l14" custom="readingOrder {index:13;}">
                <Coords points="366,1668 384,1667 391,1671 399,1662 405,1666 413,1659 421,1663 431,1662 428,1603 398,1604 392,1609 388,1607 363,1610"/>
                <Baseline points="376,1658 420,1656"/>
                <TextEquiv>
                    <Unicode></Unicode>
                </TextEquiv>
            </TextLine>
            <TextLine id="r2l15" custom="readingOrder {index:14;}">
                <Coords points="379,1732 406,1733 413,1723 420,1724 445,1698 458,1704 478,1702 473,1663 452,1662 443,1655 437,1660 431,1659 426,1666 414,1659 407,1666 398,1661 388,1675 371,1675"/>
                <Baseline points="387,1707 413,1698 440,1695 467,1695"/>
                <TextEquiv>
                    <Unicode>*</Unicode>
                </TextEquiv>
            </TextLine>
            <TextLine id="r2l16" custom="readingOrder {index:15;}">
                <Coords points="475,1719 885,1737 1080,1715 1170,1736 1310,1708 1310,1685 1228,1656 598,1654 475,1678"/>
                <Baseline points="485,1706 525,1709 566,1711 607,1713 647,1714 688,1715 729,1716 769,1716 810,1716 851,1716 892,1716 932,1715 973,1715 1014,1714 1054,1714 1095,1714 1136,1714 1176,1714 1217,1714 1258,1715 1299,1716"/>
                <TextEquiv>
                    <Unicode>Leipziger Schauspielhaus.</Unicode>
                </TextEquiv>
            </TextLine>
            <TextLine id="r2l17" custom="readingOrder {index:16;}">
                <Coords points="429,1770 1408,1756 1407,1731 1250,1715 429,1727"/>
                <Baseline points="439,1762 486,1764 534,1765 582,1766 630,1766 678,1767 726,1767 774,1767 822,1767 870,1767 918,1766 965,1766 1013,1765 1061,1765 1109,1764 1157,1764 1205,1764 1253,1764 1301,1764 1349,1765 1397,1766"/>
                <TextEquiv>
                    <Unicode>Lebendige Stunden. Einakter=Cyklus von Arthuri</Unicode>
                </TextEquiv>
            </TextLine>
            <TextLine id="r2l18" custom="readingOrder {index:17;}">
                <Coords points="373,1805 1409,1822 1409,1752 1366,1777 619,1785 373,1750"/>
                <Baseline points="383,1800 433,1802 484,1804 535,1805 586,1805 637,1806 687,1806 738,1807 789,1807 840,1806 891,1806 941,1806 992,1806 1043,1805 1094,1805 1145,1805 1195,1804 1246,1804 1297,1804 1348,1804 1399,1804"/>
                <TextEquiv>
                    <Unicode>Schnitzler. Der Verfasser ist ein in Wien vielbeschäftigter</Unicode>
                </TextEquiv>
            </TextLine>
            <TextLine id="r2l19" custom="readingOrder {index:18;}">
                <Coords points="378,1853 1404,1845 1385,1808 378,1810"/>
                <Baseline points="389,1843 439,1844 489,1844 539,1844 590,1845 640,1845 690,1845 740,1845 791,1845 841,1844 891,1844 941,1844 992,1844 1042,1844 1092,1843 1142,1843 1193,1843 1243,1842 1293,1842 1343,1842 1394,1842"/>
                <TextEquiv>
                    <Unicode>Arzt, der noch immer Zeit gefunden hat, eine große Anzahl</Unicode>
                </TextEquiv>
            </TextLine>
            <TextLine id="r2l20" custom="readingOrder {index:19;}">
                <Coords points="382,1876 606,1904 1406,1874 1405,1843 382,1839"/>
                <Baseline points="393,1881 443,1882 493,1883 543,1883 593,1883 643,1883 693,1884 743,1883 793,1883 843,1883 894,1883 944,1882 994,1882 1044,1881 1094,1881 1144,1880 1194,1879 1244,1878 1294,1877 1344,1876 1395,1875"/>
                <TextEquiv>
                    <Unicode>von Einaktern aus dem Aermel zu schütteln. Diese Dramo¬</Unicode>
                </TextEquiv>
            </TextLine>
            <TextLine id="r2l21" custom="readingOrder {index:20;}">
                <Coords points="379,1912 1376,1934 1404,1874 378,1877"/>
                <Baseline points="389,1921 439,1922 489,1922 539,1922 589,1923 640,1923 690,1923 740,1923 790,1922 840,1922 891,1922 941,1921 991,1921 1041,1921 1091,1920 1142,1920 1192,1919 1242,1919 1292,1918 1342,1918 1393,1918"/>
                <TextEquiv>
                    <Unicode>lets können zwar keinen Anspruch auf literarischen Werth</Unicode>
                </TextEquiv>
            </TextLine>
            <TextLine id="r2l22" custom="readingOrder {index:21;}">
                <Coords points="372,1961 1209,1978 1404,1953 1404,1924 372,1914"/>
                <Baseline points="383,1961 433,1961 484,1962 534,1962 585,1962 635,1962 686,1963 736,1963 787,1963 837,1962 888,1962 938,1962 989,1962 1039,1961 1090,1961 1140,1960 1191,1960 1241,1959 1292,1958 1342,1957 1393,1956"/>
                <TextEquiv>
                    <Unicode>erheben, aber sie führen uns noch nie geschilderte Verhält¬</Unicode>
                </TextEquiv>
            </TextLine>
            <TextLine id="r2l23" custom="readingOrder {index:22;}">
                <Coords points="370,1999 1404,1997 1403,1952 1209,1980 370,1968"/>
                <Baseline points="380,2000 430,2000 481,2000 532,2000 582,2000 633,2000 684,2000 734,2000 785,2000 836,2000 887,2001 937,2001 988,2000 1039,2000 1089,2000 1140,1999 1191,1999 1241,1998 1292,1997 1343,1996 1394,1994"/>
                <TextEquiv>
                    <Unicode>nisse in nicht retouchirten Pootographien vor, d. h. mit</Unicode>
                </TextEquiv>
            </TextLine>
            <TextLine id="r2l24" custom="readingOrder {index:23;}">
                <Coords points="378,2037 1397,2047 1397,2002 1364,2000 378,2000"/>
                <Baseline points="389,2037 438,2038 488,2039 538,2039 588,2039 638,2039 688,2040 738,2039 788,2039 838,2039 888,2039 937,2038 987,2038 1037,2038 1087,2037 1137,2037 1187,2036 1237,2036 1287,2035 1337,2035 1387,2034"/>
                <TextEquiv>
                    <Unicode>andern Worten, sie sind der Natur abgelauscht Der erste</Unicode>
                </TextEquiv>
            </TextLine>
            <TextLine id="r2l25" custom="readingOrder {index:24;}">
                <Coords points="379,2077 1403,2089 1403,2052 1310,2032 379,2038"/>
                <Baseline points="389,2076 439,2077 489,2078 539,2078 589,2079 639,2079 689,2079 740,2079 790,2079 840,2079 890,2078 940,2077 990,2077 1040,2077 1091,2076 1141,2076 1191,2075 1241,2075 1291,2075 1341,2075 1392,2076"/>
                <TextEquiv>
                    <Unicode>Einakter, der denselben Titel wie der ganze Cyklus trägt,</Unicode>
                </TextEquiv>
            </TextLine>
            <TextLine id="r2l26" custom="readingOrder {index:25;}">
                <Coords points="373,2120 1380,2127 1403,2086 373,2090"/>
                <Baseline points="384,2113 434,2114 484,2115 535,2116 585,2116 636,2117 686,2117 736,2117 787,2117 837,2116 888,2116 938,2116 988,2115 1039,2115 1089,2115 1140,2114 1190,2114 1240,2114 1291,2114 1341,2114 1392,2114"/>
                <TextEquiv>
                    <Unicode>behandelt ein tiefernstes Thema. Die Mutter eines Dichters,</Unicode>
                </TextEquiv>
            </TextLine>
            <TextLine id="r2l27" custom="readingOrder {index:26;}">
                <Coords points="383,2151 1403,2169 1402,2117 383,2116"/>
                <Baseline points="393,2152 445,2153 498,2154 550,2154 603,2155 655,2155 708,2156 761,2156 813,2156 866,2156 918,2156 971,2155 1023,2155 1076,2155 1129,2154 1181,2153 1234,2152 1286,2152 1339,2151 1392,2150"/>
                <TextEquiv>
                    <Unicode>die seit Jahren krank ist, beichließt, um seine dichterische</Unicode>
                </TextEquiv>
            </TextLine>
            <TextLine id="r2l28" custom="readingOrder {index:27;}">
                <Coords points="384,2192 1396,2199 1395,2162 1348,2156 384,2151"/>
                <Baseline points="394,2193 443,2193 493,2193 542,2193 592,2193 642,2194 691,2194 741,2194 790,2194 840,2194 890,2194 939,2194 989,2194 1038,2194 1088,2194 1138,2194 1187,2193 1237,2193 1286,2192 1336,2191 1386,2190"/>
                <TextEquiv>
                    <Unicode>Arbeit nicht zu stören, in den Tod zu gehen. Den darüber</Unicode>
                </TextEquiv>
            </TextLine>
            <TextLine id="r2l29" custom="readingOrder {index:28;}">
                <Coords points="390,2236 1393,2238 1372,2195 389,2193"/>
                <Baseline points="400,2231 449,2231 498,2232 547,2232 596,2232 645,2232 694,2232 744,2232 793,2232 842,2232 891,2232 940,2232 989,2232 1038,2231 1088,2231 1137,2230 1186,2230 1235,2229 1284,2228 1333,2227 1383,2225"/>
                <TextEquiv>
                    <Unicode>verzweifelnden Sohn stattete Max Brückner mit erschüttern¬</Unicode>
                </TextEquiv>
            </TextLine>
            <TextLine id="r2l30" custom="readingOrder {index:29;}">
                <Coords points="386,2278 1333,2282 1403,2266 1403,2231 385,2241"/>
                <Baseline points="396,2271 445,2271 495,2271 545,2271 595,2271 645,2271 694,2271 744,2271 794,2271 844,2271 894,2271 943,2271 993,2271 1043,2271 1093,2270 1143,2270 1192,2269 1242,2269 1292,2268 1342,2267 1392,2266"/>
                <TextEquiv>
                    <Unicode>den Tönen, ohne ins Pathos zu verfallen, aus. Sein älterer</Unicode>
                </TextEquiv>
            </TextLine>
            <TextLine id="r2l31" custom="readingOrder {index:30;}">
                <Coords points="1499,2278 1618,2283 1634,2275 1673,2286 1688,2271 1706,2272 1707,2231 1663,2226 1645,2232 1627,2224 1594,2234 1565,2228 1536,2240 1518,2231 1512,2238 1499,2237"/>
                <Baseline points="1510,2269 1536,2270 1562,2270 1589,2270 1615,2270 1642,2270 1668,2270 1695,2272"/>
                <TextEquiv>
                    <Unicode>inclusive</Unicode>
                </TextEquiv>
            </TextLine>
            <TextLine id="r2l32" custom="readingOrder {index:31;}">
                <Coords points="1515,2315 1533,2311 1558,2319 1597,2313 1611,2315 1617,2322 1630,2313 1648,2320 1658,2315 1667,2324 1677,2324 1677,2297 1656,2291 1609,2285 1603,2278 1599,2283 1556,2276 1515,2280"/>
                <Baseline points="1525,2310 1553,2308 1581,2308 1609,2307 1637,2308 1666,2311"/>
                <TextEquiv>
                    <Unicode>Porto.</Unicode>
                </TextEquiv>
            </TextLine>
            <TextLine id="r2l33" custom="readingOrder {index:32;}">
                <Coords points="391,2313 1361,2318 1400,2303 1400,2266 391,2276"/>
                <Baseline points="401,2312 450,2312 499,2312 549,2312 598,2312 648,2312 697,2311 746,2311 796,2311 845,2310 895,2310 944,2309 993,2309 1043,2309 1092,2308 1142,2307 1191,2307 1240,2307 1290,2306 1339,2306 1389,2305"/>
                <TextEquiv>
                    <Unicode>Freund, von dem Heinrich den Selbstmord der Mutter er¬</Unicode>
                </TextEquiv>
            </TextLine>
            <TextLine id="r2l34" custom="readingOrder {index:33;}">
                <Coords points="390,2357 1407,2368 1407,2292 1360,2319 958,2329 389,2314"/>
                <Baseline points="399,2349 448,2350 498,2350 548,2350 598,2350 648,2350 698,2350 748,2350 798,2350 848,2349 898,2349 947,2349 997,2348 1047,2348 1097,2347 1147,2347 1197,2347 1247,2346 1297,2346 1347,2346 1397,2345"/>
                <TextEquiv>
                    <Unicode>fährt, war der schlichte Beamte, der sehr viel in Moral</Unicode>
                </TextEquiv>
            </TextLine>
            <TextLine id="r2l35" custom="readingOrder {index:34;}">
                <Coords points="1498,2355 1535,2362 1546,2354 1585,2354 1597,2362 1617,2352 1636,2357 1663,2347 1691,2351 1692,2327 1634,2316 1618,2322 1597,2313 1499,2318"/>
                <Baseline points="1508,2348 1537,2348 1566,2348 1595,2348 1624,2349 1653,2349 1682,2351"/>
                <TextEquiv>
                    <Unicode>Zahlbar</Unicode>
                </TextEquiv>
            </TextLine>
            <TextLine id="r2l36" custom="readingOrder {index:35;}">
                <Coords points="394,2396 1424,2379 1423,2351 1231,2345 394,2357"/>
                <Baseline points="405,2386 455,2387 505,2388 556,2389 606,2389 657,2390 707,2390 758,2390 808,2390 859,2390 909,2389 959,2389 1010,2388 1060,2388 1111,2387 1161,2387 1212,2386 1262,2385 1313,2385 1363,2384 1414,2384"/>
                <TextEquiv>
                    <Unicode>macht, jedoch ohne langweilig zu werden, ein Vorzug, der“</Unicode>
                </TextEquiv>
            </TextLine>
            <TextLine id="r2l37" custom="readingOrder {index:36;}">
                <Coords points="1415,2413 1446,2419 1490,2399 1577,2412 1603,2395 1620,2405 1658,2394 1683,2408 1720,2397 1719,2362 1695,2354 1557,2353 1541,2368 1454,2336 1413,2335"/>
                <Baseline points="1424,2401 1450,2398 1476,2395 1502,2393 1528,2392 1554,2391 1580,2391 1606,2391 1632,2391 1658,2392 1684,2393 1710,2394"/>
                <TextEquiv>
                    <Unicode>—im Voraus.</Unicode>
                </TextEquiv>
            </TextLine>
            <TextLine id="r2l38" custom="readingOrder {index:37;}">
                <Coords points="396,2434 1376,2436 1399,2395 395,2397"/>
                <Baseline points="405,2426 454,2426 503,2427 552,2427 601,2427 650,2428 699,2428 749,2428 798,2428 847,2428 896,2428 945,2428 994,2428 1043,2428 1093,2427 1142,2427 1191,2426 1240,2425 1289,2425 1338,2424 1388,2423"/>
                <TextEquiv>
                    <Unicode>auf Ernst Bornstedt's Konto zu setzen ist. Albert Willi'.“</Unicode>
                </TextEquiv>
            </TextLine>
            <TextLine id="r2l39" custom="readingOrder {index:38;}">
                <Coords points="391,2468 1640,2475 1736,2453 1736,2410 391,2431"/>
                <Baseline points="401,2463 467,2465 533,2466 599,2466 666,2467 732,2467 798,2467 865,2467 931,2466 997,2465 1064,2465 1130,2464 1196,2463 1262,2461 1329,2460 1395,2459 1461,2458 1528,2457 1594,2456 1660,2455 1727,2454"/>
                <TextEquiv>
                    <Unicode>Gärtner Borromäus war die echte Volkstype eines das Ver-isschnitte ist ,das</Unicode>
                </TextEquiv>
            </TextLine>
            <TextLine id="r2l40" custom="readingOrder {index:39;}">
                <Coords points="402,2512 1625,2526 1739,2494 1671,2460 402,2471"/>
                <Baseline points="412,2503 477,2504 543,2504 609,2504 675,2504 741,2504 807,2503 873,2503 939,2503 1005,2503 1071,2502 1136,2502 1202,2501 1268,2501 1334,2500 1400,2499 1466,2498 1532,2497 1598,2496 1664,2495 1730,2494"/>
                <TextEquiv>
                    <Unicode>trauen seines Herrn genießenden Dieners. Die Frau mitlauch steht es den</Unicode>
                </TextEquiv>
            </TextLine>
            <TextLine id="r2l41" custom="readingOrder {index:40;}">
                <Coords points="403,2546 1482,2557 1607,2515 402,2513"/>
                <Baseline points="414,2543 473,2543 532,2543 591,2543 650,2543 709,2543 768,2543 828,2543 887,2543 946,2543 1005,2542 1064,2542 1123,2541 1182,2540 1242,2539 1301,2538 1360,2537 1419,2536 1478,2534 1537,2533 1597,2531"/>
                <TextEquiv>
                    <Unicode>dem Dolche ist eine zerflossene Nachahmung Meterling=lzu ändern.</Unicode>
                </TextEquiv>
            </TextLine>
            <TextLine id="r2l42" custom="readingOrder {index:41;}">
                <Coords points="385,2591 1402,2587 1402,2554 1349,2544 385,2548"/>
                <Baseline points="395,2585 444,2584 494,2583 544,2582 594,2582 644,2582 694,2581 743,2581 793,2581 843,2582 893,2582 943,2582 993,2582 1043,2582 1092,2582 1142,2581 1192,2581 1242,2580 1292,2579 1342,2578 1392,2576"/>
                <TextEquiv>
                    <Unicode>scher Dramen, wo die Leute einschlafen, um die ganze Hand¬</Unicode>
                </TextEquiv>
            </TextLine>
            <TextLine id="r2l43" custom="readingOrder {index:42;}">
                <Coords points="392,2625 1739,2628 1686,2570 392,2590"/>
                <Baseline points="402,2623 468,2622 534,2621 601,2621 667,2620 733,2620 800,2620 866,2620 932,2620 999,2620 1065,2620 1131,2620 1198,2620 1264,2620 1330,2620 1397,2620 1463,2619 1529,2619 1596,2619 1662,2618 1729,2617"/>
                <TextEquiv>
                    <Unicode>lung zu träumen. Es ist nicht die Schuld der Elisabet hg enthaltend die</Unicode>
                </TextEquiv>
            </TextLine>
            <TextLine id="r2l44" custom="readingOrder {index:43;}">
                <Coords points="1398,2664 1474,2670 1488,2661 1536,2671 1554,2659 1632,2672 1735,2649 1734,2630 1665,2633 1652,2623 1642,2631 1398,2630"/>
                <Baseline points="1408,2658 1434,2657 1460,2657 1487,2657 1513,2658 1540,2658 1566,2658 1592,2658 1619,2658 1645,2657 1672,2656 1698,2654 1725,2651"/>
                <TextEquiv>
                    <Unicode>ner Morgen¬</Unicode>
                </TextEquiv>
            </TextLine>
            <TextLine id="r2l45" custom="readingOrder {index:44;}">
                <Coords points="401,2663 1394,2666 1371,2623 1119,2610 401,2624"/>
                <Baseline points="412,2660 460,2660 509,2659 557,2659 606,2659 655,2659 703,2659 752,2659 800,2658 849,2658 898,2658 946,2658 995,2658 1043,2658 1092,2658 1141,2658 1189,2657 1238,2657 1286,2657 1335,2656 1384,2656"/>
                <TextEquiv>
                    <Unicode>Anders, daß wohl der größte Theil des Publikums aus dem</Unicode>
                </TextEquiv>
            </TextLine>
            <TextLine id="r2l46" custom="readingOrder {index:45;}">
                <Coords points="1669,2683 1689,2689 1708,2676 1713,2681 1722,2678 1727,2682 1736,2683 1740,2659 1730,2657 1723,2649 1714,2650 1698,2662 1673,2659"/>
                <Baseline points="1681,2678 1725,2686"/>
                <TextEquiv>
                    <Unicode>„X</Unicode>
                </TextEquiv>
            </TextLine>
            <TextLine id="r2l47" custom="readingOrder {index:46;}">
                <Coords points="1398,2716 1528,2697 1589,2708 1636,2700 1667,2710 1679,2702 1700,2711 1718,2705 1719,2678 1596,2662 1507,2670 1485,2661 1470,2671 1399,2665"/>
                <Baseline points="1408,2693 1433,2695 1458,2696 1483,2697 1508,2697 1533,2697 1558,2697 1583,2697 1608,2697 1633,2697 1658,2697 1683,2698 1708,2699"/>
                <TextEquiv>
                    <Unicode>Wiener Zeitung“)</Unicode>
                </TextEquiv>
            </TextLine>
            <TextLine id="r2l48" custom="readingOrder {index:47;}">
                <Coords points="396,2704 1386,2707 1386,2668 395,2663"/>
                <Baseline points="406,2701 454,2700 502,2699 551,2698 599,2698 648,2697 696,2697 745,2697 793,2697 842,2697 890,2697 938,2697 987,2697 1035,2697 1084,2696 1132,2696 1181,2696 1229,2695 1278,2695 1326,2694 1375,2693"/>
                <TextEquiv>
                    <Unicode>Träumen und Erwachen dieser nervenzerrütteten Sünder in</Unicode>
                </TextEquiv>
            </TextLine>
            <TextLine id="r2l49" custom="readingOrder {index:48;}">
                <Coords points="1412,2730 1517,2749 1529,2739 1595,2749 1640,2738 1730,2741 1730,2707 1709,2713 1674,2703 1662,2711 1650,2701 1603,2701 1586,2710 1533,2696 1412,2713"/>
                <Baseline points="1423,2732 1449,2734 1476,2734 1503,2735 1530,2735 1557,2735 1584,2734 1611,2734 1638,2734 1665,2732 1692,2732 1719,2731"/>
                <TextEquiv>
                    <Unicode>wirthschaftliche</Unicode>
                </TextEquiv>
            </TextLine>
            <TextLine id="r2l50" custom="readingOrder {index:49;}">
                <Coords points="391,2745 1298,2735 1405,2759 1404,2687 391,2706"/>
                <Baseline points="402,2736 451,2736 501,2736 550,2737 600,2737 650,2737 699,2737 749,2737 798,2737 848,2737 898,2736 947,2736 997,2736 1046,2736 1096,2735 1146,2735 1195,2734 1245,2734 1294,2733 1344,2732 1394,2732"/>
                <TextEquiv>
                    <Unicode>nicht klug wurde. A gesehen von einer starken Dosis laug¬</Unicode>
                </TextEquiv>
            </TextLine>
            <TextLine id="r2l51" custom="readingOrder {index:50;}">
                <Coords points="1410,2796 1449,2799 1467,2781 1490,2795 1516,2774 1555,2800 1576,2783 1594,2789 1629,2776 1674,2798 1736,2780 1735,2745 1702,2752 1673,2738 1610,2748 1558,2738 1516,2749 1409,2728"/>
                <Baseline points="1419,2771 1444,2772 1470,2773 1495,2774 1521,2774 1546,2774 1572,2773 1597,2773 1623,2772 1648,2770 1674,2769 1699,2769 1725,2767"/>
                <TextEquiv>
                    <Unicode>wird. Diese Mit¬</Unicode>
                </TextEquiv>
            </TextLine>
            <TextLine id="r2l52" custom="readingOrder {index:51;}">
                <Coords points="396,2785 1397,2780 1397,2743 1294,2735 396,2742"/>
                <Baseline points="405,2775 454,2775 503,2774 552,2774 601,2774 650,2774 699,2774 748,2774 797,2774 846,2774 896,2774 945,2775 994,2775 1043,2775 1092,2775 1141,2774 1190,2774 1239,2774 1288,2773 1337,2772 1387,2771"/>
                <TextEquiv>
                    <Unicode>athmiger Tiraden ist die Geschicbte interessaut und wurde</Unicode>
                </TextEquiv>
            </TextLine>
            <TextLine id="r2l53" custom="readingOrder {index:52;}">
                <Coords points="395,2818 1408,2834 1408,2773 395,2783"/>
                <Baseline points="405,2814 454,2814 504,2814 554,2814 603,2814 653,2814 703,2814 752,2814 802,2814 852,2814 902,2814 951,2814 1001,2814 1051,2814 1100,2814 1150,2814 1200,2814 1249,2814 1299,2814 1349,2813 1399,2813"/>
                <TextEquiv>
                    <Unicode>auch von Max Brückner und Elisabeth Anders mit großer</Unicode>
                </TextEquiv>
            </TextLine>
            <TextLine id="r2l54" custom="readingOrder {index:53;}">
                <Coords points="395,2856 1407,2844 1320,2816 395,2819"/>
                <Baseline points="405,2853 454,2853 504,2853 553,2853 603,2853 653,2853 702,2853 752,2853 801,2853 851,2852 901,2852 950,2852 1000,2851 1049,2851 1099,2851 1149,2850 1198,2850 1248,2850 1297,2849 1347,2849 1397,2849"/>
                <TextEquiv>
                    <Unicode>Tonverschwendung zu Gehöl gebracht. Die Dame mit dem</Unicode>
                </TextEquiv>
            </TextLine>
            <TextLine id="r2l55" custom="readingOrder {index:54;}">
                <Coords points="387,2899 1345,2902 1404,2894 1404,2845 387,2860"/>
                <Baseline points="397,2895 446,2894 496,2893 546,2892 596,2892 646,2891 695,2891 745,2891 795,2891 845,2892 895,2892 944,2892 994,2892 1044,2892 1094,2892 1144,2892 1193,2891 1243,2891 1293,2890 1343,2889 1393,2887"/>
                <TextEquiv>
                    <Unicode>Dolch, die im Bild Pauline ä nlich sein soll, erweckte un¬</Unicode>
                </TextEquiv>
            </TextLine>
            <TextLine id="r2l56" custom="readingOrder {index:55;}">
                <Coords points="389,2939 1367,2944 1404,2894 388,2900"/>
                <Baseline points="399,2934 448,2934 498,2933 548,2932 597,2932 647,2932 697,2931 746,2931 796,2931 846,2931 896,2931 945,2931 995,2930 1045,2930 1094,2930 1144,2930 1194,2929 1243,2929 1293,2928 1343,2927 1393,2927"/>
                <TextEquiv>
                    <Unicode>freiwillige Komik. Der nur im Traum vorkommende Gatte</Unicode>
                </TextEquiv>
            </TextLine>
            <TextLine id="r2l57" custom="readingOrder {index:56;}">
                <Coords points="379,2987 1399,2977 1382,2934 379,2936"/>
                <Baseline points="390,2974 442,2972 495,2971 547,2971 600,2970 652,2970 705,2970 758,2970 810,2970 863,2970 915,2970 968,2970 1020,2970 1073,2970 1126,2970 1178,2970 1231,2969 1283,2968 1336,2967 1389,2965"/>
                <TextEquiv>
                    <Unicode>Remigso ist die Schablone der Hasereis und gab insosern</Unicode>
                </TextEquiv>
            </TextLine>
            <TextLine id="r2l58" custom="readingOrder {index:57;}">
                <Coords points="386,3016 1391,3022 1405,2962 1311,2990 385,2975"/>
                <Baseline points="396,3014 448,3012 501,3011 553,3009 606,3009 658,3008 711,3008 764,3008 816,3008 869,3009 921,3009 974,3009 1026,3009 1079,3009 1132,3009 1184,3009 1237,3008 1289,3007 1342,3006 1395,3004"/>
                <TextEquiv>
                    <Unicode>Jeau Hofmann gar keine Gelegennett zu glänzen. Ein</Unicode>
                </TextEquiv>
            </TextLine>
            <TextLine id="r2l59" custom="readingOrder {index:58;}">
                <Coords points="383,3068 1407,3058 1407,3017 1316,3012 383,3017"/>
                <Baseline points="393,3052 443,3051 493,3050 543,3050 593,3049 644,3049 694,3049 744,3049 794,3049 844,3049 895,3049 945,3049 995,3049 1045,3048 1095,3048 1146,3048 1196,3047 1246,3046 1296,3045 1346,3044 1397,3043"/>
                <TextEquiv>
                    <Unicode>jechter Schnitzler der trübsten Seite des Lebens, vor der</Unicode>
                </TextEquiv>
            </TextLine>
            <TextLine id="r2l60" custom="readingOrder {index:59;}">
                <Coords points="399,3096 1188,3078 1404,3102 1403,3055 1336,3045 398,3053"/>
                <Baseline points="409,3089 458,3089 507,3089 556,3089 606,3089 655,3089 704,3089 753,3089 803,3088 852,3088 901,3088 950,3087 1000,3087 1049,3087 1098,3087 1147,3086 1197,3086 1246,3086 1295,3086 1344,3086 1394,3086"/>
                <TextEquiv>
                    <Unicode>Todtenpforte, sind „die letzten Masken“.! Es ist ein</Unicode>
                </TextEquiv>
            </TextLine>
            <TextLine id="r2l61" custom="readingOrder {index:60;}">
                <Coords points="399,3132 1416,3117 1188,3078 399,3095"/>
                <Baseline points="410,3128 459,3127 509,3126 559,3125 609,3124 659,3123 708,3123 758,3122 808,3122 858,3122 908,3122 957,3122 1007,3122 1057,3122 1107,3121 1157,3121 1206,3121 1256,3121 1306,3121 1356,3120 1406,3120"/>
                <TextEquiv>
                    <Unicode>pathologische Studie, die nur ein Wrtender Arzt schreiben:</Unicode>
                </TextEquiv>
            </TextLine>
            <TextLine id="r2l62" custom="readingOrder {index:61;}">
                <Coords points="402,3166 1401,3166 1400,3127 1324,3119 401,3132"/>
                <Baseline points="411,3162 460,3161 509,3161 558,3161 607,3161 656,3161 705,3161 754,3160 803,3160 852,3160 901,3159 950,3159 999,3159 1048,3158 1097,3158 1146,3157 1195,3157 1244,3156 1293,3156 1342,3155 1391,3155"/>
                <TextEquiv>
                    <Unicode>konnte. Die Hauptrollen, der schuendsüchtige Schanspieler</Unicode>
                </TextEquiv>
            </TextLine>
            <TextLine id="r2l63" custom="readingOrder {index:62;}">
                <Coords points="401,3215 1402,3219 1402,3166 1334,3160 401,3165"/>
                <Baseline points="411,3203 460,3202 509,3202 558,3201 607,3201 656,3200 705,3199 754,3199 803,3198 852,3197 901,3197 950,3196 999,3196 1048,3195 1097,3195 1146,3195 1195,3194 1244,3194 1293,3194 1342,3194 1391,3195"/>
                <TextEquiv>
                    <Unicode>Florian, der am Grabesrand die schönsten Hoffnungen spihnt,</Unicode>
                </TextEquiv>
            </TextLine>
            <TextLine id="r2l64" custom="readingOrder {index:63;}">
                <Coords points="396,3246 1401,3245 1401,3206 396,3213"/>
                <Baseline points="407,3238 456,3239 505,3239 554,3239 603,3239 652,3238 701,3238 751,3238 800,3237 849,3236 898,3236 947,3235 996,3234 1045,3234 1095,3233 1144,3233 1193,3232 1242,3232 1291,3232 1340,3233 1390,3233"/>
                <TextEquiv>
                    <Unicode>und der rastlose, sich selbstverzehrende Journalist Carl Rade¬</Unicode>
                </TextEquiv>
            </TextLine>
            <TextLine id="r2l65" custom="readingOrder {index:64;}">
                <Coords points="397,3283 1410,3271 1373,3241 1199,3234 397,3246"/>
                <Baseline points="407,3277 456,3278 506,3278 555,3278 605,3278 655,3278 704,3277 754,3277 803,3276 853,3276 903,3275 952,3275 1002,3274 1051,3274 1101,3273 1151,3273 1200,3272 1250,3272 1299,3272 1349,3272 1399,3272"/>
                <TextEquiv>
                    <Unicode>macher, fanden in Rovert Forsch und Einst Bornstedtl</Unicode>
                </TextEquiv>
            </TextLine>
            <TextLine id="r2l66" custom="readingOrder {index:65;}">
                <Coords points="390,3321 1401,3329 1401,3276 390,3284"/>
                <Baseline points="401,3319 450,3318 500,3317 549,3317 599,3316 648,3316 698,3315 747,3315 797,3314 846,3314 896,3314 946,3314 995,3314 1045,3313 1094,3313 1144,3313 1193,3314 1243,3314 1292,3314 1342,3314 1392,3314"/>
                <TextEquiv>
                    <Unicode>Darsteller, wie man sie nicht besser wünschen kann. Lot#a#</Unicode>
                </TextEquiv>
            </TextLine>
            <TextLine id="r2l67" custom="readingOrder {index:66;}">
                <Coords points="1400,3341 1410,3342 1421,3354 1423,3352 1433,3353 1436,3327 1426,3326 1424,3323 1418,3323 1412,3318 1402,3317"/>
                <Baseline points="1410,3347 1424,3348"/>
                <TextEquiv>
                    <Unicode>2</Unicode>
                </TextEquiv>
            </TextLine>
            <TextLine id="r2l68" custom="readingOrder {index:67;}">
                <Coords points="395,3368 1392,3358 1392,3321 1273,3309 395,3321"/>
                <Baseline points="405,3355 453,3355 502,3354 551,3354 600,3354 649,3354 698,3353 746,3353 795,3352 844,3352 893,3351 942,3351 991,3351 1040,3351 1088,3351 1137,3350 1186,3351 1235,3351 1284,3351 1333,3351 1382,3352"/>
                <TextEquiv>
                    <Unicode>Mehnert machte aus der Episode von Radema###ers Freund</Unicode>
                </TextEquiv>
            </TextLine>
            <TextLine id="r2l69" custom="readingOrder {index:68;}">
                <Coords points="397,3401 1207,3388 1433,3415 1433,3354 397,3362"/>
                <Baseline points="408,3396 458,3395 509,3394 560,3393 611,3392 661,3392 712,3392 763,3391 814,3391 864,3391 915,3391 966,3391 1017,3391 1067,3391 1118,3391 1169,3390 1220,3390 1270,3390 1321,3389 1372,3388 1423,3387"/>
                <TextEquiv>
                    <Unicode>eine scharf profilirte Charge Die Aerzte und die Wär=K</Unicode>
                </TextEquiv>
            </TextLine>
            <TextLine id="r2l70" custom="readingOrder {index:69;}">
                <Coords points="401,3439 1357,3443 1408,3408 400,3398"/>
                <Baseline points="410,3434 459,3434 508,3434 558,3434 607,3433 657,3433 706,3433 755,3433 805,3433 854,3432 904,3432 953,3432 1002,3431 1052,3431 1101,3431 1151,3430 1200,3430 1249,3429 1299,3428 1348,3428 1398,3427"/>
                <TextEquiv>
                    <Unicode>terin verfuhren mit geschaftsmäßiger Ruhe. Das kleine</Unicode>
                </TextEquiv>
            </TextLine>
            <TextLine id="r2l71" custom="readingOrder {index:70;}">
                <Coords points="394,3482 1414,3467 1401,3422 394,3441"/>
                <Baseline points="405,3476 454,3475 504,3474 554,3473 604,3472 654,3471 704,3471 754,3470 804,3470 854,3470 904,3469 953,3469 1003,3469 1053,3469 1103,3469 1153,3469 1203,3468 1253,3468 1303,3468 1353,3468 1403,3467"/>
                <TextEquiv>
                    <Unicode>Proverbe „Literatur“ ist eine Indiskretion gegen den</Unicode>
                </TextEquiv>
            </TextLine>
            <TextLine id="r2l72" custom="readingOrder {index:71;}">
                <Coords points="399,3521 1339,3522 1419,3493 1400,3467 399,3480"/>
                <Baseline points="410,3513 459,3512 509,3511 559,3511 609,3510 659,3510 709,3510 759,3510 809,3509 859,3509 909,3509 958,3509 1008,3509 1058,3508 1108,3508 1158,3508 1208,3507 1258,3506 1308,3505 1358,3504 1408,3503"/>
                <TextEquiv>
                    <Unicode>Schriftsteller and, indem Gilbert und Margarethe sich lite¬</Unicode>
                </TextEquiv>
            </TextLine>
            <TextLine id="r2l73" custom="readingOrder {index:72;}">
                <Coords points="401,3558 1371,3557 1397,3504 400,3523"/>
                <Baseline points="410,3552 458,3551 507,3550 556,3549 605,3549 654,3548 703,3548 752,3548 801,3548 850,3548 899,3548 947,3547 996,3547 1045,3547 1094,3546 1143,3546 1192,3545 1241,3544 1290,3543 1339,3541 1388,3540"/>
                <TextEquiv>
                    <Unicode>rarisch gegensenig bestellen. Arthur Eggeling und Maroa¬</Unicode>
                </TextEquiv>
            </TextLine>
            <TextLine id="r2l74" custom="readingOrder {index:73;}">
                <Coords points="383,3596 1411,3578 1396,3531 1353,3556 383,3553"/>
                <Baseline points="393,3592 443,3591 493,3590 544,3589 594,3589 644,3588 695,3587 745,3587 795,3586 846,3586 896,3585 946,3584 997,3584 1047,3584 1097,3583 1148,3583 1198,3582 1248,3582 1299,3582 1349,3582 1400,3582"/>
                <TextEquiv>
                    <Unicode>rethe Frei retteten von der Standesehre, was noch zu retten</Unicode>
                </TextEquiv>
            </TextLine>
            <TextLine id="r2l75" custom="readingOrder {index:74;}">
                <Coords points="385,3645 1277,3626 1411,3650 1414,3578 384,3598"/>
                <Baseline points="395,3630 445,3630 496,3630 546,3629 597,3629 647,3629 698,3628 748,3628 799,3627 849,3627 900,3626 950,3625 1001,3625 1051,3624 1102,3623 1152,3623 1203,3622 1253,3621 1304,3620 1354,3620 1405,3619"/>
                <TextEquiv>
                    <Unicode>nar und Mehnert übertrieb mat die Dummheit des</Unicode>
                </TextEquiv>
            </TextLine>
            <TextLine id="r2l76" custom="readingOrder {index:75;}">
                <Coords points="370,3669 549,3700 655,3676 1027,3690 1225,3659 1225,3631 470,3641 370,3615"/>
                <Baseline points="381,3665 422,3667 464,3668 506,3670 547,3671 589,3671 631,3671 672,3671 714,3671 756,3671 798,3670 839,3670 881,3668 923,3668 964,3667 1006,3666 1048,3665 1089,3664 1131,3663 1173,3662 1215,3661"/>
                <TextEquiv>
                    <Unicode>Clemens. Gefollen hat das Pasticcio ganz gut.</Unicode>
                </TextEquiv>
            </TextLine>
            <TextLine id="r2l77" custom="readingOrder {index:76;}">
                <Coords points="1036,3718 1064,3708 1112,3721 1161,3704 1266,3723 1325,3708 1339,3716 1370,3703 1370,3676 1285,3649 1193,3669 1105,3676 1074,3668 1035,3683"/>
                <Baseline points="1045,3701 1071,3702 1097,3703 1123,3703 1149,3703 1175,3704 1202,3703 1228,3703 1254,3702 1280,3701 1306,3700 1332,3698 1359,3696"/>
                <TextEquiv>
                    <Unicode>Max Trausil.</Unicode>
                </TextEquiv>
            </TextLine>
            <TextLine id="r2l78" custom="readingOrder {index:77;}">
                <Coords points="778,3800 818,3787 843,3798 851,3792 866,3805 929,3795 979,3799 976,3713 885,3716 862,3705 827,3702 775,3716"/>
                <Baseline points="787,3781 812,3780 838,3780 864,3779 889,3778 915,3776 941,3776 967,3775"/>
                <TextEquiv>
                    <Unicode> </Unicode>
                </TextEquiv>
            </TextLine>
            <TextEquiv>
                <Unicode>16. 1. Lebendige Stunden zuklus
Telephon 12801.
Alex. Weigl's Unternehmen für Zeitungs-Ausschnitte
Ausschnitt
Ne105 „OBSERYER
Nr. 6
I. österr. behördl. conc. Bureau für Zeitungsberichte u. Personalnachrichten
Wien, IX/1, Türkenstrasse 17.
Filiale in Budapest: „Pigyelö“ —
Vertretungen in Berlin, Chicago, Genf, London, Newyork, Paris, Rom, Stockholm.
Russenlt # depe M
Dal „meiger.
 % 00

*
Leipziger Schauspielhaus.
Lebendige Stunden. Einakter=Cyklus von Arthuri
Schnitzler. Der Verfasser ist ein in Wien vielbeschäftigter
Arzt, der noch immer Zeit gefunden hat, eine große Anzahl
von Einaktern aus dem Aermel zu schütteln. Diese Dramo¬
lets können zwar keinen Anspruch auf literarischen Werth
erheben, aber sie führen uns noch nie geschilderte Verhält¬
nisse in nicht retouchirten Pootographien vor, d. h. mit
andern Worten, sie sind der Natur abgelauscht Der erste
Einakter, der denselben Titel wie der ganze Cyklus trägt,
behandelt ein tiefernstes Thema. Die Mutter eines Dichters,
die seit Jahren krank ist, beichließt, um seine dichterische
Arbeit nicht zu stören, in den Tod zu gehen. Den darüber
verzweifelnden Sohn stattete Max Brückner mit erschüttern¬
den Tönen, ohne ins Pathos zu verfallen, aus. Sein älterer
inclusive
Porto.
Freund, von dem Heinrich den Selbstmord der Mutter er¬
fährt, war der schlichte Beamte, der sehr viel in Moral
Zahlbar
macht, jedoch ohne langweilig zu werden, ein Vorzug, der“
—im Voraus.
auf Ernst Bornstedt's Konto zu setzen ist. Albert Willi'.“
Gärtner Borromäus war die echte Volkstype eines das Ver-isschnitte ist ,das
trauen seines Herrn genießenden Dieners. Die Frau mitlauch steht es den
dem Dolche ist eine zerflossene Nachahmung Meterling=lzu ändern.
scher Dramen, wo die Leute einschlafen, um die ganze Hand¬
lung zu träumen. Es ist nicht die Schuld der Elisabet hg enthaltend die
ner Morgen¬
Anders, daß wohl der größte Theil des Publikums aus dem
„X
Wiener Zeitung“)
Träumen und Erwachen dieser nervenzerrütteten Sünder in
wirthschaftliche
nicht klug wurde. A gesehen von einer starken Dosis laug¬
wird. Diese Mit¬
athmiger Tiraden ist die Geschicbte interessaut und wurde
auch von Max Brückner und Elisabeth Anders mit großer
Tonverschwendung zu Gehöl gebracht. Die Dame mit dem
Dolch, die im Bild Pauline ä nlich sein soll, erweckte un¬
freiwillige Komik. Der nur im Traum vorkommende Gatte
Remigso ist die Schablone der Hasereis und gab insosern
Jeau Hofmann gar keine Gelegennett zu glänzen. Ein
jechter Schnitzler der trübsten Seite des Lebens, vor der
Todtenpforte, sind „die letzten Masken“.! Es ist ein
pathologische Studie, die nur ein Wrtender Arzt schreiben:
konnte. Die Hauptrollen, der schuendsüchtige Schanspieler
Florian, der am Grabesrand die schönsten Hoffnungen spihnt,
und der rastlose, sich selbstverzehrende Journalist Carl Rade¬
macher, fanden in Rovert Forsch und Einst Bornstedtl
Darsteller, wie man sie nicht besser wünschen kann. Lot#a#
2
Mehnert machte aus der Episode von Radema###ers Freund
eine scharf profilirte Charge Die Aerzte und die Wär=K
terin verfuhren mit geschaftsmäßiger Ruhe. Das kleine
Proverbe „Literatur“ ist eine Indiskretion gegen den
Schriftsteller and, indem Gilbert und Margarethe sich lite¬
rarisch gegensenig bestellen. Arthur Eggeling und Maroa¬
rethe Frei retteten von der Standesehre, was noch zu retten
nar und Mehnert übertrieb mat die Dummheit des
Clemens. Gefollen hat das Pasticcio ganz gut.
Max Trausil.
 </Unicode>
            </TextEquiv>
        </TextRegion>
        <TextRegion orientation="0.0" id="r3" custom="readingOrder {index:2;}">
            <Coords points="1937,258 1937,3047 3292,3047 3292,258"/>
            <TextLine id="r3l1" custom="readingOrder {index:0;}">
                <Coords points="2022,292 2073,311 2092,297 2155,311 2229,282 2283,309 2496,281 2496,244 2435,221 2361,233 2316,219 2246,237 2201,225 2178,239 2069,221 2022,231"/>
                <Baseline points="2032,278 2057,280 2082,280 2107,281 2132,281 2158,282 2183,282 2208,283 2233,283 2259,283 2284,283 2309,283 2334,283 2359,282 2385,282 2410,281 2435,281 2460,280 2486,279"/>
                <TextEquiv>
                    <Unicode>box 21/3</Unicode>
                </TextEquiv>
            </TextLine>
            <TextLine id="r3l2" custom="readingOrder {index:1;}">
                <Coords points="2037,1444 2053,1444 2064,1456 2090,1451 2097,1458 2110,1452 2118,1457 2143,1454 2164,1299 2094,1292 2076,1275 2060,1271"/>
                <Baseline points="2050,1425 2078,1426 2107,1429 2136,1437"/>
                <TextEquiv>
                    <Unicode>1</Unicode>
                </TextEquiv>
            </TextLine>
            <TextLine id="r3l3" custom="readingOrder {index:2;}">
                <Coords points="3117,1462 3180,1461 3193,1472 3199,1472 3205,1466 3219,1468 3220,1425 3206,1425 3202,1429 3179,1424 3146,1428 3142,1424 3118,1423"/>
                <Baseline points="3128,1459 3155,1460 3182,1460 3210,1461"/>
                <TextEquiv>
                    <Unicode>Vorles</Unicode>
                </TextEquiv>
            </TextLine>
            <TextLine id="r3l4" custom="readingOrder {index:3;}">
                <Coords points="2220,1499 2427,1510 2485,1486 2556,1517 2589,1501 2632,1520 2735,1501 2774,1516 2831,1494 2832,1437 2248,1425 2221,1441"/>
                <Baseline points="2230,1487 2259,1487 2289,1487 2318,1487 2348,1487 2378,1487 2407,1488 2437,1488 2466,1489 2496,1489 2526,1490 2555,1490 2585,1491 2614,1491 2644,1492 2674,1492 2703,1493 2733,1493 2762,1493 2792,1493 2822,1493"/>
                <TextEquiv>
                    <Unicode>Bleine Chronik.</Unicode>
                </TextEquiv>
            </TextLine>
            <TextLine id="r3l5" custom="readingOrder {index:4;}">
                <Coords points="3109,1501 3120,1501 3124,1498 3132,1504 3140,1503 3148,1511 3152,1507 3173,1506 3175,1461 3161,1460 3146,1464 3140,1461 3128,1463 3122,1458 3112,1458"/>
                <Baseline points="3120,1495 3164,1497"/>
                <TextEquiv>
                    <Unicode>Leb</Unicode>
                </TextEquiv>
            </TextLine>
            <TextLine id="r3l6" custom="readingOrder {index:5;}">
                <Coords points="1957,1532 2021,1533 2039,1550 2084,1531 2125,1547 2187,1537 2290,1568 2363,1558 2365,1499 2256,1509 2212,1472 2149,1497 2124,1473 2109,1483 2076,1473 2038,1503 1959,1493"/>
                <Baseline points="1967,1526 1992,1526 2018,1527 2044,1528 2070,1529 2096,1530 2121,1532 2147,1534 2173,1535 2199,1536 2225,1537 2250,1538 2276,1538 2302,1538 2328,1538 2354,1537"/>
                <TextEquiv>
                    <Unicode>g TrnN</Unicode>
                </TextEquiv>
            </TextLine>
            <TextLine id="r3l7" custom="readingOrder {index:6;}">
                <Coords points="3094,1540 3104,1539 3115,1549 3119,1545 3131,1544 3135,1540 3143,1546 3149,1543 3160,1543 3158,1502 3147,1502 3145,1505 3131,1503 3122,1497 3120,1500 3101,1482 3091,1483"/>
                <Baseline points="3104,1540 3150,1538"/>
                <TextEquiv>
                    <Unicode>des</Unicode>
                </TextEquiv>
            </TextLine>
            <TextLine id="r3l8" custom="readingOrder {index:7;}">
                <Coords points="2652,1567 2800,1573 2843,1554 2972,1571 3075,1552 3074,1511 2961,1520 2926,1502 2906,1513 2861,1503 2812,1520 2736,1502 2705,1513 2652,1505"/>
                <Baseline points="2663,1550 2688,1553 2713,1556 2738,1558 2763,1559 2788,1559 2813,1559 2838,1558 2863,1557 2888,1556 2913,1554 2938,1554 2963,1553 2988,1552 3013,1552 3038,1553 3064,1554"/>
                <TextEquiv>
                    <Unicode>Leipzig. 8. Oktober.</Unicode>
                </TextEquiv>
            </TextLine>
            <TextLine id="r3l9" custom="readingOrder {index:8;}">
                <Coords points="3102,1588 3112,1588 3118,1581 3124,1583 3132,1581 3143,1590 3147,1588 3153,1592 3166,1591 3163,1542 3145,1545 3141,1541 3139,1543 3134,1540 3130,1544 3120,1544 3114,1549 3100,1547"/>
                <Baseline points="3111,1581 3155,1579"/>
                <TextEquiv>
                    <Unicode>lich</Unicode>
                </TextEquiv>
            </TextLine>
            <TextLine id="r3l10" custom="readingOrder {index:9;}">
                <Coords points="1988,1616 2915,1618 3098,1606 3098,1573 2209,1550 1988,1581"/>
                <Baseline points="1999,1601 2053,1602 2107,1603 2162,1603 2216,1603 2271,1603 2325,1603 2380,1603 2434,1603 2489,1603 2543,1602 2597,1602 2652,1602 2706,1602 2761,1602 2815,1602 2870,1602 2924,1602 2979,1603 3033,1603 3088,1604"/>
                <TextEquiv>
                    <Unicode>Leichte Ware. Wenn ein Dichter vier Einakter unter einem</Unicode>
                </TextEquiv>
            </TextLine>
            <TextLine id="r3l11" custom="readingOrder {index:10;}">
                <Coords points="3100,1624 3131,1624 3135,1620 3172,1621 3184,1631 3194,1631 3195,1582 3175,1582 3158,1592 3144,1590 3132,1581 3119,1581 3113,1587 3101,1585"/>
                <Baseline points="3111,1620 3147,1618 3184,1621"/>
                <TextEquiv>
                    <Unicode>beob</Unicode>
                </TextEquiv>
            </TextLine>
            <TextLine id="r3l12" custom="readingOrder {index:11;}">
                <Coords points="1936,1656 3095,1647 3095,1608 3054,1606 1936,1596"/>
                <Baseline points="1945,1644 2004,1644 2064,1644 2124,1644 2184,1644 2244,1644 2304,1644 2364,1644 2424,1644 2484,1644 2544,1644 2604,1644 2664,1644 2724,1644 2784,1644 2844,1644 2904,1643 2964,1643 3024,1643 3084,1643"/>
                <TextEquiv>
                    <Unicode>Haupttitel in die Welt hinausschickt, müssen wir wohl oder übel</Unicode>
                </TextEquiv>
            </TextLine>
            <TextLine id="r3l13" custom="readingOrder {index:12;}">
                <Coords points="3110,1664 3133,1661 3143,1670 3157,1663 3174,1671 3209,1663 3240,1667 3248,1661 3270,1671 3281,1663 3299,1665 3299,1620 3229,1632 3215,1626 3186,1632 3172,1620 3110,1625"/>
                <Baseline points="3121,1659 3149,1659 3177,1660 3205,1660 3233,1660 3261,1659 3289,1657"/>
                <TextEquiv>
                    <Unicode>tieferen Ei</Unicode>
                </TextEquiv>
            </TextLine>
            <TextLine id="r3l14" custom="readingOrder {index:13;}">
                <Coords points="1939,1684 2866,1700 3081,1690 3098,1645 1939,1655"/>
                <Baseline points="1948,1684 2007,1683 2067,1683 2127,1682 2187,1682 2247,1682 2307,1682 2367,1682 2427,1683 2487,1683 2547,1683 2607,1683 2667,1683 2727,1684 2787,1683 2847,1683 2907,1683 2967,1682 3027,1682 3087,1681"/>
                <TextEquiv>
                    <Unicode>versuchen, irgend einen Grundgedanken herauszufinden, der eine</Unicode>
                </TextEquiv>
            </TextLine>
            <TextLine id="r3l15" custom="readingOrder {index:14;}">
                <Coords points="3105,1710 3140,1710 3152,1702 3175,1714 3191,1702 3206,1712 3243,1716 3257,1704 3290,1706 3290,1663 3271,1671 3249,1661 3238,1669 3212,1663 3183,1671 3171,1663 3105,1663"/>
                <Baseline points="3115,1702 3142,1700 3169,1700 3197,1700 3224,1701 3251,1701 3279,1699"/>
                <TextEquiv>
                    <Unicode>fahren num</Unicode>
                </TextEquiv>
            </TextLine>
            <TextLine id="r3l16" custom="readingOrder {index:15;}">
                <Coords points="1943,1732 3067,1732 3100,1681 1943,1687"/>
                <Baseline points="1953,1721 2009,1721 2066,1722 2123,1722 2180,1723 2237,1723 2294,1723 2350,1724 2407,1724 2464,1724 2521,1724 2578,1724 2635,1724 2692,1724 2748,1723 2805,1723 2862,1722 2919,1721 2976,1720 3033,1719 3090,1718"/>
                <TextEquiv>
                    <Unicode>Art Verbindung zwischen den vier Stücken herstellt. Der Wiener</Unicode>
                </TextEquiv>
            </TextLine>
            <TextLine id="r3l17" custom="readingOrder {index:16;}">
                <Coords points="3112,1744 3142,1748 3155,1743 3179,1751 3214,1745 3220,1751 3247,1738 3259,1751 3272,1746 3282,1752 3300,1748 3300,1703 3251,1706 3240,1701 3222,1712 3206,1712 3187,1702 3175,1714 3152,1702 3140,1711 3111,1709"/>
                <Baseline points="3121,1739 3149,1740 3177,1740 3205,1740 3233,1740 3261,1739 3289,1737"/>
                <TextEquiv>
                    <Unicode>wie der Di</Unicode>
                </TextEquiv>
            </TextLine>
            <TextLine id="r3l18" custom="readingOrder {index:17;}">
                <Coords points="1940,1764 2980,1776 3097,1763 3097,1726 1940,1731"/>
                <Baseline points="1951,1761 2007,1762 2064,1762 2121,1762 2178,1762 2234,1763 2291,1763 2348,1763 2405,1763 2461,1763 2518,1763 2575,1763 2632,1763 2688,1763 2745,1763 2802,1762 2859,1762 2915,1762 2972,1761 3029,1760 3086,1760"/>
                <TextEquiv>
                    <Unicode>Dichter Arthur Schnitzler hat den vier Einaktern, die gestern</Unicode>
                </TextEquiv>
            </TextLine>
            <TextLine id="r3l19" custom="readingOrder {index:18;}">
                <Coords points="3104,1786 3124,1785 3137,1792 3157,1783 3178,1799 3192,1785 3217,1776 3229,1784 3284,1784 3284,1749 3268,1745 3261,1751 3243,1737 3220,1750 3212,1743 3179,1752 3153,1742 3140,1748 3122,1742 3114,1751 3103,1751"/>
                <Baseline points="3114,1782 3140,1778 3167,1776 3194,1776 3221,1777 3248,1778 3275,1777"/>
                <TextEquiv>
                    <Unicode>seiner Kur</Unicode>
                </TextEquiv>
            </TextLine>
            <TextLine id="r3l20" custom="readingOrder {index:19;}">
                <Coords points="1931,1804 3084,1812 3100,1764 1931,1779"/>
                <Baseline points="1941,1803 1998,1803 2056,1803 2113,1803 2171,1803 2228,1803 2286,1803 2343,1803 2401,1803 2458,1803 2516,1803 2573,1803 2631,1803 2688,1803 2746,1803 2803,1802 2861,1801 2918,1800 2976,1799 3033,1798 3091,1796"/>
                <TextEquiv>
                    <Unicode>im Leipziger Schauspielhaus aufgeführt wurden, den Gesamttitel</Unicode>
                </TextEquiv>
            </TextLine>
            <TextLine id="r3l21" custom="readingOrder {index:20;}">
                <Coords points="3100,1821 3161,1826 3182,1814 3214,1842 3239,1822 3266,1820 3282,1832 3299,1826 3299,1783 3221,1781 3184,1789 3174,1783 3100,1783"/>
                <Baseline points="3110,1818 3135,1816 3161,1816 3186,1816 3212,1816 3237,1817 3263,1817 3289,1817"/>
                <TextEquiv>
                    <Unicode>der Philif</Unicode>
                </TextEquiv>
            </TextLine>
            <TextLine id="r3l22" custom="readingOrder {index:21;}">
                <Coords points="1932,1865 3093,1844 3093,1808 2885,1794 1932,1801"/>
                <Baseline points="1942,1844 1999,1843 2056,1842 2113,1841 2170,1841 2227,1841 2284,1841 2341,1842 2398,1842 2455,1842 2512,1843 2569,1843 2626,1843 2683,1843 2740,1843 2797,1843 2854,1842 2911,1841 2968,1840 3025,1838 3083,1836"/>
                <TextEquiv>
                    <Unicode>Lebendige Stunden gegeben. Ist damit viel gesagt? Wir</Unicode>
                </TextEquiv>
            </TextLine>
            <TextLine id="r3l23" custom="readingOrder {index:22;}">
                <Coords points="3117,1865 3170,1865 3182,1873 3223,1869 3273,1886 3293,1882 3293,1828 3265,1820 3240,1822 3215,1840 3181,1812 3162,1826 3135,1820 3117,1824"/>
                <Baseline points="3126,1857 3152,1858 3178,1858 3204,1857 3230,1857 3256,1858 3282,1859"/>
                <TextEquiv>
                    <Unicode>Recht, sich</Unicode>
                </TextEquiv>
            </TextLine>
            <TextLine id="r3l24" custom="readingOrder {index:23;}">
                <Coords points="1930,1895 3102,1895 3102,1845 1930,1866"/>
                <Baseline points="1941,1883 1998,1882 2056,1882 2113,1881 2171,1881 2228,1881 2286,1881 2343,1881 2401,1881 2458,1881 2516,1882 2574,1882 2631,1882 2689,1882 2746,1882 2804,1881 2861,1881 2919,1880 2976,1879 3034,1878 3092,1877"/>
                <TextEquiv>
                    <Unicode>wollen sehn. Der erste Einakter ist in der Hauptsache ein Zwie¬</Unicode>
                </TextEquiv>
            </TextLine>
            <TextLine id="r3l25" custom="readingOrder {index:24;}">
                <Coords points="3105,1927 3124,1927 3142,1916 3167,1916 3175,1922 3195,1909 3201,1913 3214,1909 3222,1915 3253,1906 3269,1909 3268,1874 3248,1879 3227,1867 3217,1872 3190,1864 3182,1872 3172,1864 3159,1869 3135,1861 3104,1864"/>
                <Baseline points="3116,1904 3144,1899 3173,1897 3201,1897 3230,1898 3259,1899"/>
                <TextEquiv>
                    <Unicode>hinweg.</Unicode>
                </TextEquiv>
            </TextLine>
            <TextLine id="r3l26" custom="readingOrder {index:25;}">
                <Coords points="1939,1928 3104,1933 3104,1887 1939,1899"/>
                <Baseline points="1949,1926 2006,1924 2063,1923 2120,1922 2178,1922 2235,1921 2292,1921 2349,1921 2407,1921 2464,1921 2521,1921 2578,1921 2636,1921 2693,1921 2750,1921 2807,1920 2865,1920 2922,1919 2979,1919 3036,1918 3094,1916"/>
                <TextEquiv>
                    <Unicode>gespräch zwischen einem pensionierten Beamten und einem jungen</Unicode>
                </TextEquiv>
            </TextLine>
            <TextLine id="r3l27" custom="readingOrder {index:26;}">
                <Coords points="3166,1954 3213,1953 3224,1961 3244,1952 3263,1964 3283,1961 3282,1914 3270,1916 3260,1908 3247,1907 3229,1913 3215,1909 3204,1914 3194,1910 3186,1916 3176,1906 3165,1906"/>
                <Baseline points="3177,1947 3208,1947 3240,1945 3272,1946"/>
                <TextEquiv>
                    <Unicode>Mir</Unicode>
                </TextEquiv>
            </TextLine>
            <TextLine id="r3l28" custom="readingOrder {index:27;}">
                <Coords points="1943,1965 3104,1961 3103,1920 2966,1913 1942,1937"/>
                <Baseline points="1952,1964 2009,1963 2066,1962 2123,1962 2180,1961 2237,1961 2294,1960 2351,1960 2408,1960 2465,1960 2523,1960 2580,1960 2637,1959 2694,1959 2751,1959 2808,1959 2865,1958 2922,1958 2979,1957 3036,1957 3094,1956"/>
                <TextEquiv>
                    <Unicode>Dichter. Der Beamte ist der treue Freund der von ihrem Manne</Unicode>
                </TextEquiv>
            </TextLine>
            <TextLine id="r3l29" custom="readingOrder {index:28;}">
                <Coords points="3161,1998 3179,1993 3191,1997 3214,1992 3218,1996 3232,1991 3245,1997 3257,1990 3267,1994 3298,1991 3297,1956 3266,1957 3262,1961 3243,1952 3229,1961 3215,1953 3159,1957"/>
                <Baseline points="3171,1989 3200,1986 3229,1986 3258,1986 3287,1983"/>
                <TextEquiv>
                    <Unicode>Und n</Unicode>
                </TextEquiv>
            </TextLine>
            <TextLine id="r3l30" custom="readingOrder {index:29;}">
                <Coords points="1946,2005 3029,2014 3115,2001 3115,1964 1946,1966"/>
                <Baseline points="1956,2001 2013,2000 2071,2000 2128,2000 2186,2000 2243,2000 2301,2000 2358,2000 2416,2000 2473,2000 2531,2000 2588,2000 2646,2000 2703,2000 2761,2000 2818,2000 2876,1999 2933,1998 2991,1997 3048,1996 3106,1995"/>
                <TextEquiv>
                    <Unicode>verlassenen Mutter des Dichters gewesen. Die Frau ist vor</Unicode>
                </TextEquiv>
            </TextLine>
            <TextLine id="r3l31" custom="readingOrder {index:30;}">
                <Coords points="3098,2032 3116,2036 3129,2031 3135,2038 3141,2031 3158,2037 3168,2031 3178,2041 3215,2030 3246,2038 3254,2032 3285,2037 3284,1994 3255,1989 3245,1997 3204,1991 3200,1996 3151,1992 3141,1998 3112,1976 3097,1977"/>
                <Baseline points="3109,2030 3136,2029 3164,2029 3192,2029 3219,2028 3247,2028 3275,2027"/>
                <TextEquiv>
                    <Unicode>dem Do</Unicode>
                </TextEquiv>
            </TextLine>
            <TextLine id="r3l32" custom="readingOrder {index:31;}">
                <Coords points="1933,2051 3102,2035 3102,2004 2954,1996 1933,2000"/>
                <Baseline points="1944,2042 2001,2041 2058,2040 2116,2040 2173,2039 2231,2039 2288,2039 2345,2039 2403,2039 2460,2038 2518,2038 2575,2038 2632,2038 2690,2038 2747,2038 2805,2038 2862,2038 2919,2037 2977,2037 3034,2037 3092,2036"/>
                <TextEquiv>
                    <Unicode>kurzem nach langem Krankenlager freiwillig aus dem Leben ge¬</Unicode>
                </TextEquiv>
            </TextLine>
            <TextLine id="r3l33" custom="readingOrder {index:32;}">
                <Coords points="3100,2078 3114,2073 3174,2082 3188,2073 3195,2079 3250,2073 3262,2083 3272,2074 3281,2080 3303,2071 3302,2032 3285,2029 3273,2037 3212,2031 3175,2043 3164,2033 3158,2037 3142,2029 3136,2036 3099,2033"/>
                <Baseline points="3111,2077 3136,2073 3162,2071 3188,2071 3214,2070 3240,2070 3266,2070 3292,2068"/>
                <TextEquiv>
                    <Unicode>seine Erlei</Unicode>
                </TextEquiv>
            </TextLine>
            <TextLine id="r3l34" custom="readingOrder {index:33;}">
                <Coords points="1941,2082 3095,2080 3081,2037 1941,2039"/>
                <Baseline points="1950,2082 2006,2081 2063,2080 2120,2079 2177,2079 2234,2078 2290,2078 2347,2078 2404,2077 2461,2077 2518,2077 2574,2078 2631,2078 2688,2078 2745,2078 2802,2078 2858,2078 2915,2078 2972,2078 3029,2078 3086,2077"/>
                <TextEquiv>
                    <Unicode>schieden, um ihres Sohnes Schaffenskraft nicht zu hemmen. Sie</Unicode>
                </TextEquiv>
            </TextLine>
            <TextLine id="r3l35" custom="readingOrder {index:34;}">
                <Coords points="3108,2115 3129,2119 3143,2112 3186,2124 3196,2113 3208,2113 3219,2121 3241,2116 3264,2124 3280,2112 3293,2111 3292,2081 3261,2083 3251,2073 3210,2074 3191,2083 3181,2077 3163,2081 3107,2074"/>
                <Baseline points="3118,2114 3145,2112 3172,2111 3200,2110 3227,2110 3254,2110 3282,2110"/>
                <TextEquiv>
                    <Unicode>Frau ihm</Unicode>
                </TextEquiv>
            </TextLine>
            <TextLine id="r3l36" custom="readingOrder {index:35;}">
                <Coords points="1934,2124 3062,2127 3095,2080 1934,2085"/>
                <Baseline points="1945,2120 2004,2120 2064,2120 2124,2120 2184,2120 2244,2119 2304,2119 2364,2118 2424,2118 2484,2118 2544,2117 2604,2117 2664,2116 2724,2116 2784,2116 2844,2116 2904,2116 2964,2116 3024,2116 3084,2116"/>
                <TextEquiv>
                    <Unicode>hat dem treuen Freunde den wahren Sachverhalt mitgeteilt mit</Unicode>
                </TextEquiv>
            </TextLine>
            <TextLine id="r3l37" custom="readingOrder {index:36;}">
                <Coords points="3103,2151 3126,2155 3134,2163 3148,2152 3231,2163 3243,2154 3272,2158 3290,2153 3289,2112 3261,2125 3240,2116 3232,2124 3222,2122 3211,2114 3195,2114 3187,2123 3160,2115 3102,2116"/>
                <Baseline points="3113,2151 3140,2150 3168,2149 3196,2149 3224,2149 3252,2148 3280,2146"/>
                <TextEquiv>
                    <Unicode>ihm das</Unicode>
                </TextEquiv>
            </TextLine>
            <TextLine id="r3l38" custom="readingOrder {index:37;}">
                <Coords points="1933,2168 3070,2169 3098,2123 1933,2125"/>
                <Baseline points="1944,2159 2001,2159 2058,2159 2115,2159 2172,2159 2230,2159 2287,2159 2344,2158 2401,2158 2458,2158 2516,2157 2573,2157 2630,2157 2687,2156 2744,2156 2802,2156 2859,2155 2916,2155 2973,2154 3030,2154 3088,2154"/>
                <TextEquiv>
                    <Unicode>dem ausdrücklichen Ersuchen, dem Sohne nichts davon zu ver¬</Unicode>
                </TextEquiv>
            </TextLine>
            <TextLine id="r3l39" custom="readingOrder {index:38;}">
                <Coords points="3106,2205 3145,2191 3155,2201 3165,2195 3188,2203 3208,2188 3223,2201 3274,2200 3286,2188 3298,2188 3298,2163 3257,2153 3233,2164 3189,2162 3179,2152 3171,2158 3148,2154 3142,2160 3105,2152"/>
                <Baseline points="3115,2188 3143,2188 3172,2188 3201,2188 3230,2188 3259,2187 3288,2187"/>
                <TextEquiv>
                    <Unicode>wird uns</Unicode>
                </TextEquiv>
            </TextLine>
            <TextLine id="r3l40" custom="readingOrder {index:39;}">
                <Coords points="1936,2196 3101,2199 3101,2162 3001,2156 1936,2163"/>
                <Baseline points="1947,2199 2004,2198 2061,2198 2118,2197 2175,2197 2233,2196 2290,2196 2347,2196 2404,2196 2461,2196 2519,2196 2576,2196 2633,2196 2690,2196 2747,2195 2805,2195 2862,2195 2919,2194 2976,2193 3033,2192 3091,2191"/>
                <TextEquiv>
                    <Unicode>raten. Der Alte und der junge Dichter geben in verschiedener</Unicode>
                </TextEquiv>
            </TextLine>
            <TextLine id="r3l41" custom="readingOrder {index:40;}">
                <Coords points="3107,2236 3129,2231 3144,2237 3166,2235 3179,2229 3189,2238 3222,2232 3258,2241 3259,2200 3222,2199 3208,2189 3202,2195 3191,2191 3183,2197 3107,2193"/>
                <Baseline points="3117,2228 3143,2227 3169,2227 3196,2228 3222,2228 3249,2230"/>
                <TextEquiv>
                    <Unicode>ein ganz</Unicode>
                </TextEquiv>
            </TextLine>
            <TextLine id="r3l42" custom="readingOrder {index:41;}">
                <Coords points="1944,2242 3105,2244 3088,2197 1944,2201"/>
                <Baseline points="1954,2238 2011,2238 2068,2237 2125,2237 2182,2237 2239,2236 2296,2236 2353,2236 2410,2236 2467,2236 2524,2236 2581,2236 2638,2236 2695,2235 2752,2235 2809,2235 2866,2235 2923,2234 2980,2234 3037,2234 3095,2233"/>
                <TextEquiv>
                    <Unicode>Weise ihrem Schmerz über die Verstorbene Ausdruck, und es stellt</Unicode>
                </TextEquiv>
            </TextLine>
            <TextLine id="r3l43" custom="readingOrder {index:42;}">
                <Coords points="3106,2278 3137,2274 3155,2280 3174,2272 3192,2280 3200,2272 3227,2276 3235,2270 3270,2293 3284,2295 3285,2242 3264,2244 3238,2235 3190,2239 3178,2229 3143,2237 3131,2230 3106,2236"/>
                <Baseline points="3116,2268 3142,2267 3168,2267 3195,2268 3221,2268 3247,2268 3274,2268"/>
                <TextEquiv>
                    <Unicode>Dichtung.</Unicode>
                </TextEquiv>
            </TextLine>
            <TextLine id="r3l44" custom="readingOrder {index:43;}">
                <Coords points="1936,2276 3102,2292 3073,2237 1936,2243"/>
                <Baseline points="1946,2279 2003,2278 2060,2277 2117,2276 2175,2276 2232,2275 2289,2275 2347,2275 2404,2275 2461,2274 2519,2274 2576,2274 2633,2274 2690,2274 2748,2274 2805,2274 2862,2274 2920,2274 2977,2274 3034,2273 3092,2273"/>
                <TextEquiv>
                    <Unicode>sich heraus, daß der Alte ein Grauen vor den Künstlern hat, die</Unicode>
                </TextEquiv>
            </TextLine>
            <TextLine id="r3l45" custom="readingOrder {index:44;}">
                <Coords points="3114,2312 3153,2316 3169,2312 3177,2321 3192,2308 3212,2315 3229,2309 3276,2315 3276,2276 3229,2274 3225,2278 3212,2270 3192,2280 3175,2271 3165,2271 3157,2280 3139,2273 3130,2279 3114,2277"/>
                <Baseline points="3124,2307 3152,2308 3180,2307 3209,2308 3237,2308 3266,2308"/>
                <TextEquiv>
                    <Unicode>auch kein</Unicode>
                </TextEquiv>
            </TextLine>
            <TextLine id="r3l46" custom="readingOrder {index:45;}">
                <Coords points="1935,2317 3101,2321 3100,2280 3031,2274 1935,2286"/>
                <Baseline points="1945,2320 2002,2319 2059,2318 2116,2317 2174,2316 2231,2316 2288,2315 2345,2315 2403,2315 2460,2315 2517,2314 2574,2314 2632,2314 2689,2314 2746,2314 2803,2314 2861,2314 2918,2314 2975,2313 3032,2313 3090,2312"/>
                <TextEquiv>
                    <Unicode>sich den Schmerz von der Seele dichten können. Der junge Dichter</Unicode>
                </TextEquiv>
            </TextLine>
            <TextLine id="r3l47" custom="readingOrder {index:46;}">
                <Coords points="3105,2345 3117,2344 3138,2362 3168,2352 3177,2360 3197,2357 3210,2359 3218,2367 3234,2361 3251,2367 3250,2313 3233,2314 3229,2309 3207,2318 3190,2308 3180,2319 3168,2311 3153,2317 3125,2311 3116,2318 3104,2318"/>
                <Baseline points="3115,2349 3146,2346 3177,2347 3208,2348 3239,2343"/>
                <TextEquiv>
                    <Unicode>Erlebnis</Unicode>
                </TextEquiv>
            </TextLine>
            <TextLine id="r3l48" custom="readingOrder {index:47;}">
                <Coords points="1936,2364 3066,2365 3092,2318 1935,2316"/>
                <Baseline points="1945,2360 2001,2358 2058,2357 2115,2356 2172,2356 2229,2355 2286,2355 2342,2355 2399,2355 2456,2355 2513,2355 2570,2355 2627,2355 2684,2355 2740,2355 2797,2355 2854,2355 2911,2354 2968,2353 3025,2352 3082,2351"/>
                <TextEquiv>
                    <Unicode>ist auch auf dem besten Wege dazu. Da enthüllt der Alte, um den</Unicode>
                </TextEquiv>
            </TextLine>
            <TextLine id="r3l49" custom="readingOrder {index:48;}">
                <Coords points="3099,2400 3132,2401 3144,2389 3164,2401 3172,2392 3183,2392 3191,2400 3228,2393 3227,2367 3196,2357 3176,2359 3166,2351 3147,2356 3139,2364 3112,2340 3098,2342"/>
                <Baseline points="3108,2390 3135,2387 3162,2387 3189,2387 3217,2387"/>
                <TextEquiv>
                    <Unicode>Lsen.</Unicode>
                </TextEquiv>
            </TextLine>
            <TextLine id="r3l50" custom="readingOrder {index:49;}">
                <Coords points="1945,2404 3024,2402 3096,2399 3096,2358 1945,2361"/>
                <Baseline points="1955,2399 2011,2398 2068,2396 2124,2396 2181,2395 2237,2394 2294,2394 2350,2394 2407,2394 2463,2394 2520,2394 2576,2394 2633,2394 2689,2394 2746,2394 2802,2393 2859,2393 2915,2392 2972,2390 3028,2389 3085,2387"/>
                <TextEquiv>
                    <Unicode>jungen Mann zu treffen, das Geheimnis des Opfertodes der</Unicode>
                </TextEquiv>
            </TextLine>
            <TextLine id="r3l51" custom="readingOrder {index:50;}">
                <Coords points="3107,2433 3148,2431 3175,2441 3193,2431 3216,2435 3232,2423 3247,2434 3265,2430 3265,2386 3247,2384 3228,2397 3220,2392 3189,2398 3181,2390 3163,2398 3132,2390 3124,2398 3107,2398"/>
                <Baseline points="3117,2425 3144,2426 3172,2427 3199,2427 3227,2427 3255,2425"/>
                <TextEquiv>
                    <Unicode>nischen R</Unicode>
                </TextEquiv>
            </TextLine>
            <TextLine id="r3l52" custom="readingOrder {index:51;}">
                <Coords points="1939,2440 3093,2439 3093,2398 1939,2408"/>
                <Baseline points="1948,2438 2004,2437 2061,2436 2118,2435 2175,2434 2232,2434 2288,2434 2345,2434 2402,2434 2459,2434 2516,2434 2572,2434 2629,2434 2686,2434 2743,2434 2800,2434 2856,2434 2913,2433 2970,2432 3027,2432 3084,2430"/>
                <TextEquiv>
                    <Unicode>Mutter. Aber auch das nützt ihm nichts. Der Dichter tröstet sich</Unicode>
                </TextEquiv>
            </TextLine>
            <TextLine id="r3l53" custom="readingOrder {index:52;}">
                <Coords points="3099,2470 3111,2468 3120,2476 3140,2471 3153,2481 3167,2474 3175,2480 3183,2477 3198,2481 3210,2470 3220,2468 3224,2472 3228,2467 3238,2467 3237,2436 3223,2439 3202,2429 3182,2440 3163,2443 3149,2431 3097,2433"/>
                <Baseline points="3110,2472 3139,2470 3169,2469 3199,2468 3229,2467"/>
                <TextEquiv>
                    <Unicode>sehen,</Unicode>
                </TextEquiv>
            </TextLine>
            <TextLine id="r3l54" custom="readingOrder {index:53;}">
                <Coords points="1935,2486 2983,2490 3089,2482 3089,2439 1934,2441"/>
                <Baseline points="1944,2478 2000,2476 2057,2475 2114,2474 2171,2474 2227,2473 2284,2473 2341,2473 2398,2473 2454,2473 2511,2473 2568,2473 2625,2473 2681,2473 2738,2473 2795,2473 2852,2473 2908,2472 2965,2472 3022,2471 3079,2470"/>
                <TextEquiv>
                    <Unicode>damit, daß er beweisen wird, daß seine Mutter nicht vergeblich</Unicode>
                </TextEquiv>
            </TextLine>
            <TextLine id="r3l55" custom="readingOrder {index:54;}">
                <Coords points="3092,2530 3102,2529 3116,2514 3127,2520 3134,2511 3141,2511 3151,2521 3167,2516 3178,2521 3194,2510 3198,2514 3219,2511 3217,2472 3192,2482 3170,2475 3149,2478 3132,2472 3126,2477 3112,2469 3106,2476 3099,2470 3089,2470"/>
                <Baseline points="3101,2513 3127,2510 3154,2508 3181,2507 3208,2508"/>
                <TextEquiv>
                    <Unicode>himml</Unicode>
                </TextEquiv>
            </TextLine>
            <TextLine id="r3l56" custom="readingOrder {index:55;}">
                <Coords points="1940,2522 3075,2524 3095,2483 1940,2490"/>
                <Baseline points="1951,2519 2007,2518 2064,2516 2120,2515 2177,2514 2234,2513 2290,2512 2347,2512 2404,2512 2460,2511 2517,2511 2574,2511 2630,2511 2687,2511 2744,2511 2800,2511 2857,2511 2914,2511 2970,2511 3027,2511 3084,2510"/>
                <TextEquiv>
                    <Unicode>gestorben sei. Da bricht der ganze Unmut des Alten los: „Was</Unicode>
                </TextEquiv>
            </TextLine>
            <TextLine id="r3l57" custom="readingOrder {index:56;}">
                <Coords points="3094,2561 3113,2565 3143,2553 3170,2557 3176,2550 3199,2550 3215,2560 3258,2558 3258,2513 3190,2511 3137,2522 3131,2516 3127,2520 3119,2514 3108,2518 3094,2514"/>
                <Baseline points="3105,2547 3133,2546 3162,2545 3191,2545 3220,2546 3249,2545"/>
                <TextEquiv>
                    <Unicode>der Nähl</Unicode>
                </TextEquiv>
            </TextLine>
            <TextLine id="r3l58" custom="readingOrder {index:57;}">
                <Coords points="1930,2565 3085,2563 3084,2515 1930,2520"/>
                <Baseline points="1939,2557 1995,2555 2052,2554 2109,2553 2166,2551 2223,2551 2279,2550 2336,2550 2393,2550 2450,2550 2507,2550 2563,2550 2620,2550 2677,2551 2734,2551 2791,2551 2847,2551 2904,2550 2961,2550 3018,2549 3075,2548"/>
                <TextEquiv>
                    <Unicode>ist denn Deine ganze Schreiberei, und wenn Du das größte Genie</Unicode>
                </TextEquiv>
            </TextLine>
            <TextLine id="r3l59" custom="readingOrder {index:58;}">
                <Coords points="3108,2599 3138,2597 3151,2590 3186,2598 3196,2587 3218,2599 3239,2592 3261,2596 3261,2555 3197,2550 3107,2560"/>
                <Baseline points="3118,2586 3144,2586 3170,2586 3197,2586 3223,2585 3250,2582"/>
                <TextEquiv>
                    <Unicode>erhobenen</Unicode>
                </TextEquiv>
            </TextLine>
            <TextLine id="r3l60" custom="readingOrder {index:59;}">
                <Coords points="1941,2594 3090,2597 3090,2556 2987,2551 1941,2555"/>
                <Baseline points="1951,2594 2007,2593 2063,2592 2120,2592 2176,2591 2233,2591 2289,2590 2345,2590 2402,2590 2458,2590 2515,2589 2571,2589 2627,2589 2684,2588 2740,2588 2797,2588 2853,2588 2909,2587 2966,2587 3022,2587 3079,2586"/>
                <TextEquiv>
                    <Unicode>bist, was ist sie denn gegen so eine Stunde, so eine lebendige</Unicode>
                </TextEquiv>
            </TextLine>
            <TextLine id="r3l61" custom="readingOrder {index:60;}">
                <Coords points="3103,2636 3136,2639 3146,2631 3154,2638 3183,2640 3189,2633 3214,2645 3220,2638 3233,2642 3257,2625 3273,2622 3272,2591 3219,2599 3196,2588 3188,2596 3149,2591 3143,2598 3102,2601"/>
                <Baseline points="3114,2632 3143,2629 3173,2627 3203,2627 3233,2627 3263,2625"/>
                <TextEquiv>
                    <Unicode>gestochen</Unicode>
                </TextEquiv>
            </TextLine>
            <TextLine id="r3l62" custom="readingOrder {index:61;}">
                <Coords points="1940,2638 3086,2632 3086,2597 3008,2586 1940,2593"/>
                <Baseline points="1951,2635 2007,2634 2063,2633 2119,2632 2176,2631 2232,2630 2288,2629 2344,2629 2401,2629 2457,2628 2513,2628 2569,2628 2626,2628 2682,2628 2738,2628 2794,2628 2851,2628 2907,2628 2963,2628 3019,2628 3076,2628"/>
                <TextEquiv>
                    <Unicode>Stunde, in der Deine Mutter hier auf dem Lehnstuhl gesessen</Unicode>
                </TextEquiv>
            </TextLine>
            <TextLine id="r3l63" custom="readingOrder {index:62;}">
                <Coords points="3098,2675 3125,2672 3133,2676 3149,2669 3158,2674 3164,2670 3183,2680 3203,2664 3217,2664 3216,2639 3187,2634 3183,2638 3168,2635 3154,2640 3146,2632 3136,2639 3097,2634"/>
                <Baseline points="3109,2667 3141,2667 3173,2664 3206,2664"/>
                <TextEquiv>
                    <Unicode>sein —</Unicode>
                </TextEquiv>
            </TextLine>
            <TextLine id="r3l64" custom="readingOrder {index:63;}">
                <Coords points="1934,2673 3093,2679 3093,2634 2943,2626 1934,2628"/>
                <Baseline points="1945,2675 2001,2674 2058,2673 2115,2673 2172,2672 2229,2671 2286,2671 2343,2670 2400,2670 2457,2669 2514,2669 2570,2669 2627,2668 2684,2668 2741,2668 2798,2668 2855,2668 2912,2668 2969,2669 3026,2669 3083,2669"/>
                <TextEquiv>
                    <Unicode>ist und zu uns geredet hat oder auch geschwiegen — aber da ist</Unicode>
                </TextEquiv>
            </TextLine>
            <TextLine id="r3l65" custom="readingOrder {index:64;}">
                <Coords points="3099,2716 3121,2710 3136,2712 3144,2720 3163,2720 3210,2709 3228,2723 3261,2717 3261,2678 3224,2680 3207,2664 3185,2681 3177,2672 3158,2675 3150,2668 3136,2675 3099,2675"/>
                <Baseline points="3110,2708 3138,2708 3166,2708 3194,2707 3222,2707 3250,2708"/>
                <TextEquiv>
                    <Unicode>Theater</Unicode>
                </TextEquiv>
            </TextLine>
            <TextLine id="r3l66" custom="readingOrder {index:65;}">
                <Coords points="1927,2712 2629,2721 2762,2692 3095,2723 3094,2676 3037,2664 1927,2673"/>
                <Baseline points="1937,2714 1994,2713 2051,2713 2109,2712 2166,2711 2223,2711 2281,2710 2338,2710 2395,2709 2453,2709 2510,2709 2567,2709 2625,2708 2682,2708 2739,2708 2797,2708 2854,2708 2911,2708 2969,2708 3026,2708 3084,2708"/>
                <TextEquiv>
                    <Unicode>sie gesessen — dal und sie hat gelebt, gelebt!" Der Dichter aber</Unicode>
                </TextEquiv>
            </TextLine>
            <TextLine id="r3l67" custom="readingOrder {index:66;}">
                <Coords points="3098,2766 3108,2766 3118,2758 3125,2760 3131,2753 3164,2757 3170,2752 3180,2758 3196,2750 3219,2753 3235,2749 3234,2716 3218,2716 3212,2710 3179,2713 3163,2720 3142,2718 3124,2710 3097,2717"/>
                <Baseline points="3108,2749 3137,2749 3166,2747 3195,2747 3224,2747"/>
                <TextEquiv>
                    <Unicode>Paulin</Unicode>
                </TextEquiv>
            </TextLine>
            <TextLine id="r3l68" custom="readingOrder {index:67;}">
                <Coords points="1930,2750 3097,2746 3001,2705 1930,2707"/>
                <Baseline points="1941,2752 1998,2751 2055,2751 2112,2750 2170,2750 2227,2749 2284,2749 2342,2749 2399,2749 2456,2748 2514,2748 2571,2748 2628,2748 2685,2748 2743,2748 2800,2748 2857,2748 2915,2747 2972,2747 3029,2747 3087,2747"/>
                <TextEquiv>
                    <Unicode>bleibt die Antwort nicht schuldig: „Lebendige Stunden? Sie leben</Unicode>
                </TextEquiv>
            </TextLine>
            <TextLine id="r3l69" custom="readingOrder {index:68;}">
                <Coords points="1930,2809 3239,2800 3238,2749 1930,2749"/>
                <Baseline points="1941,2794 2005,2793 2069,2792 2134,2791 2198,2791 2263,2790 2327,2790 2391,2790 2456,2789 2520,2789 2585,2789 2649,2789 2713,2789 2778,2789 2842,2788 2907,2788 2971,2788 3035,2787 3100,2787 3164,2786 3229,2785"/>
                <TextEquiv>
                    <Unicode>doch nicht länger, als der letzte, der sich ihrer erinnert. Es istl eine Vi</Unicode>
                </TextEquiv>
            </TextLine>
            <TextLine id="r3l70" custom="readingOrder {index:69;}">
                <Coords points="1934,2848 3086,2840 3086,2793 1933,2802"/>
                <Baseline points="1943,2834 1999,2834 2056,2833 2113,2833 2169,2832 2226,2831 2283,2831 2339,2830 2396,2830 2453,2829 2510,2829 2566,2829 2623,2828 2680,2828 2736,2828 2793,2828 2850,2828 2906,2827 2963,2827 3020,2828 3077,2828"/>
                <TextEquiv>
                    <Unicode>nicht der schlechteste Beruf, solchen Stunden Dauer zu verleihen,</Unicode>
                </TextEquiv>
            </TextLine>
            <TextLine id="r3l71" custom="readingOrder {index:70;}">
                <Coords points="3097,2834 3134,2841 3146,2832 3167,2841 3181,2832 3199,2830 3212,2831 3222,2839 3237,2839 3235,2791 3222,2794 3206,2790 3190,2797 3167,2794 3163,2798 3157,2794 3149,2799 3130,2795 3124,2800 3095,2795"/>
                <Baseline points="3106,2832 3135,2830 3165,2829 3195,2828 3225,2827"/>
                <TextEquiv>
                    <Unicode>gemalt</Unicode>
                </TextEquiv>
            </TextLine>
            <TextLine id="r3l72" custom="readingOrder {index:71;}">
                <Coords points="1931,2862 3073,2883 3085,2838 1930,2843"/>
                <Baseline points="1941,2874 1997,2873 2054,2873 2111,2872 2168,2871 2224,2871 2281,2870 2338,2870 2395,2870 2451,2869 2508,2869 2565,2869 2622,2868 2678,2868 2735,2868 2792,2868 2849,2868 2905,2868 2962,2868 3019,2868 3076,2868"/>
                <TextEquiv>
                    <Unicode>über ihre Zeit hinaus.“ Und weiter sagt er, der alte Herr</Unicode>
                </TextEquiv>
            </TextLine>
            <TextLine id="r3l73" custom="readingOrder {index:72;}">
                <Coords points="1928,2916 3093,2918 3093,2883 2999,2867 1928,2865"/>
                <Baseline points="1939,2915 1996,2913 2053,2912 2110,2911 2167,2910 2225,2909 2282,2909 2339,2909 2396,2908 2453,2908 2511,2908 2568,2908 2625,2909 2682,2909 2739,2909 2797,2909 2854,2909 2911,2909 2968,2908 3025,2908 3083,2907"/>
                <TextEquiv>
                    <Unicode>werde doch auch weiter leben und über den Schmerz hinweg¬</Unicode>
                </TextEquiv>
            </TextLine>
            <TextLine id="r3l74" custom="readingOrder {index:73;}">
                <Coords points="3104,2953 3118,2952 3137,2959 3155,2952 3164,2959 3173,2950 3208,2950 3219,2960 3234,2959 3230,2910 3218,2910 3214,2915 3204,2909 3200,2914 3187,2910 3171,2916 3154,2910 3145,2919 3128,2914 3101,2918"/>
                <Baseline points="3113,2949 3140,2947 3168,2946 3195,2944 3223,2941"/>
                <TextEquiv>
                    <Unicode>und wi</Unicode>
                </TextEquiv>
            </TextLine>
            <TextLine id="r3l75" custom="readingOrder {index:74;}">
                <Coords points="1936,2956 3093,2977 3093,2917 3040,2911 1936,2923"/>
                <Baseline points="1947,2953 2003,2951 2060,2949 2117,2948 2174,2947 2231,2946 2287,2946 2344,2945 2401,2946 2458,2946 2515,2946 2571,2947 2628,2948 2685,2948 2742,2949 2799,2949 2855,2949 2912,2949 2969,2949 3026,2948 3083,2947"/>
                <TextEquiv>
                    <Unicode>kommen, wie er weiter dichten werde, so werde der Alte weiter</Unicode>
                </TextEquiv>
            </TextLine>
            <TextLine id="r3l76" custom="readingOrder {index:75;}">
                <Coords points="3089,2990 3149,2989 3174,3002 3198,2988 3245,2988 3243,2955 3219,2958 3196,2949 3173,2951 3164,2959 3155,2952 3125,2959 3110,2952 3098,2965 3088,2966"/>
                <Baseline points="3099,2989 3126,2987 3153,2986 3180,2985 3207,2983 3235,2981"/>
                <TextEquiv>
                    <Unicode>den Mat</Unicode>
                </TextEquiv>
            </TextLine>
            <TextLine id="r3l77" custom="readingOrder {index:76;}">
                <Coords points="1931,3014 2056,2989 2887,2991 2837,2952 1931,2961"/>
                <Baseline points="1941,2993 1987,2992 2034,2992 2081,2991 2128,2991 2175,2991 2221,2990 2268,2990 2315,2990 2362,2990 2409,2990 2455,2990 2502,2990 2549,2990 2596,2990 2643,2989 2689,2989 2736,2988 2783,2988 2830,2987 2877,2986"/>
                <TextEquiv>
                    <Unicode>seinen Garten pflegen. Und damit ist das Stück aus.</Unicode>
                </TextEquiv>
            </TextLine>
            <TextLine id="r3l78" custom="readingOrder {index:77;}">
                <Coords points="1991,3054 3291,3049 3293,2989 1991,3013"/>
                <Baseline points="2001,3037 2065,3035 2129,3032 2193,3031 2257,3030 2321,3029 2385,3028 2450,3028 2514,3028 2578,3028 2642,3028 2706,3028 2770,3029 2834,3029 2899,3029 2963,3030 3027,3030 3091,3030 3155,3030 3219,3029 3284,3029"/>
                <TextEquiv>
                    <Unicode>Wir erhalten also da eine kleine stimmungsvoll angemachte Als Mada</Unicode>
                </TextEquiv>
            </TextLine>
            <TextEquiv>
                <Unicode>box 21/3
1
Vorles
Bleine Chronik.
Leb
g TrnN
des
Leipzig. 8. Oktober.
lich
Leichte Ware. Wenn ein Dichter vier Einakter unter einem
beob
Haupttitel in die Welt hinausschickt, müssen wir wohl oder übel
tieferen Ei
versuchen, irgend einen Grundgedanken herauszufinden, der eine
fahren num
Art Verbindung zwischen den vier Stücken herstellt. Der Wiener
wie der Di
Dichter Arthur Schnitzler hat den vier Einaktern, die gestern
seiner Kur
im Leipziger Schauspielhaus aufgeführt wurden, den Gesamttitel
der Philif
Lebendige Stunden gegeben. Ist damit viel gesagt? Wir
Recht, sich
wollen sehn. Der erste Einakter ist in der Hauptsache ein Zwie¬
hinweg.
gespräch zwischen einem pensionierten Beamten und einem jungen
Mir
Dichter. Der Beamte ist der treue Freund der von ihrem Manne
Und n
verlassenen Mutter des Dichters gewesen. Die Frau ist vor
dem Do
kurzem nach langem Krankenlager freiwillig aus dem Leben ge¬
seine Erlei
schieden, um ihres Sohnes Schaffenskraft nicht zu hemmen. Sie
Frau ihm
hat dem treuen Freunde den wahren Sachverhalt mitgeteilt mit
ihm das
dem ausdrücklichen Ersuchen, dem Sohne nichts davon zu ver¬
wird uns
raten. Der Alte und der junge Dichter geben in verschiedener
ein ganz
Weise ihrem Schmerz über die Verstorbene Ausdruck, und es stellt
Dichtung.
sich heraus, daß der Alte ein Grauen vor den Künstlern hat, die
auch kein
sich den Schmerz von der Seele dichten können. Der junge Dichter
Erlebnis
ist auch auf dem besten Wege dazu. Da enthüllt der Alte, um den
Lsen.
jungen Mann zu treffen, das Geheimnis des Opfertodes der
nischen R
Mutter. Aber auch das nützt ihm nichts. Der Dichter tröstet sich
sehen,
damit, daß er beweisen wird, daß seine Mutter nicht vergeblich
himml
gestorben sei. Da bricht der ganze Unmut des Alten los: „Was
der Nähl
ist denn Deine ganze Schreiberei, und wenn Du das größte Genie
erhobenen
bist, was ist sie denn gegen so eine Stunde, so eine lebendige
gestochen
Stunde, in der Deine Mutter hier auf dem Lehnstuhl gesessen
sein —
ist und zu uns geredet hat oder auch geschwiegen — aber da ist
Theater
sie gesessen — dal und sie hat gelebt, gelebt!" Der Dichter aber
Paulin
bleibt die Antwort nicht schuldig: „Lebendige Stunden? Sie leben
doch nicht länger, als der letzte, der sich ihrer erinnert. Es istl eine Vi
nicht der schlechteste Beruf, solchen Stunden Dauer zu verleihen,
gemalt
über ihre Zeit hinaus.“ Und weiter sagt er, der alte Herr
werde doch auch weiter leben und über den Schmerz hinweg¬
und wi
kommen, wie er weiter dichten werde, so werde der Alte weiter
den Mat
seinen Garten pflegen. Und damit ist das Stück aus.
Wir erhalten also da eine kleine stimmungsvoll angemachte Als Mada</Unicode>
            </TextEquiv>
        </TextRegion>
    </Page>
</PcGts>
