<?xml version="1.0" encoding="UTF-8" standalone="yes"?>
<PcGts xmlns="http://schema.primaresearch.org/PAGE/gts/pagecontent/2013-07-15" xmlns:xsi="http://www.w3.org/2001/XMLSchema-instance" xsi:schemaLocation="http://schema.primaresearch.org/PAGE/gts/pagecontent/2013-07-15 http://schema.primaresearch.org/PAGE/gts/pagecontent/2013-07-15/pagecontent.xsd">
    <Metadata>
        <Creator>prov=University of Rostock/Institute of Mathematics/CITlab/Gundram Leifert/gundram.leifert@uni-rostock.de:name=ONB_Newseye_GT_M1+(htr_id=10810)::::v=2.4.2
prov=University of Rostock/Institute of Mathematics/CITlab/Tobias Gruening/tobias.gruening@uni-rostock.de:name=de.uros.citlab.module.baseline2polygon.B2PSeamMultiOriented:v=2.4.2
prov=University of Rostock/Institute of Mathematics/CITlab/Tobias Gruening/tobias.gruening@uni-rostock.de:name=/mnt/transkribus/LA/DEA/URO/LA_news_onb_att.pb:de.uros.citlab.segmentation.CITlab_LA_ML:v=2.4.2
Transkribus</Creator>
        <Created>2019-10-07T11:34:33.370+02:00</Created>
        <LastChange>2019-10-08T14:59:13.178+02:00</LastChange>
        <TranskribusMetadata docId="223975" pageId="9501102" pageNr="244" tsid="16594306" status="IN_PROGRESS" userId="40391" imgUrl="https://files.transkribus.eu/Get?id=OQMQNJOXBGCNQTLGQBFVXZDT&amp;fileType=view" xmlUrl="https://files.transkribus.eu/Get?id=KORQCQRWBOPHEUIKGDAUEHNV" imageId="6191324"/>
    </Metadata>
    <Page imageFilename="223975_0244.jpeg" imageWidth="3436" imageHeight="4320">
        <ReadingOrder>
            <OrderedGroup id="ro_1711449786871" caption="Regions reading order">
                <RegionRefIndexed index="0" regionRef="r1"/>
                <RegionRefIndexed index="1" regionRef="r2"/>
            </OrderedGroup>
        </ReadingOrder>
        <TextRegion orientation="0.0" id="r1" custom="readingOrder {index:0;}">
            <Coords points="281,120 281,278 550,278 550,120"/>
            <TextLine id="r1l1" custom="readingOrder {index:0;}">
                <Coords points="269,235 293,233 307,244 352,230 371,245 401,233 484,245 506,230 523,237 561,229 562,182 545,177 519,186 471,168 436,184 377,168 347,181 305,146 271,147"/>
                <Baseline points="281,224 307,222 334,221 361,220 388,220 415,220 442,221 469,222 496,223 523,226 550,228"/>
                <TextEquiv>
                    <Unicode>16. 1</Unicode>
                </TextEquiv>
            </TextLine>
            <TextEquiv>
                <Unicode>16. 1</Unicode>
            </TextEquiv>
        </TextRegion>
        <TextRegion orientation="0.0" id="r2" custom="readingOrder {index:1;}">
            <Coords points="574,189 574,3730 2592,3730 2592,189"/>
            <TextLine id="r2l1" custom="readingOrder {index:0;}">
                <Coords points="2085,231 2189,228 2259,251 2332,232 2358,246 2400,229 2511,239 2530,233 2531,163 2406,148 2205,173 2135,151 2086,161"/>
                <Baseline points="2096,213 2122,214 2149,214 2175,214 2202,215 2228,216 2255,216 2281,217 2308,218 2334,218 2361,219 2387,219 2414,219 2440,219 2467,218 2493,218 2520,217"/>
                <TextEquiv>
                    <Unicode>box 21/2</Unicode>
                </TextEquiv>
            </TextLine>
            <TextLine id="r2l2" custom="readingOrder {index:1;}">
                <Coords points="564,239 1862,255 1926,242 1926,167 1621,166 1527,220 1350,165 563,182"/>
                <Baseline points="574,239 641,239 708,239 775,239 842,239 909,239 976,239 1043,238 1110,238 1177,238 1245,237 1312,237 1379,237 1446,237 1513,236 1580,236 1647,236 1714,236 1781,236 1848,237 1916,237"/>
                <TextEquiv>
                    <Unicode>Lebendige Stunden—Zykius</Unicode>
                </TextEquiv>
            </TextLine>
            <TextLine id="r2l3" custom="readingOrder {index:2;}">
                <Coords points="1559,908 1636,931 1689,913 1785,921 1809,908 1913,920 1930,914 1931,857 1861,868 1805,865 1786,850 1758,867 1681,870 1622,845 1603,856 1560,846"/>
                <Baseline points="1570,895 1596,897 1623,899 1650,899 1677,900 1704,901 1731,901 1757,902 1784,902 1811,902 1838,902 1865,902 1892,902 1919,902"/>
                <TextEquiv>
                    <Unicode>Bühne und Welt.</Unicode>
                </TextEquiv>
            </TextLine>
            <TextLine id="r2l4" custom="readingOrder {index:3;}">
                <Coords points="2466,935 2493,943 2507,933 2519,938 2526,934 2555,950 2587,949 2591,858 2581,857 2566,865 2547,854 2529,861 2515,859 2508,865 2504,860 2470,859"/>
                <Baseline points="2477,916 2502,915 2527,917 2552,918 2577,920"/>
                <TextEquiv>
                    <Unicode>547</Unicode>
                </TextEquiv>
            </TextLine>
            <TextLine id="r2l5" custom="readingOrder {index:4;}">
                <Coords points="879,1015 2593,1047 2579,967 880,955"/>
                <Baseline points="890,992 974,995 1059,997 1143,1000 1228,1002 1313,1003 1397,1005 1482,1006 1566,1007 1651,1008 1736,1009 1820,1010 1905,1011 1989,1012 2074,1013 2159,1014 2243,1015 2328,1016 2412,1017 2497,1019 2582,1021"/>
                <TextEquiv>
                    <Unicode>zählten Begleitumständen, geradezu abstrus und pfrchologisch ungeheuerlich, wenn auch im Leben,</Unicode>
                </TextEquiv>
            </TextLine>
            <TextLine id="r2l6" custom="readingOrder {index:5;}">
                <Coords points="885,1049 2595,1081 2551,1027 885,1013"/>
                <Baseline points="896,1038 980,1043 1064,1047 1149,1050 1233,1053 1318,1055 1402,1057 1486,1058 1571,1059 1655,1060 1740,1060 1824,1061 1908,1061 1993,1062 2077,1063 2162,1063 2246,1064 2330,1066 2415,1068 2499,1069 2584,1072"/>
                <TextEquiv>
                    <Unicode>ich erinnere nur an den Fall Charlotte Stieglitz, noch merkwürdigere Akte weiblicher Selbst¬</Unicode>
                </TextEquiv>
            </TextLine>
            <TextLine id="r2l7" custom="readingOrder {index:6;}">
                <Coords points="883,1085 2591,1130 2591,1079 2259,1066 883,1066"/>
                <Baseline points="894,1091 978,1095 1062,1098 1146,1101 1231,1103 1315,1106 1399,1107 1484,1109 1568,1110 1652,1111 1737,1112 1821,1113 1905,1113 1989,1114 2074,1114 2158,1115 2242,1116 2327,1116 2411,1117 2495,1118 2580,1120"/>
                <TextEquiv>
                    <Unicode>opferung aus sozusagen litterarischen Motiven vorgekommen sind. Die Geschichte der Frau</Unicode>
                </TextEquiv>
            </TextLine>
            <TextLine id="r2l8" custom="readingOrder {index:7;}">
                <Coords points="882,1168 2573,1190 2602,1133 883,1110"/>
                <Baseline points="894,1143 978,1146 1063,1149 1148,1151 1233,1153 1318,1155 1402,1157 1487,1158 1572,1160 1657,1161 1742,1161 1826,1162 1911,1163 1996,1163 2081,1164 2166,1165 2250,1165 2335,1166 2420,1167 2505,1168 2590,1169"/>
                <TextEquiv>
                    <Unicode> mit dem Dolche, die in den knappen Rahmen eines Einakters eine Craumhandlung und zwei</Unicode>
                </TextEquiv>
            </TextLine>
            <TextLine id="r2l9" custom="readingOrder {index:8;}">
                <Coords points="880,1203 2520,1233 2600,1183 881,1161"/>
                <Baseline points="892,1192 976,1195 1061,1197 1146,1200 1231,1202 1316,1204 1400,1205 1485,1206 1570,1207 1655,1208 1740,1209 1824,1210 1909,1211 1994,1211 2079,1212 2164,1213 2248,1214 2333,1214 2418,1215 2503,1216 2588,1217"/>
                <TextEquiv>
                    <Unicode>#reale Scenen fassen will, ist eine zu breit geratene und gesucht pointierte Spielerei. Das Stückchen</Unicode>
                </TextEquiv>
            </TextLine>
            <TextLine id="r2l10" custom="readingOrder {index:9;}">
                <Coords points="890,1253 2598,1270 2573,1224 890,1215"/>
                <Baseline points="900,1245 984,1246 1068,1247 1153,1248 1237,1249 1322,1251 1406,1252 1490,1253 1575,1254 1659,1255 1744,1256 1828,1258 1912,1259 1997,1260 2081,1261 2166,1262 2250,1263 2334,1264 2419,1265 2503,1266 2588,1267"/>
                <TextEquiv>
                    <Unicode>schildert, wie eine mit dem Feuer verbotener Liebe spielende Mondaine durch merkwürdige</Unicode>
                </TextEquiv>
            </TextLine>
            <TextLine id="r2l11" custom="readingOrder {index:10;}">
                <Coords points="878,1287 2486,1337 2604,1287 879,1264"/>
                <Baseline points="888,1295 973,1296 1058,1296 1143,1297 1228,1298 1314,1299 1399,1300 1484,1301 1569,1302 1654,1303 1740,1304 1825,1305 1910,1307 1995,1308 2080,1309 2166,1311 2251,1312 2336,1313 2421,1315 2506,1316 2592,1317"/>
                <TextEquiv>
                    <Unicode>Aehnlichkeit mit der „Frau mit dem Dolche“ auf dem Gemälde eines unbekannten italienischen</Unicode>
                </TextEquiv>
            </TextLine>
            <TextLine id="r2l12" custom="readingOrder {index:11;}">
                <Coords points="886,1352 2470,1382 2592,1335 886,1314"/>
                <Baseline points="897,1345 981,1346 1065,1347 1149,1348 1233,1349 1318,1350 1402,1350 1486,1351 1570,1352 1654,1353 1739,1354 1823,1355 1907,1356 1991,1357 2075,1358 2160,1359 2244,1361 2328,1362 2412,1364 2496,1365 2581,1367"/>
                <TextEquiv>
                    <Unicode>Meisters des 16. Jahrhunderts Seelenwanderungsgelüste verspürt und eines schönen Tages in</Unicode>
                </TextEquiv>
            </TextLine>
            <TextLine id="r2l13" custom="readingOrder {index:12;}">
                <Coords points="889,1399 2548,1434 2585,1384 890,1350"/>
                <Baseline points="900,1392 983,1393 1067,1395 1150,1396 1234,1397 1318,1398 1401,1399 1485,1400 1569,1401 1652,1402 1736,1403 1820,1405 1903,1406 1987,1407 2071,1408 2154,1409 2238,1410 2322,1412 2405,1413 2489,1415 2573,1416"/>
                <TextEquiv>
                    <Unicode>der Gemäldegalerie das dreieckige Verhältnis mit seinen möglichen Konsequenzen im Milien und den</Unicode>
                </TextEquiv>
            </TextLine>
            <TextLine id="r2l14" custom="readingOrder {index:13;}">
                <Coords points="886,1443 2588,1465 2435,1417 887,1404"/>
                <Baseline points="898,1441 986,1443 1074,1444 1163,1446 1251,1447 1339,1449 1428,1450 1516,1451 1604,1452 1693,1453 1781,1454 1870,1454 1958,1455 2046,1456 2135,1456 2223,1457 2311,1458 2400,1459 2488,1460 2577,1461"/>
                <TextEquiv>
                    <Unicode>Kostümen des Cinquecento im Traum durchlebt. Die These wird innerhalb der in Jamben stilisierten</Unicode>
                </TextEquiv>
            </TextLine>
            <TextLine id="r2l15" custom="readingOrder {index:14;}">
                <Coords points="888,1496 2592,1524 2593,1470 889,1456"/>
                <Baseline points="898,1491 982,1492 1066,1493 1150,1494 1234,1495 1318,1496 1402,1497 1487,1499 1571,1500 1655,1501 1739,1502 1823,1503 1907,1505 1991,1506 2076,1507 2160,1508 2244,1509 2328,1510 2412,1511 2496,1512 2581,1513"/>
                <TextEquiv>
                    <Unicode>kraftlosen Traumhandlung demonstriert: Dem großen Ualer ist die lebendige Stunde, die sein</Unicode>
                </TextEquiv>
            </TextLine>
            <TextLine id="r2l16" custom="readingOrder {index:15;}">
                <Coords points="888,1550 2583,1577 2583,1534 2426,1511 888,1496"/>
                <Baseline points="898,1539 981,1541 1065,1543 1149,1544 1232,1545 1316,1547 1400,1548 1483,1548 1567,1549 1651,1550 1735,1551 1818,1552 1902,1553 1986,1554 2069,1555 2153,1556 2237,1557 2320,1559 2404,1561 2488,1563 2572,1566"/>
                <TextEquiv>
                    <Unicode>buhlerisches Weib in den Armen des schönen Farbenreibers verbracht hat, der rächende Dolchstoß,</Unicode>
                </TextEquiv>
            </TextLine>
            <TextLine id="r2l17" custom="readingOrder {index:16;}">
                <Coords points="888,1615 2599,1607 2599,1564 889,1557"/>
                <Baseline points="900,1591 984,1591 1068,1592 1153,1593 1237,1594 1322,1595 1406,1596 1490,1597 1575,1598 1659,1599 1744,1600 1828,1601 1912,1603 1997,1604 2081,1605 2166,1606 2250,1607 2334,1608 2419,1609 2503,1610 2588,1611"/>
                <TextEquiv>
                    <Unicode>mit dem sie den Verführer in Gegenwart des Gatten zu Boden streckt, nur Stoff zu einem</Unicode>
                </TextEquiv>
            </TextLine>
            <TextLine id="r2l18" custom="readingOrder {index:17;}">
                <Coords points="874,1647 2589,1642 874,1605"/>
                <Baseline points="884,1640 968,1641 1053,1643 1137,1644 1222,1645 1307,1646 1391,1647 1476,1648 1561,1649 1645,1650 1730,1650 1815,1651 1899,1652 1984,1653 2069,1653 2153,1654 2238,1655 2323,1656 2407,1657 2492,1659 2577,1660"/>
                <TextEquiv>
                    <Unicode>packenden Gemälde; er sieht nur die malerische Geste, nicht die reale Situation. Läßt uns dieser</Unicode>
                </TextEquiv>
            </TextLine>
            <TextLine id="r2l19" custom="readingOrder {index:18;}">
                <Coords points="874,1679 2599,1702 2599,1661 874,1656"/>
                <Baseline points="884,1688 969,1689 1054,1690 1139,1691 1224,1692 1310,1693 1395,1694 1480,1695 1565,1696 1650,1697 1736,1698 1821,1699 1906,1700 1991,1702 2076,1703 2162,1704 2247,1705 2332,1707 2417,1708 2502,1709 2588,1711"/>
                <TextEquiv>
                    <Unicode>Dorgang herzlich kalt, so nehmen die Scenen „Die letzten Masken“ unser volles menschliches</Unicode>
                </TextEquiv>
            </TextLine>
            <TextLine id="r2l20" custom="readingOrder {index:19;}">
                <Coords points="885,1748 2595,1752 885,1703"/>
                <Baseline points="896,1739 980,1740 1064,1741 1149,1742 1233,1743 1318,1744 1402,1745 1486,1746 1571,1746 1655,1747 1740,1748 1824,1749 1908,1750 1993,1751 2077,1752 2162,1753 2246,1754 2330,1755 2415,1756 2499,1758 2584,1759"/>
                <TextEquiv>
                    <Unicode>Interesse in Anspruch. Der Dichter führt uns hier in die Atmosphäre des Spitals, wo Freund</Unicode>
                </TextEquiv>
            </TextLine>
            <TextLine id="r2l21" custom="readingOrder {index:20;}">
                <Coords points="875,1784 2585,1814 2485,1764 875,1760"/>
                <Baseline points="886,1789 970,1789 1054,1789 1139,1789 1223,1790 1308,1791 1392,1792 1477,1793 1561,1794 1646,1795 1730,1796 1814,1798 1899,1799 1983,1800 2068,1802 2152,1803 2237,1804 2321,1805 2406,1807 2490,1807 2575,1809"/>
                <TextEquiv>
                    <Unicode>Hain die Masken lüftet.] Ein Codeskandidat, der Journalist Rademacher, der trotz Fleiß und</Unicode>
                </TextEquiv>
            </TextLine>
            <TextLine id="r2l22" custom="readingOrder {index:21;}">
                <Coords points="865,1828 2588,1862 2565,1812 866,1801"/>
                <Baseline points="877,1838 962,1839 1047,1840 1132,1840 1217,1841 1302,1842 1387,1843 1472,1844 1557,1845 1642,1846 1727,1847 1812,1848 1897,1848 1982,1850 2067,1850 2152,1851 2237,1853 2322,1853 2407,1854 2492,1855 2577,1856"/>
                <TextEquiv>
                    <Unicode>Begabung nichts als Not und Enttäuschungen erlebt hat, will vor seinem Ende einen glück¬</Unicode>
                </TextEquiv>
            </TextLine>
            <TextLine id="r2l23" custom="readingOrder {index:22;}">
                <Coords points="872,1890 2465,1927 2597,1911 2598,1867 872,1862"/>
                <Baseline points="882,1885 967,1887 1052,1888 1137,1889 1222,1890 1308,1891 1393,1893 1478,1894 1563,1895 1648,1896 1734,1897 1819,1898 1904,1899 1989,1900 2074,1901 2160,1902 2245,1903 2330,1904 2415,1905 2500,1906 2586,1907"/>
                <TextEquiv>
                    <Unicode>licheren Kollegen und einstigen Freund, einen berühmten Modedichter, sprechen und bestimmt den</Unicode>
                </TextEquiv>
            </TextLine>
            <TextLine id="r2l24" custom="readingOrder {index:23;}">
                <Coords points="883,1957 2542,1971 2599,1912 884,1908"/>
                <Baseline points="894,1938 978,1938 1063,1938 1147,1938 1232,1938 1317,1939 1401,1940 1486,1941 1571,1942 1655,1944 1740,1945 1825,1946 1909,1947 1994,1948 2079,1950 2163,1951 2248,1952 2333,1953 2417,1953 2502,1954 2587,1954"/>
                <TextEquiv>
                    <Unicode>jungen Assistenzarzt durch seine herzbewegenden Bitten, noch am selben Abend den Dichter von</Unicode>
                </TextEquiv>
            </TextLine>
            <TextLine id="r2l25" custom="readingOrder {index:24;}">
                <Coords points="870,1998 2536,2019 2590,1973 871,1953"/>
                <Baseline points="882,1987 966,1987 1051,1987 1136,1988 1221,1988 1306,1989 1391,1989 1475,1990 1560,1991 1645,1993 1730,1994 1815,1995 1900,1996 1985,1997 2069,1999 2154,2000 2239,2001 2324,2002 2409,2003 2494,2003 2579,2004"/>
                <TextEquiv>
                    <Unicode>seinem Kaffeehaus=Stammtisch zu holen. Der Mann im Schatten will dem Glückspilz auf der</Unicode>
                </TextEquiv>
            </TextLine>
            <TextLine id="r2l26" custom="readingOrder {index:25;}">
                <Coords points="871,2044 2599,2061 2572,2009 872,1999"/>
                <Baseline points="883,2036 968,2036 1053,2036 1138,2036 1224,2037 1309,2037 1394,2038 1479,2039 1565,2040 1650,2041 1735,2042 1820,2044 1906,2045 1991,2046 2076,2047 2161,2048 2247,2049 2332,2050 2417,2050 2502,2051 2588,2051"/>
                <TextEquiv>
                    <Unicode>Sonnenseite vor seinem Ende die ganze Wahrheit ins Gesicht schleudern, ihm seine Erbärmlichkeit</Unicode>
                </TextEquiv>
            </TextLine>
            <TextLine id="r2l27" custom="readingOrder {index:26;}">
                <Coords points="871,2094 2590,2111 2529,2061 872,2043"/>
                <Baseline points="881,2086 970,2086 1059,2087 1149,2087 1238,2088 1328,2088 1417,2089 1506,2090 1596,2091 1685,2092 1775,2093 1864,2094 1954,2095 2043,2096 2132,2097 2222,2098 2311,2099 2401,2099 2490,2100 2580,2101"/>
                <TextEquiv>
                    <Unicode>und Hohlheit zu Gemüte führen und seinen letzten Crumpf mit dem hohnlachenden Geständnis</Unicode>
                </TextEquiv>
            </TextLine>
            <TextLine id="r2l28" custom="readingOrder {index:27;}">
                <Coords points="870,2139 2390,2170 2587,2125 870,2099"/>
                <Baseline points="880,2134 964,2135 1049,2136 1134,2136 1219,2137 1303,2137 1388,2138 1473,2139 1558,2140 1642,2140 1727,2141 1812,2142 1897,2143 1981,2144 2066,2145 2151,2146 2236,2147 2320,2148 2405,2149 2490,2151 2575,2152"/>
                <TextEquiv>
                    <Unicode>ausspielen, daß er, der arme Teufel, die Frau des beneideten Reichen vor Jahren gar oft als</Unicode>
                </TextEquiv>
            </TextLine>
            <TextLine id="r2l29" custom="readingOrder {index:28;}">
                <Coords points="876,2178 2562,2223 2591,2150 876,2146"/>
                <Baseline points="887,2183 971,2184 1056,2185 1140,2185 1225,2186 1310,2187 1394,2187 1479,2188 1564,2189 1648,2189 1733,2190 1818,2191 1902,2192 1987,2193 2072,2194 2156,2195 2241,2196 2326,2197 2410,2198 2495,2200 2580,2201"/>
                <TextEquiv>
                    <Unicode>Geliebte in seinen Armen gehalten habe. Einem kleinen schwindsüchtigen Provinzmimen, auch</Unicode>
                </TextEquiv>
            </TextLine>
            <TextLine id="r2l30" custom="readingOrder {index:29;}">
                <Coords points="867,2242 2586,2259 2527,2205 868,2188"/>
                <Baseline points="879,2231 963,2231 1048,2232 1133,2232 1218,2233 1303,2234 1388,2235 1472,2236 1557,2237 1642,2239 1727,2240 1812,2241 1897,2242 1982,2243 2066,2245 2151,2246 2236,2247 2321,2248 2406,2249 2491,2249 2576,2250"/>
                <TextEquiv>
                    <Unicode> ein Codeskandidat, aber von unerschütterlichem Optimismus erfüllt, schüttet Rademacher sein</Unicode>
                </TextEquiv>
            </TextLine>
            <TextLine id="r2l31" custom="readingOrder {index:30;}">
                <Coords points="868,2281 2583,2308 2489,2256 869,2253"/>
                <Baseline points="879,2280 963,2281 1048,2281 1132,2282 1217,2282 1302,2283 1386,2284 1471,2285 1556,2286 1640,2287 1725,2288 1810,2289 1894,2290 1979,2291 2064,2292 2148,2293 2233,2294 2318,2295 2402,2296 2487,2297 2572,2298"/>
                <TextEquiv>
                    <Unicode>Herz aus. Der lustige Dogel, der, auch im Spital auf der Modelljagd, Freuden und Leiden seiner</Unicode>
                </TextEquiv>
            </TextLine>
            <TextLine id="r2l32" custom="readingOrder {index:31;}">
                <Coords points="864,2340 2470,2368 2586,2318 865,2278"/>
                <Baseline points="875,2330 960,2331 1045,2332 1130,2332 1215,2333 1300,2334 1385,2335 1470,2336 1555,2336 1640,2337 1725,2338 1810,2339 1895,2340 1980,2341 2065,2342 2150,2343 2235,2344 2320,2345 2405,2346 2490,2347 2575,2349"/>
                <TextEquiv>
                    <Unicode>Mitmenschen für seine Kunstzwecke dienstbar zu machen weiß, animiert den Journalisten, eine</Unicode>
                </TextEquiv>
            </TextLine>
            <TextLine id="r2l33" custom="readingOrder {index:32;}">
                <Coords points="866,2374 2576,2401 2577,2347 867,2338"/>
                <Baseline points="877,2380 961,2380 1045,2381 1130,2381 1214,2381 1299,2382 1383,2382 1467,2383 1552,2384 1636,2385 1721,2386 1805,2387 1889,2388 1974,2389 2058,2390 2143,2391 2227,2392 2311,2393 2396,2395 2480,2396 2565,2397"/>
                <TextEquiv>
                    <Unicode> kleine Generalprobe abzuhalten und ihm, als dem vermeintlichen Gegner, die Standrede zu</Unicode>
                </TextEquiv>
            </TextLine>
            <TextLine id="r2l34" custom="readingOrder {index:33;}">
                <Coords points="875,2444 2464,2460 2584,2404 876,2393"/>
                <Baseline points="885,2428 969,2429 1053,2429 1138,2430 1222,2431 1306,2431 1391,2432 1475,2433 1559,2434 1644,2434 1728,2435 1812,2436 1897,2437 1981,2438 2065,2439 2150,2440 2234,2441 2318,2442 2403,2443 2487,2444 2572,2445"/>
                <TextEquiv>
                    <Unicode>halten. Und Rademacher sprudelt alles heraus, was er auf dem Herzen hat. Als endlich der</Unicode>
                </TextEquiv>
            </TextLine>
            <TextLine id="r2l35" custom="readingOrder {index:34;}">
                <Coords points="878,2493 2524,2515 2580,2509 2581,2450 879,2438"/>
                <Baseline points="889,2476 973,2477 1057,2477 1141,2478 1225,2478 1309,2479 1393,2480 1477,2481 1561,2483 1645,2484 1729,2485 1813,2486 1897,2487 1981,2488 2065,2489 2149,2491 2233,2492 2317,2492 2401,2493 2485,2494 2569,2494"/>
                <TextEquiv>
                    <Unicode>Erwartete erscheint, gesund, stattlich, elegant, jovial, teilnahmsvoll, bereit, dem alten Freunde</Unicode>
                </TextEquiv>
            </TextLine>
            <TextLine id="r2l36" custom="readingOrder {index:35;}">
                <Coords points="869,2541 2590,2550 2396,2497 869,2487"/>
                <Baseline points="879,2527 964,2527 1049,2528 1134,2528 1219,2528 1304,2529 1389,2530 1474,2531 1559,2532 1644,2533 1729,2534 1814,2536 1899,2537 1984,2538 2069,2539 2154,2540 2239,2540 2324,2541 2409,2541 2494,2542 2579,2542"/>
                <TextEquiv>
                    <Unicode>sein Portemonnaie zu öffnen, als er dann von sich selber erzählt, seinen kleinen Enttäuschungen</Unicode>
                </TextEquiv>
            </TextLine>
            <TextLine id="r2l37" custom="readingOrder {index:36;}">
                <Coords points="878,2600 2454,2609 2583,2555 879,2544"/>
                <Baseline points="890,2577 974,2576 1058,2577 1142,2577 1226,2577 1310,2578 1394,2578 1478,2579 1562,2580 1646,2580 1731,2581 1815,2582 1899,2583 1983,2584 2067,2586 2151,2586 2235,2588 2319,2589 2403,2590 2487,2591 2572,2592"/>
                <TextEquiv>
                    <Unicode>und Leiden, und das sogen. Glück auch dieses saturierten vermeintlichen homme arrivé sich als</Unicode>
                </TextEquiv>
            </TextLine>
            <TextLine id="r2l38" custom="readingOrder {index:37;}">
                <Coords points="877,2629 2579,2656 2579,2600 2496,2591 878,2594"/>
                <Baseline points="887,2627 971,2626 1055,2626 1139,2626 1223,2626 1307,2627 1391,2627 1475,2628 1559,2629 1643,2630 1727,2631 1811,2632 1895,2633 1979,2634 2063,2636 2147,2637 2231,2638 2315,2639 2399,2641 2483,2642 2568,2643"/>
                <TextEquiv>
                    <Unicode>recht fadenscheinig bei Lichte besehen erweist, da spürt der arme Märtprer, daß auch diesen</Unicode>
                </TextEquiv>
            </TextLine>
            <TextLine id="r2l39" custom="readingOrder {index:38;}">
                <Coords points="861,2681 2587,2693 2497,2645 862,2643"/>
                <Baseline points="873,2673 958,2673 1043,2674 1128,2674 1213,2675 1298,2675 1383,2676 1469,2677 1554,2678 1639,2679 1724,2680 1809,2681 1894,2682 1979,2683 2065,2684 2150,2685 2235,2686 2320,2687 2405,2688 2490,2688 2576,2689"/>
                <TextEquiv>
                    <Unicode>Dielbeneideten sein letztes Glück und sein letzter Tag erwartet und er nicht den rächenden Richter</Unicode>
                </TextEquiv>
            </TextLine>
            <TextLine id="r2l40" custom="readingOrder {index:39;}">
                <Coords points="876,2742 2586,2763 2567,2701 876,2684"/>
                <Baseline points="886,2724 970,2724 1055,2724 1139,2725 1224,2725 1308,2726 1393,2726 1477,2727 1562,2728 1646,2729 1731,2730 1815,2730 1900,2731 1984,2732 2069,2733 2153,2734 2238,2735 2322,2735 2407,2736 2491,2737 2576,2737"/>
                <TextEquiv>
                    <Unicode>zu svielen braucht, und — er schweigt. Der berühmte Mann verabschiedet sich mit aller</Unicode>
                </TextEquiv>
            </TextLine>
            <TextLine id="r2l41" custom="readingOrder {index:40;}">
                <Coords points="865,2786 2310,2805 2579,2793 2580,2754 865,2743"/>
                <Baseline points="876,2772 960,2773 1045,2774 1129,2775 1214,2776 1299,2776 1383,2777 1468,2778 1553,2779 1637,2780 1722,2780 1807,2781 1891,2782 1976,2783 2061,2784 2145,2785 2230,2786 2315,2787 2399,2788 2484,2789 2569,2791"/>
                <TextEquiv>
                    <Unicode>Herzlichkeit, und der arme Ceufel stirbt infolge der Aufregung wenige Augenblicke später an</Unicode>
                </TextEquiv>
            </TextLine>
            <TextLine id="r2l42" custom="readingOrder {index:41;}">
                <Coords points="871,2816 2585,2871 2586,2803 871,2780"/>
                <Baseline points="882,2817 966,2819 1051,2821 1135,2823 1220,2824 1305,2825 1389,2826 1474,2827 1559,2828 1643,2829 1728,2829 1813,2830 1897,2831 1982,2832 2067,2833 2151,2833 2236,2834 2321,2835 2405,2836 2490,2837 2575,2839"/>
                <TextEquiv>
                    <Unicode>einem Herzschlag. — Charaktere und Milien sind mit packendem Realismus pspchologisch fein</Unicode>
                </TextEquiv>
            </TextLine>
            <TextLine id="r2l43" custom="readingOrder {index:42;}">
                <Coords points="874,2867 2580,2910 2517,2841 875,2837"/>
                <Baseline points="885,2869 969,2870 1053,2870 1137,2871 1221,2872 1306,2873 1390,2874 1474,2876 1558,2877 1642,2878 1727,2879 1811,2881 1895,2882 1979,2883 2063,2884 2148,2885 2232,2886 2316,2886 2400,2887 2484,2888 2569,2888"/>
                <TextEquiv>
                    <Unicode>und liebevoll, wie es Schnitzler nur je in seinen besten Stunden gelungen, gezeichnet. Die</Unicode>
                </TextEquiv>
            </TextLine>
            <TextLine id="r2l44" custom="readingOrder {index:43;}">
                <Coords points="862,2911 2575,2939 2575,2892 863,2879"/>
                <Baseline points="872,2921 956,2921 1041,2922 1125,2922 1210,2923 1294,2923 1379,2924 1463,2925 1548,2926 1632,2927 1717,2928 1802,2928 1886,2930 1971,2931 2055,2931 2140,2932 2224,2933 2309,2934 2393,2935 2478,2936 2563,2937"/>
                <TextEquiv>
                    <Unicode>Herren Reinhardt, Bassermann und Fischer boten als Journalist, Dichter und Mime Dracht¬</Unicode>
                </TextEquiv>
            </TextLine>
            <TextLine id="r2l45" custom="readingOrder {index:44;}">
                <Coords points="868,2983 1789,3001 2015,2991 2016,2946 869,2934"/>
                <Baseline points="879,2966 935,2966 991,2967 1047,2968 1104,2968 1160,2969 1216,2970 1272,2971 1329,2972 1385,2973 1441,2974 1497,2975 1554,2976 1610,2977 1666,2977 1722,2977 1779,2978 1835,2978 1891,2977 1947,2977 2004,2976"/>
                <TextEquiv>
                    <Unicode>leistungen feinfühliger Verlebendigung charakteristischer Cppen.</Unicode>
                </TextEquiv>
            </TextLine>
            <TextLine id="r2l46" custom="readingOrder {index:45;}">
                <Coords points="983,3020 2554,3053 2572,2990 983,2992"/>
                <Baseline points="994,3022 1072,3021 1150,3021 1228,3021 1307,3021 1385,3022 1463,3023 1542,3025 1620,3026 1698,3027 1777,3028 1855,3030 1933,3031 2011,3032 2090,3033 2168,3034 2246,3034 2325,3034 2403,3034 2481,3033 2560,3031"/>
                <TextEquiv>
                    <Unicode>Zur Tragikomödie dieses Aktes bildet der den Beschluß des Abends machende Schwank</Unicode>
                </TextEquiv>
            </TextLine>
            <TextLine id="r2l47" custom="readingOrder {index:46;}">
                <Coords points="867,3066 2566,3102 2566,3048 2494,3043 867,3041"/>
                <Baseline points="878,3068 961,3068 1045,3068 1129,3069 1213,3069 1297,3070 1381,3071 1465,3072 1549,3073 1633,3074 1717,3075 1800,3076 1884,3077 1968,3078 2052,3079 2136,3079 2220,3080 2304,3080 2388,3081 2472,3081 2556,3081"/>
                <TextEquiv>
                    <Unicode>„Litteratur“ das Satyrspiel. Das künstlerische Problem wird in den Gesprächen und Dor¬</Unicode>
                </TextEquiv>
            </TextLine>
            <TextLine id="r2l48" custom="readingOrder {index:47;}">
                <Coords points="867,3122 2523,3152 2569,3101 867,3067"/>
                <Baseline points="878,3118 962,3118 1046,3118 1130,3118 1214,3119 1298,3120 1382,3120 1466,3121 1550,3123 1634,3123 1718,3125 1802,3126 1886,3127 1970,3128 2054,3129 2138,3130 2222,3130 2306,3131 2390,3131 2474,3131 2558,3131"/>
                <TextEquiv>
                    <Unicode>gängen zwischen diesen drei Menschen, dem Baron, Herrenreiter und Lebemann, der doch gegenüber</Unicode>
                </TextEquiv>
            </TextLine>
            <TextLine id="r2l49" custom="readingOrder {index:48;}">
                <Coords points="863,3159 2571,3200 2511,3140 863,3142"/>
                <Baseline points="873,3167 957,3167 1041,3167 1126,3167 1210,3168 1295,3168 1379,3169 1463,3170 1548,3171 1632,3172 1717,3173 1801,3174 1885,3175 1970,3176 2054,3177 2139,3178 2223,3179 2307,3180 2392,3181 2476,3182 2561,3182"/>
                <TextEquiv>
                    <Unicode>Dichterinnen à la Marie Madeleine eine sehr feinfühlige Epidermis sich bewahrt hat; der Preciösen</Unicode>
                </TextEquiv>
            </TextLine>
            <TextLine id="r2l50" custom="readingOrder {index:49;}">
                <Coords points="871,3232 2571,3242 2548,3193 872,3168"/>
                <Baseline points="881,3213 964,3215 1048,3216 1132,3217 1216,3218 1300,3219 1384,3220 1468,3221 1552,3221 1636,3222 1720,3222 1803,3223 1887,3224 1971,3225 2055,3226 2139,3227 2223,3228 2307,3229 2391,3231 2475,3233 2559,3234"/>
                <TextEquiv>
                    <Unicode>modernsten Schlages, die ihre wirklichen und erträumten Sensationen zu Dersen und Romanen</Unicode>
                </TextEquiv>
            </TextLine>
            <TextLine id="r2l51" custom="readingOrder {index:50;}">
                <Coords points="861,3277 2563,3278 2380,3231 862,3224"/>
                <Baseline points="872,3263 956,3265 1040,3266 1124,3267 1208,3268 1292,3269 1376,3270 1460,3270 1544,3271 1628,3272 1712,3273 1796,3273 1880,3274 1964,3275 2048,3275 2132,3276 2216,3277 2300,3278 2384,3278 2468,3279 2552,3280"/>
                <TextEquiv>
                    <Unicode>voll glühender Erotik verdichtet, und dem phlegmatisch=epnischen Bohémien und Kaffeehaus¬</Unicode>
                </TextEquiv>
            </TextLine>
            <TextLine id="r2l52" custom="readingOrder {index:51;}">
                <Coords points="859,3318 2571,3346 2571,3302 2461,3286 859,3284"/>
                <Baseline points="870,3313 954,3314 1039,3315 1123,3316 1208,3317 1292,3318 1377,3319 1461,3319 1546,3320 1630,3321 1715,3322 1800,3322 1884,3323 1969,3324 2053,3324 2138,3325 2222,3326 2307,3327 2391,3328 2476,3328 2561,3330"/>
                <TextEquiv>
                    <Unicode>litteraten, der das Gleiche thut, aufs lustigste gewendet und ad absurdum geführt. Das Thema</Unicode>
                </TextEquiv>
            </TextLine>
            <TextLine id="r2l53" custom="readingOrder {index:52;}">
                <Coords points="859,3373 2439,3409 2577,3396 2578,3347 859,3341"/>
                <Baseline points="870,3364 954,3364 1039,3364 1124,3365 1209,3365 1294,3366 1378,3367 1463,3367 1548,3368 1633,3369 1718,3370 1802,3371 1887,3372 1972,3373 2057,3375 2142,3376 2226,3377 2311,3378 2396,3379 2481,3380 2566,3381"/>
                <TextEquiv>
                    <Unicode>liegt dem Dichter des „Anatol“, der schönen Sünderinnen nicht gram sein kann und von ihrer</Unicode>
                </TextEquiv>
            </TextLine>
            <TextLine id="r2l54" custom="readingOrder {index:53;}">
                <Coords points="862,3430 2184,3446 2150,3379 862,3377"/>
                <Baseline points="872,3412 937,3412 1002,3412 1067,3412 1132,3413 1197,3413 1262,3414 1327,3415 1392,3416 1457,3417 1522,3418 1587,3419 1652,3420 1717,3421 1782,3421 1847,3422 1912,3422 1977,3423 2042,3423 2107,3422 2173,3422"/>
                <TextEquiv>
                    <Unicode>graziösen Frivolität sich lächelnd ein Schnippchen schlagen läßt, vortrefflich.</Unicode>
                </TextEquiv>
            </TextLine>
            <TextLine id="r2l55" custom="readingOrder {index:54;}">
                <Coords points="984,3459 2568,3496 2527,3423 985,3431"/>
                <Baseline points="995,3459 1073,3460 1151,3460 1229,3461 1307,3462 1385,3463 1463,3464 1542,3465 1620,3466 1698,3468 1776,3469 1854,3470 1932,3472 2010,3473 2089,3474 2167,3474 2245,3475 2323,3475 2401,3476 2479,3476 2558,3475"/>
                <TextEquiv>
                    <Unicode>Das litterarische Stammpublikum des Deutschen Theaters fing jeden neckischen Federball,</Unicode>
                </TextEquiv>
            </TextLine>
            <TextLine id="r2l56" custom="readingOrder {index:55;}">
                <Coords points="862,3506 2576,3528 2474,3480 862,3470"/>
                <Baseline points="872,3508 956,3508 1041,3509 1126,3510 1210,3512 1295,3513 1380,3514 1464,3515 1549,3516 1634,3517 1719,3518 1803,3519 1888,3520 1973,3521 2057,3522 2142,3522 2227,3523 2311,3523 2396,3523 2481,3523 2566,3523"/>
                <TextEquiv>
                    <Unicode>den Irene Triesch (die freilich ihre Rolle noch nicht ganze erschöpfte), Bassermann und Rittner</Unicode>
                </TextEquiv>
            </TextLine>
            <TextLine id="r2l57" custom="readingOrder {index:56;}">
                <Coords points="862,3563 2581,3575 2562,3530 862,3527"/>
                <Baseline points="873,3555 957,3557 1042,3558 1127,3559 1212,3560 1297,3561 1382,3562 1466,3563 1551,3564 1636,3565 1721,3566 1806,3566 1891,3567 1976,3568 2060,3569 2145,3569 2230,3570 2315,3570 2400,3571 2485,3571 2570,3571"/>
                <TextEquiv>
                    <Unicode>mit sprühender Laune in Gestalt mehr oder minder deutlicher Anspielungen in Worten und Masken</Unicode>
                </TextEquiv>
            </TextLine>
            <TextLine id="r2l58" custom="readingOrder {index:57;}">
                <Coords points="863,3626 2569,3631 2569,3577 864,3564"/>
                <Baseline points="873,3605 957,3607 1041,3608 1125,3609 1210,3610 1294,3611 1378,3613 1462,3614 1547,3615 1631,3616 1715,3616 1799,3617 1884,3618 1968,3618 2052,3618 2136,3619 2221,3619 2305,3619 2389,3618 2473,3618 2558,3617"/>
                <TextEquiv>
                    <Unicode>von der Bühne ins Parkett warfen, mit verständnisvoller Heiterkeit auf. Arthur Schnitzler hat</Unicode>
                </TextEquiv>
            </TextLine>
            <TextLine id="r2l59" custom="readingOrder {index:58;}">
                <Coords points="862,3668 2566,3668 2438,3626 862,3623"/>
                <Baseline points="873,3652 957,3654 1041,3656 1125,3657 1209,3659 1293,3659 1377,3661 1461,3661 1545,3662 1629,3663 1714,3664 1798,3664 1882,3665 1966,3666 2050,3666 2134,3667 2218,3668 2302,3668 2386,3669 2470,3670 2555,3671"/>
                <TextEquiv>
                    <Unicode>mit diesem gelungenen übermütigen Scherz unsere Litteratur um eine sehr zeitgemäße und geist¬</Unicode>
                </TextEquiv>
            </TextLine>
            <TextLine id="r2l60" custom="readingOrder {index:59;}">
                <Coords points="863,3714 906,3727 983,3708 1094,3734 1158,3717 1183,3736 1266,3715 1315,3736 1518,3728 1518,3683 1428,3668 863,3674"/>
                <Baseline points="875,3708 906,3708 938,3709 969,3709 1001,3709 1033,3709 1064,3709 1096,3709 1127,3710 1159,3710 1191,3710 1222,3710 1254,3710 1285,3710 1317,3710 1349,3710 1380,3710 1412,3710 1443,3709 1475,3709 1507,3709"/>
                <TextEquiv>
                    <Unicode>reiche Litteratur=Komödie bereichert.</Unicode>
                </TextEquiv>
            </TextLine>
            <TextLine id="r2l61" custom="readingOrder {index:60;}">
                <Coords points="2088,3732 2165,3739 2224,3724 2307,3750 2412,3731 2457,3747 2474,3730 2499,3740 2500,3687 2451,3674 2376,3689 2306,3673 2222,3690 2165,3675 2144,3687 2088,3679"/>
                <Baseline points="2098,3715 2124,3716 2150,3716 2176,3716 2202,3716 2228,3717 2254,3717 2280,3717 2306,3717 2332,3717 2358,3717 2384,3717 2410,3717 2436,3717 2462,3718 2488,3718"/>
                <TextEquiv>
                    <Unicode>Heinrich Stümcke.</Unicode>
                </TextEquiv>
            </TextLine>
            <TextEquiv>
                <Unicode>box 21/2
Lebendige Stunden—Zykius
Bühne und Welt.
547
zählten Begleitumständen, geradezu abstrus und pfrchologisch ungeheuerlich, wenn auch im Leben,
ich erinnere nur an den Fall Charlotte Stieglitz, noch merkwürdigere Akte weiblicher Selbst¬
opferung aus sozusagen litterarischen Motiven vorgekommen sind. Die Geschichte der Frau
 mit dem Dolche, die in den knappen Rahmen eines Einakters eine Craumhandlung und zwei
#reale Scenen fassen will, ist eine zu breit geratene und gesucht pointierte Spielerei. Das Stückchen
schildert, wie eine mit dem Feuer verbotener Liebe spielende Mondaine durch merkwürdige
Aehnlichkeit mit der „Frau mit dem Dolche“ auf dem Gemälde eines unbekannten italienischen
Meisters des 16. Jahrhunderts Seelenwanderungsgelüste verspürt und eines schönen Tages in
der Gemäldegalerie das dreieckige Verhältnis mit seinen möglichen Konsequenzen im Milien und den
Kostümen des Cinquecento im Traum durchlebt. Die These wird innerhalb der in Jamben stilisierten
kraftlosen Traumhandlung demonstriert: Dem großen Ualer ist die lebendige Stunde, die sein
buhlerisches Weib in den Armen des schönen Farbenreibers verbracht hat, der rächende Dolchstoß,
mit dem sie den Verführer in Gegenwart des Gatten zu Boden streckt, nur Stoff zu einem
packenden Gemälde; er sieht nur die malerische Geste, nicht die reale Situation. Läßt uns dieser
Dorgang herzlich kalt, so nehmen die Scenen „Die letzten Masken“ unser volles menschliches
Interesse in Anspruch. Der Dichter führt uns hier in die Atmosphäre des Spitals, wo Freund
Hain die Masken lüftet.] Ein Codeskandidat, der Journalist Rademacher, der trotz Fleiß und
Begabung nichts als Not und Enttäuschungen erlebt hat, will vor seinem Ende einen glück¬
licheren Kollegen und einstigen Freund, einen berühmten Modedichter, sprechen und bestimmt den
jungen Assistenzarzt durch seine herzbewegenden Bitten, noch am selben Abend den Dichter von
seinem Kaffeehaus=Stammtisch zu holen. Der Mann im Schatten will dem Glückspilz auf der
Sonnenseite vor seinem Ende die ganze Wahrheit ins Gesicht schleudern, ihm seine Erbärmlichkeit
und Hohlheit zu Gemüte führen und seinen letzten Crumpf mit dem hohnlachenden Geständnis
ausspielen, daß er, der arme Teufel, die Frau des beneideten Reichen vor Jahren gar oft als
Geliebte in seinen Armen gehalten habe. Einem kleinen schwindsüchtigen Provinzmimen, auch
 ein Codeskandidat, aber von unerschütterlichem Optimismus erfüllt, schüttet Rademacher sein
Herz aus. Der lustige Dogel, der, auch im Spital auf der Modelljagd, Freuden und Leiden seiner
Mitmenschen für seine Kunstzwecke dienstbar zu machen weiß, animiert den Journalisten, eine
 kleine Generalprobe abzuhalten und ihm, als dem vermeintlichen Gegner, die Standrede zu
halten. Und Rademacher sprudelt alles heraus, was er auf dem Herzen hat. Als endlich der
Erwartete erscheint, gesund, stattlich, elegant, jovial, teilnahmsvoll, bereit, dem alten Freunde
sein Portemonnaie zu öffnen, als er dann von sich selber erzählt, seinen kleinen Enttäuschungen
und Leiden, und das sogen. Glück auch dieses saturierten vermeintlichen homme arrivé sich als
recht fadenscheinig bei Lichte besehen erweist, da spürt der arme Märtprer, daß auch diesen
Dielbeneideten sein letztes Glück und sein letzter Tag erwartet und er nicht den rächenden Richter
zu svielen braucht, und — er schweigt. Der berühmte Mann verabschiedet sich mit aller
Herzlichkeit, und der arme Ceufel stirbt infolge der Aufregung wenige Augenblicke später an
einem Herzschlag. — Charaktere und Milien sind mit packendem Realismus pspchologisch fein
und liebevoll, wie es Schnitzler nur je in seinen besten Stunden gelungen, gezeichnet. Die
Herren Reinhardt, Bassermann und Fischer boten als Journalist, Dichter und Mime Dracht¬
leistungen feinfühliger Verlebendigung charakteristischer Cppen.
Zur Tragikomödie dieses Aktes bildet der den Beschluß des Abends machende Schwank
„Litteratur“ das Satyrspiel. Das künstlerische Problem wird in den Gesprächen und Dor¬
gängen zwischen diesen drei Menschen, dem Baron, Herrenreiter und Lebemann, der doch gegenüber
Dichterinnen à la Marie Madeleine eine sehr feinfühlige Epidermis sich bewahrt hat; der Preciösen
modernsten Schlages, die ihre wirklichen und erträumten Sensationen zu Dersen und Romanen
voll glühender Erotik verdichtet, und dem phlegmatisch=epnischen Bohémien und Kaffeehaus¬
litteraten, der das Gleiche thut, aufs lustigste gewendet und ad absurdum geführt. Das Thema
liegt dem Dichter des „Anatol“, der schönen Sünderinnen nicht gram sein kann und von ihrer
graziösen Frivolität sich lächelnd ein Schnippchen schlagen läßt, vortrefflich.
Das litterarische Stammpublikum des Deutschen Theaters fing jeden neckischen Federball,
den Irene Triesch (die freilich ihre Rolle noch nicht ganze erschöpfte), Bassermann und Rittner
mit sprühender Laune in Gestalt mehr oder minder deutlicher Anspielungen in Worten und Masken
von der Bühne ins Parkett warfen, mit verständnisvoller Heiterkeit auf. Arthur Schnitzler hat
mit diesem gelungenen übermütigen Scherz unsere Litteratur um eine sehr zeitgemäße und geist¬
reiche Litteratur=Komödie bereichert.
Heinrich Stümcke.</Unicode>
            </TextEquiv>
        </TextRegion>
    </Page>
</PcGts>
