3484 4320
2122 155 2561 256 box 21/2
319 163 1979 276 16.1. Lebendige Stunden zuklus
364 888 727 965 Schicksalsminiaturen.
1854 889 2215 978 Schicksalsminiaturen.
2591 910 2742 986 559
208 968 1248 1063 i. Jedenfalls also liebt Frau Pauline ihren Gatten und
1323 997 2725 1076 verborgenen Irrwege des Fühlens und die Labyrinthe der Brust, aber wie jener
181 1039 1243 1099 n Feuer der Anbetung des jungen Leonhard, das sie an¬
1325 1056 2728 1132 hüllt er seine Wissenschaft gern in den pomphaften Zaubermantel des Charlatans
182 1085 1249 1143 ch heute will sie mit diesem gefährlichen Spiele ein Ende
1330 1115 2189 1173 und vermischt Psychologie mit Taschenspielerei.
185 1135 1249 1212 Angst, es könnte doch Ernst werden. Und sie giebt dem
1446 1156 2724 1221 Er zeigt nur die Rätsel, läßt einen Zipfel der Lösung sehen, eskamotiert
200 1194 1246 1262 schied in einem Kabinett der Gemäldegalerie vor dem alt¬
1336 1210 2727 1255 sie blitzschnell und weist eine andere, läßt sie ebenso jäh verschwinden und ver¬
209 1248 1238 1306 „Frau mit dem Dolch“, die Paulinen ähnlich sieht. Leon¬
1325 1252 2488 1324 schwindet schließlich selbst, nachdem er allen das Gefühl verwirrt.
186 1283 1247 1338 ein letztes Zusammensein. Sie soll zu ihm kommen. Sie
1436 1304 2723 1375 Man kann den Problemen, die hier angedeutet werden, noch lange nach¬
187 1336 1234 1397 b. Aber während sie spricht, ist's, als ob ihre Worte träu¬
1325 1352 2727 1424 spüren. Dies verschlungene Gewirr von Künstlertum und Liebe, diese Idee, daß
193 1397 1236 1457 sie schaut auf das Bild der Frau mit dem Dolch, und sie
1337 1407 2728 1463 die Kunst ein Vampyr ist, die das lebendige Leben aussaugt, ist allein ein langes
198 1441 1245 1517 des Vordergrundes die Leiche eines Jünglings, die Scene
1330 1452 2730 1526 Kapitel. Unerbittlich, selbstquälerisch bekennt einmal Maupassant: Der Künstler
205 1481 898 1555 Vorgang jenes Bildes wird Erlebnis.
1340 1503 2728 1574 ist nur von der Liebe zu seinem Werk und niemals von der Neigung zu Menschen
195 1530 1236 1596 nach der Liebesnacht weist Paola, die Frau des Neisters
1332 1554 2736 1638 beseelt, und wenn er eine Frau liebt, so zergliedert er sie wie einen Leichnam
207 1592 1246 1662 Florentiner Malers, dem jungen Lionardo die Thür. Der
1329 1598 1579 1667 im Hospital.
202 1637 1251 1697 ch gestern geschenkt, erscheint ihr heute fern und fremd, und
1439 1638 2730 1716 Was treibt Paola zu Lionardo, was Pauline zu Leonhard, zu Männern,
181 1689 1238 1748 nigio, ihren Herrn, den Großen, Ungetreuen, der sie tausend¬
1330 1691 2722 1777 die ihnen im Grunde gleichgiltig sind? Was ist es für ein „Schicksal“ das Pauline
191 1733 1246 1799 mmer wieder zu ihr zurückgekehrt und dessen Kunst ihr die
1340 1757 2735 1817 „über sich fühlt“? Schnitzler hat es nicht nackt ausgesprochen. Es läßt sich aber
203 1790 1240 1850 sie, wenn er sie malt, sich als Geschöpf dienend hingegeben
1328 1805 2732 1871 vielleicht zwischen den Zeilen lesen. Diese Frauen schaffen instinktiv, unbewußt
207 1834 1234 1908 gesteigert fühlt. Sie weiß es, und als Lionardo ihr auf¬
1335 1855 2722 1911 Erlebnisse, Emotionen, Konstikte, in der Renaissance mit blutigem Ausgang, in der
1332 1892 2730 1957 Gegenwart vermutlich ruhiger verklingend; sie schaffen den Künstler=Männern,
189 1890 918 1992 Ihm ist Euer tiefstes Wesen nichts als 2##ß
1328 1949 2728 2020 an deren Seite sie wirklich stehen, zu deren Geschöpfen sie das Schicksal gemacht,
191 1968 859 2019 Und Stachel seiner Kunst, verräterisch'lockt
193 2006 869 2049 Aufs Antlitz Euch sein Kuß der Seele Glut
1315 2006 2727 2071 „lebendige Stunden“ aus denen Kunstwerke keimen. Wie es sehr unpathetisch
191 2043 892 2093 Zur Fördrung eines Bildes, das Euch gleicht.
1323 2049 2736 2125 und nicht ohne Cynismus Leonhard zu Frau Pauline ausdrückt, als sie sagt,
194 2092 895 2150 Und glaubt mir, wenn das letzte ihm gelang.
1320 2094 2726 2156 ihr Mann würde sie umbringen, wenn sie untreu wäre: „Was fällt Ihnen ein.
195 2125 814 2196 Das unvollendet seiner Rückkunft harrt,
1321 2152 2722 2203 Er macht ein neues Stück daraus, und am Ende ist er Ihnen noch dank¬
199 2166 647 2230 Schwand all sein Lieben hin“
1314 2189 2728 2263 bar.“ Und sie giebt ihm recht: „Möglich, er wäre der Mann, beides zu ver¬
1317 2232 1502 2310 einigen.“
545 2227 890 2304 „Das weiß ich gut:
195 2261 939 2352 Denn ich bin dann nicht mehr, bin ausgeschöpft,
1429 2268 2720 2365 Daß diese mühsam ertüftelte Frauenpsychologie sowohl wie die Künstler¬
187 2325 851 2401 nd mein Lebend'ges bebt in jenem Bild.“
1316 2333 2730 2398 psychologie eine einseitige ist, vielleicht so einseitig, daß sich manche schaudernd
1326 2395 2724 2465 wenden, und daß hier alles „aus einem Punkt kuriert wird“, das braucht nicht
203 2386 1240 2481 der zurück kommt, in dem sie den Herrn ihres Schicksals ehrt,
1328 2450 2724 2516 erst konstatiert zu werden, mir erschien es wichtiger, das Gebilde, wie es ist, un¬
207 2463 1234 2529 stolz=aufrichtig, was geschehen, und als Lionardo vermessen
1333 2495 2729 2562 befangen zu betrachten, Interpretation zu versuchen und künstlerisch zu bewerten.
201 2520 1235 2582 den Dolch in den Hals. Der Gatte aber steyt vor dieser
1323 2536 2721 2615 Und da scheint der Weisheit letzter Schluß, daß der Gesamteindruck doch ein recht
181 2567 1243 2636 er fühlt diesen Vorgang nicht als beleidigter Mann, sondern
1328 2585 2723 2671 leerer bleibt. Die Psychologie spreizt sich so anspruchsvoll und giebt doch wenig
198 2614 1248 2682 eim Anblick der statuengleich erstarrten Frau mit dem Dolch
1325 2635 2731 2718 tiefe Blicke. Es ist viel Geheimnisthuerei und überhebliches Erkenntnistum;
189 2674 1241 2735 koten Jüngling zu ihren Füßen, geht ihm die qualvoll um¬
1329 2686 2719 2762 müde Augen unter einer Stirnlocke, die vieldeutig zu sagen scheinen: Ja, wir
185 2720 1242 2779 idee seines Bildes auf. Die „lebendige Stund.“ erwacht
1327 2739 2735 2805 Wissenden. Im Grunde eine Gaukelei, die ihrer selbst nicht froh, mit bunten
195 2763 766 2826 haftlich stürzt er zur Staffelei ..
1319 2778 2728 2844 Maskenzügen sich und den anderen Wesenheiren vortäuscht. Es ist der Meister
196 2806 1245 2872 kater aber wandelt sich wieder die Scene. Leonhard und
1325 2843 2733 2908 Paracelsus, wie er in Schnitzlers Buche steht, halb Charlatan, halb Seelenleser:
209 2864 1238 2929 r auf dem Diwan vor dem altflorentiner Bild. Die Frau
1665 2897 2360 2972 Mit Menschenseelen spiele ich. Ein Sinn
192 2911 1235 2979 kr schweren Versonnenheit auf, „in ihren Zügen drückt sich
1672 2962 2371 3013 Wird nur von dem gefunden, der ihn sucht.
196 2964 1248 3031 eugung aus, daß ein Schicksal über ihr ist, dem sie nicht
1663 2995 2366 3056 Es fließen ineinander Traum und Wachen.
195 3015 1245 3079 eicht Leonhard die Hand, sieht ihm ernst und fest ins Auge
1663 3033 2386 3085 Wahrheit und Lüge. Sicherheit ist nirgends.
194 3059 1234 3146 it dem Ausdruck der Liebe, sonvern der Entschlossenheit“:
1661 3080 2407 3141 Wir wissen nichts von andern, nichts von uns.
1662 3108 2345 3189 Wir spielen immer, wer es weiß, ist klug.“
201 3147 1226 3213 in diesem effektvoll aufgeputzten Intermezzo recht die Para¬
1427 3166 2701 3245 Doch dieser rabulistische Erotiker kann auch einfach sein und ohne Spinti¬
193 3214 1240 3270 die Grenzen löschen zwischen Tag und Nacht und uns in
1313 3238 2719 3293 siererei eine Lebenssituation tief erfassen, und dann wirkt er wahrhafter und
204 3263 1245 3340 Zweifel stellen“. Wie sein Meister Paracelsus kennt er die
1303 3292 2726 3358 echter. So spricht er im dritten Stück jener Einakterreihe, den „letzten Masken“.
2393 3711 2489 3775 UE
1864 3775 2049 3869 d
