3392 4224
1013 210 1090 289 S
1905 203 2363 299 box 21/5
1512 218 1560 283 2
196 214 1911 306 16.1. Lebendige undenyklus
1477 1002 1773 1114 serlel,
1295 1131 1929 1240 Lebendige Stunden
1366 1217 2654 1297 Rückwärts, rückwärts, stolzer Cid! Der erfolggemiedene Brahm hat
1301 1295 2656 1359 jüngst bis Februar 1903 und jetzt bis Januar 1902 zurückgegriffen. Warum
1313 1332 2652 1411 folgt er nicht ehrlich und methodisch dem Schnitzlerischen Puppenspieler, der
1301 1397 2658 1454 das, was er nicht kann, einfach nicht will; weswegen macht er aus der Not
1309 1441 2654 1510 nicht eine Tugend, aus seiner Kassennot nicht eine künstlerische Tugend
1314 1493 2659 1569 dieses Frühjahrs und des nächsten Winters? Es wäre gar nicht schwer.
1308 1548 2657 1628 Ich finde kein Zugstück? Ich suche kein Zugstück. Bassermann und die
1307 1602 2661 1674 Lehmann gehen von mir weg. Das ist ein Schlag. Nur bleibt unleugbar:
1301 1657 2658 1722 Ich besaß sie doch einmal, und ich besitze sie noch immer. Dieser Doppel¬
1311 1712 2656 1795 tatbestand sei mir willkommener Anlaß, mein eigener praktischer Historiker
1320 1768 2663 1842 zu werden. Ich studiere möglichst viele von den Dramen ein, die dank
1319 1818 2651 1903 diesem Bassermann oder dank Elsen Lehmann oder dank ihnen beiden Glück
1319 1881 2654 1945 hatten oder hätten haben können oder nach menschlichem Ermessen heute
1315 1946 2653 1997 haben werden. Einsame Menschen, Michael Kramer, den Roten Hahn,
1318 1995 2660 2049 Tartüff und den Eingebildeten Kranken, die Unehrlichen und Benignens
1318 2035 2667 2116 Erlebnis, Cyprienne und den Grünen Kakadu, Agnes Jordan, Kater Lampe,
1316 2097 2656 2163 Traumulus (ohne den dritten Akt), die Macht der Finsternis, den Einsamen
1314 2148 2654 2214 Weg, und was mir noch von dem modernen Ibsen fehlt: Gespenster und
1325 2200 2662 2262 Baumeister Solneß. Jedes von diesen Stücken wird für ein halbes Dutzend
1315 2261 2666 2321 Abende, und manches für zwei Dutzende und mehr, den Reiz der Neuheit
1316 2306 2678 2393 haben, und alle miteinander werden mir nicht weniger „bringen“ als ein
1323 2371 1673 2442 einziger Schlager.
1391 2388 2662 2486 „Lebendige Stunden“ war ein guter Anfang. Anstatt des schwachen Aktes,
1319 2472 2670 2549 der den Titel des ganzen Zyklus trägt und auseinandersetzt, gab es den
1325 2524 2677 2592 „Puppenspieler“, der das Thema umkehrt. Dieses Thema hat am knappsten
1325 2570 2666 2649 Bourget formuliert: Tout est matière pour vous, für euch arme und
1331 2626 2671 2709 doch wieder reiche Künstler, die ihr Lust und Leid, tiefste und wehestes,
1322 2682 2667 2763 eurer Kunst dienstbar macht und machen müßt. Auch der Puppenspieler
1325 2744 2674 2805 hat als ein solcher Künstler angefangen. Er ist am Morgen ausgezogen,
1324 2801 2675 2861 wie Ulrik Brendel mit der Fähigkeit begabt, „wahrscheinlich“ „nächstens“ ein
1326 2854 2673 2916 epochales Werk herauszugeben. Es entstand kein Werk; nur eine triftige Erklärung
1329 2915 2682 2975 für die eigene Ohnmacht: „Weshalb sollte ich meine Ideale profanieren, wenn
1330 2953 2671 3023 ich sie in Reinheit und für mich genießen konnte?“ So gestaltet er nicht aus Ge¬
1325 3006 2677 3077 schicken Kunstgebilde, sondern er gestaltet die Geschicke selber. Menschen sind
1335 3063 2675 3138 für ihn nichts als Objekte, Akkumulatoren von Stimmungen, Instrumente
1322 3114 2669 3183 zur Beleuchtung, zur Erheiterung, zur Verstimmung und zur Rührung,
1336 3183 2670 3232 Spielbälle: seine Puppen. Bis sich in einem Fall erweist, daß er ge¬
1334 3217 2681 3320 schoben wurde, wo er zu schieben überzeugt war. Das sicht diesen Don
1334 3339 1468 3415 278
