3392 4224
1936 184 2393 285 box 21/5
1546 198 1595 271 7
1184 221 1236 273 11
237 200 1938 317 16.1. Lebendige Stunden vklus
972 943 2321 1048 Quixote nicht im geringsten an. Er pilgert seine Straße weiter: der wahre
964 1009 2316 1092 Bettler, der allein der wahre König ist. Schnitzler aber will, so scheint
981 1063 2316 1156 es, sagen, daß es unmöglich ist, menschliche Handlungen auch nur mit einem
980 1103 2318 1208 Schimmer von Zuverlässigkeit zu richten, da niemand die heimlichen Motive
983 1161 2325 1253 noch die Tragweite einer Tat erkennt. Diese Einsicht, diese schmerzliche
985 1224 2328 1320 Entsagung gibt dem kleinen Drama sein bitteres Aroma. Um uns stärker,
982 1268 2331 1385 um uns mit tragischen Gewalten anzurühren, hätte der Dichter uns nicht
984 1328 2325 1418 blos die Endsumme hinwerfen dürfen von Posten, die wir ihm zu glauben
989 1370 2337 1491 haben: er hätte vor unsern Augen die ganze Rechnung Schritt vor Schritt
987 1464 1366 1540 vornehmen müssen.
1061 1473 2326 1577 Es ist das Schicksal des Einakters, daß ihm ein Rest Abruptheit bleibt.
992 1535 2331 1634 Das zugegeben, ist Schnitzler Meister in der Abrundung und Zuspitzung
995 1594 2336 1686 der bizarren Vorwürfe, an denen er sein Thema abwandelt. Dem Puppen¬
997 1667 2341 1745 spieler war, notgedrungen, die Kunst nichts und das Leben alles. Für die
1002 1698 2346 1802 Gestalten der übrigen drei Akte hat das Leben keinerlei Selbstzweck. Sie
1008 1757 2348 1848 spielen mit den Inhalten des Lebens ganz so, wie dieses mit dem vor seiner
1007 1803 2346 1913 Göttlichkeit niemals erbangenden Drahtzieher spielte. Maler, Mimen und
1003 1863 2343 1952 Dichter sind Vampyre. Der große Maler vergißt den Ehebruch der eigenen
1009 1887 2358 2024 Frau, wenn der ihm jene Pose schenkt, die ihm noch für sein Bild gefehlt
1017 1962 2353 2080 hat. Die Kleinen von den Seinen unterscheiden sich nur durch den Wert
1006 2032 2349 2115 der Leistungen, nicht durch die Art des Schaffens. Der Komiker von Ol¬
1017 2076 2356 2180 mütz, selber sterbenskrank, studiert die Zuckungen von Todeskandidaten für
1023 2123 2353 2238 seine Rollen. Dem Modedichter ist an dem Spitalbesuch von weit ge¬
1023 2183 2355 2272 ringerer Wichtigkeit der hoffnungslose Zustand seines Jugendfreundes als
1017 2235 2366 2336 der bunte Eindruck des Milieus. Die Caféhausliteraten entwerfen und
1028 2290 2360 2400 kopieren ihre glühendsten Liebesepisteln und verwenden sie, mitsamt den
1030 2347 2366 2441 Antworten, wörtlich für ihre Bücher. So verfolgt Schnitzler sein Thema
1020 2390 2372 2497 von der Pathetik über den naturalistisch aufgefaßten Alltag bis in die
1019 2448 2366 2558 Karikatur. Je freier seine Ironie wird, desto belangvoller wird seine
1031 2545 1309 2616 Künstlerschaft.
1100 2550 2364 2665 „Die Frau mit dem Dolche wirkt am oberflächlichsten. Aus drei Gründen.
1031 2632 2368 2725 Schnitzlers Verssprache war damals nicht sehr individuell. An der mächtigen
1038 2668 2382 2772 Idee der Seelenwanderung wird gar zu spielerisch herumgetastet. Die Frau
1035 2728 2374 2811 mit dem Dolche, die nichts als Weibchen sein soll, gebietet über die gleiche
1041 2780 2377 2879 spitze und spitzfindige Dialektik, die ausgeprägten Geistesmenschen angemessen
1040 2829 2382 2923 ist: hier spricht Schnitzler selbst und kein objektiviertes Dramenfemininum. Es
1040 2884 2384 2994 kommt hinzu, daß das Lessingtheater in solchen schweren Fällen niemals
1048 2939 2384 3036 Hilfe leistet. Es läßt die Verse so unmusikalisch, wie sie sind. Es bleibt
1041 2992 2383 3096 der mittelalterlichen Maskerade alle Farben schuldig. Es hat für solche
1040 3044 2395 3155 italienische Paola nur Frau Triesch, die noch dreimal gescheiter tut als
2262 3154 2391 3236 279
