3436 4224
2106 143 2558 241 box 21/2
282 175 1949 256 16. 1. Lebendige Stunden zyklus
1808 523 3090 597 und an andern Stellen wird das System sich wirksam
535 553 1805 631 Meisters hängt, das eine Frau mit dem Dolche darstellt. Der Galan, dem
1823 579 3097 644 und weit billiger stellen. Fast ebenso große Ergebnisse erwarte
539 605 1810 677 sie das für den Abend begehrte Stelldichein noch hartnäckig verweigert,
1825 639 3094 694 ich auf dem Lande. Wenn drängende Arbeit es nicht verhinderte,
547 644 1814 722 weist auf die frappante Aehnlichkeit der Dame seines Herzens mit jenem
1816 679 3094 739 würde ich sogleich auf den westlichen Prärien Versuche anstellen. Nach
551 692 1806 753 Weibe vor ihnen auf der Leinewand hin. Während sich Pauline immer
1817 720 3099 772 Versuchen, die in England auf ebenen Flächen gemacht wurden, glaube
545 732 1809 802 selbstvergessener in die Betrachtung des Bildes versenkt, fällt sie in
1825 773 3094 829 ich, daß ähnliche Ergebnisse wie auf dem Wasser erzielt würden.
545 771 1808 841 einen tranmähnlichen, hellseherischen Zustand. Die Szene wandelt sich,
1830 815 3101 868 Sobald das System vollendet ist, wird man ohne Drähte durch eine
540 828 1807 886 und wir sehen das Florenz des Zeitalters der Medici vor uns.
1835 847 3109 903 Strecke von 1500 englischen Meilen Prärie getrennte Orte telegraphisch
537 857 1812 930 Paola, die Gattin des Malers Remigio, die diesem in der ver¬
1836 897 3095 955 verbinden können. Das wäre eine ideale Verbindung zwischen dem
546 900 1814 962 flossenen Nacht die eheliche Treue mit Leonardo, seinem Schüler, ge¬
1821 935 3093 1002 Kap und Kairo. Die jetzt nötige lange Telegraphenlinie ist sehr kost¬
555 957 1818 1013 brochen, harrt der Rückkunft des Gemahls. Sie beichtet ihm
2163 967 3103 1034 Einige drahtlose Stationen könnte man gegen geringe
1839 988 2155 1053 spielig zu bauen.
552 986 1822 1065 die Schuld, Leonardo begehrt vom Meister den Tod. Der aber hat
1831 1025 3094 1088 Kosten exhalten. Dasselbe gilt von der transsibirischen Bahn...
546 1037 1816 1109 nur Verachtung für ihn und weist ihm die Thür. Leonardo schwört
1839 1067 3105 1131 Das System hat eine große Zukunft bei militärischen Operationen.
550 1083 1812 1137 Rache für die Schmach, da trifft ihn der Dolch Paolas. Während
1832 1111 3095 1168 Sein Wert ist zum Teil im südafrikanischen Krieg bewiesen worden,
549 1136 1827 1204 diese noch mit gezücktem Messer vor dem sterbenden Liebhaber steht,
1831 1169 3096 1209 aber verschiedene Umstände verhinderten seinen vollen Gebrauch. In
550 1190 1830 1243 schreitet Remigio zur Staffelei; er hat für die Frau dort
1833 1197 3109 1264 Zukunft jedoch wird seine Nutzbarmachung mit verbesserten Apparaten
545 1225 1814 1284 fauf dem noch unvollendeten Bilde jetzt die richtige Geste ge¬
1834 1260 3111 1299 und ausgebildeten Leuten ganz leicht sein. Guerillabanden könnten dann
550 1259 1820 1318 funden ... Wir sind wieder im Bildersaal, Pauline erwacht
1835 1298 3111 1351 die Bewegungen des Feindes nicht mehr hindern. Eine Verbindung
551 1300 1822 1372 faus einer Ohnmacht, Leonhard ist noch immer bei ihr, ein kurzes
1827 1326 3113 1385 zwischen den belagerten Städten und der Außenwelt wäre unter allen
552 1344 1821 1408 Bedenken und sie giebt ihm die Zusage zum gewünschten Rendezvons.
1834 1376 3105 1429 Umständen möglich. Militärische Operationen, die sich über ein weites
546 1387 1821 1449 Vom Dichter ist das alles gewiß sehr hübsch gedacht, die szenische Wirkung
1842 1412 3107 1478 Gebiet ausbreiten, könnten dadurch ohne Legung von Feldtelegraphen
557 1451 1822 1501 uber bleibt aus, es fehlt die Kraft der dramatischen Gestaltung. Daß
1840 1446 3111 1520 oder den Gebrauch von Heliographen kontrolliert werden. Auch die
554 1490 1823 1543 Schnitzler in glücklichen Stunden über eine solche verfügt, zeigt die
1839 1492 3116 1558 Versuche zwischen britischen Kriegsschiffen waren sehr erfolgreich; zwei
557 1516 1824 1595 Tragikomödie „Die letzten Masken“. Wird man über die
1842 1559 3107 1603 Kreuzer traten in einer Entfernung von 168 Meilen in Verbindung.
555 1563 1826 1636 bbeiden besprochenen Stücke rasch zur Tagesordnung übergehen, so ver¬
1838 1598 3116 1647 Die drahtlose Telegraphie ist so für alle Phasen des Seekrieges von
554 1606 1836 1666 dient dieser dritte Einakter als eine schätzenswerte Bereicherung unseres
1837 1634 3113 1710 größtem Werte. Der Marconi=Apparat liefert ein System, das unter
554 1652 1824 1719 Bühnenrepertoires alle Beachtung. Die mit geistvoller Satire reich ver¬
1841 1675 3108 1734 allen Umständen zuverlässig ist. Ein Draht hängt auf jedem Kriegsschiff
553 1696 1825 1751 setzte Handlung spielt im Zimmer eines Wiener Krankenhauses. Ein alter,
1840 1726 3115 1780 lose vom Mast herab. Er erfordert weder besondere Einrichtungen noch
549 1737 1829 1783 im Elend verkommener Journalist liegt im Sterben. Noch einmal vor seinem
1842 1767 3114 1828 ständige Sorgfalt und erwidert Signale, bis der Mast fortgeschossen
556 1782 1826 1842 Tode will er, das so bitter verkannte Genie, seinen vom Glück unverdient
1954 1806 3116 1862 Dieser Defekt kann durch Befestigung eines zweiten
1837 1823 1929 1875 ist.
554 1827 1832 1884 begünstigten Jugendfreund, den berühmten Schriftsteller Weihgast, sehen.
1847 1851 3119 1910 Drahtes vermieden werden. Bei modernen Schlachtschiffen mit den
549 1872 1825 1921 Seinen im Busen so lange genährten Haß will er ihm mit
1845 1891 3118 1959 niedrigsten Masten arbeiten die Marconi=Zeichen über einen Radius von
1181 1915 1820 1965 Vor einem Mitkranken, einem
551 1928 1187 1984 voller Wucht entgegenschleudern.
1839 1927 3117 1996 50 Meilen . ... Für den gewöhnlichen Ozeanreisenden ist es
1217 1955 1825 2016 er eine Art Generalprobe
552 1956 1224 2029 schwindsüchtigen Komiker, hält
1838 1991 3118 2042 von größter Wichtigkeit, daß jede Bewegung des Schiffes verfolgt wird
845 1987 897 2054 r
918 2002 1827 2056 aber den berühmten Mann in seiner
553 2012 819 2071 ab. Als
1851 2022 3129 2096 und ihm die Nachrichten von den Geschehnissen der Welt täglich, wenn
556 2047 1831 2107 aufgeblasenen Erbärmlichkeit vor sich sieht, da wird er mit einem Male
1835 2060 3113 2122 nicht stündlich, übermittelt werden können. Ein Schiff in Not kann
560 2088 1834 2154 milder gestimmt. Er erkennt die Nichtigkeit solchen Daseins und
1850 2103 3118 2185 anderen Schiffen oder an der Küste seine genaue Lage angeben und
552 2132 1839 2191 schweigend stirbt er. Das Ganze ist ein glücklicher Wurf, die Charakte¬
1854 2164 3125 2220 Hülfe fordern. Sich nähernde Schiffe können einander ihr Kommen
554 2153 1844 2228 ristik der drei Hauptpersonen von echter Lebenswahrheit, die Szene geschickt¬
1848 2201 3123 2249 ankündigen und so einen Zusammenstoß vermeiden. Schiffe, die sich
558 2216 1831 2281 geführt und dabei knapp gehalten. Der Eindruck war von packender Gewalt.
1855 2242 3124 2296 dem Land bei Nebel nähern, können gewärnt werden, wie sie Gefahren
567 2268 1832 2319 Einen wirkungsvollen und heiteren Abschluß gab dem in seiner zweiten
1855 2290 3124 2341 vermeiden. 90 pCt. der Unglücksfälle von Passagierdampfern können
562 2288 1846 2360 Hälfte so anregenden Abend der Schwank „Litteratur“ eine höchst
1854 2332 3117 2387 dadurch, daß die Schiffe mit dem Marconi=Apparat ausgerüstet sind,
572 2329 1831 2405 witzige Satire auf allerhand Litteratentum. Das Leben des Bohemien
1852 2370 3113 2425 vermieden werden. Bei der Erforschung unbekaunter Erd¬
569 2393 1832 2449 öst in ihm mit tollster Laune geschildert, die Zeichnung der ver¬
1854 2409 3121 2474 teile im dunkelsten Afrika, Tibet und anderswo wird diese
562 2425 1836 2494 schiedensten Typen prächtig gelungen Es war ein Treffer ins Schwarze,
1856 2457 3119 2517 Erfindung unerläßlich sein. Der zukünftige Forscher wird
573 2478 1832 2533 der für voraufgegangene Enttäuschungen reichlich entschädigte. Das
1843 2503 3128 2557 an Hauptpunkten drahtlose Stationen errichten, und sogar arktische
566 2524 1835 2584 Publikum schien das Mißlungene, das die Vorstellung zeitigte, denn
1854 2541 3133 2609 Forscher können damit rechnen. In einigen Monaten gedenke ich eine
574 2556 1840 2640 auch schnell vergessen zu haben und zeichnete den anwesenden Dichter zu
1853 2598 3128 2658 ganze Masse Verbesserungen des Systems und des Apparats
570 2612 1264 2690 guterletzt durch wärmsten Beifall aus.
1856 2633 3119 2703 zu beweisen, die die jetzigen Fähigkeiten verdoppeln. Zweifellos werden
1864 2675 3127 2738 innerhalb einiger Jahre alle großen Länder in direkter drahtloser Ver¬
1863 2729 3122 2777 bindung miteinander stehen... Es giebt auch keinen wesentlichen
905 2676 1659 2813 Vermischtes.
1852 2762 3126 2828 Grund, warum New=York nicht mit London oder Paris direkt sprechen
666 2783 1838 2853 Marconi über die Möglichkeiten der drahtlosen
1848 2807 3121 2874 Könnte. Wenn ich meine Station am Cape Cod baue, will ich eine
566 2830 1842 2900 Telegraphie. Der Erfinder der drahtlosen Telegraphie äußert sich
1855 2859 3128 2919 entsprechende Station an der westlichen Küste Frankreichs für direkte
573 2883 1842 2965 jetzt selbst in einem interessanten, natürlich optimistischen Aufsatz, den
1862 2896 3129 2959 Verbindung errichten, sobald ich die Stationen in St. Johns und
574 2927 1838 2997 er im „New=York Herald“ veröffentlicht, über die Möglichkeiten der
1862 2931 3129 2994 Poldhu als Vermittlungsstationen entbehren kann. Die weiteren Folgen
575 2975 1842 3032 drahtlosen Telegraphie folgendermaßen: „Es ist fast sicher, daß die
1859 2983 3139 3053 sind ein anderes Paar Stationen weiter südlich, eine bei Baltimore
576 3021 1845 3071 Einzelheiten von König Eduards Krönung von London nach New=York
1869 3035 2319 3103 und eine auf Gibraltar.“
579 3071 1852 3123 durch drahtlose Telegraphie befördert werden können. Wenn die anglo¬
2713 3072 2884 3170 12½
574 3102 1848 3172 amerikanische Telegraphengesellschaft jetzt nicht versuchte, mich daran zu
2259 3118 2735 3197 Litteratur.
579 3154 1846 3218 verhindern, mit meinem System in Neufundland zu arbeiten, würde ich
576 3184 1852 3260 behaupten, daß das Ereignis so berichtet werden wird. Es handelt
1920 3191 3132 3246 — Deutsche Heimat. Blätter für Kunst und Volkstum. Verlag
1857 3236 3123 3283 von Georg Heinrich Meyer, Berlin. V. Jahrgang. Inhalt von
578 3229 1858 3292 sich nur darum, die nötigen Stationen zu bauen. Meine Fähigkeit,
1867 3266 3128 3329 Heft 13. Weihnacht deutsch. Von Arthur Bonus. Christabend. Gedicht
577 3271 1855 3331 drahtlose Zeichen über den Atlantischen Ozean zu übermitteln,
1871 3313 3134 3362 von Adolf Pichler. Aus Ahasver. Eine Dichtung von Gustav Nenuer.
949 3320 1850 3385 in Frage; es müssen nur die entsprechenden
579 3324 951 3390 steht nicht länger
1866 3349 3135 3396 Jul. Gedicht von Arthur von Wallpach. Wie es vor acht Jahren an¬
591 3370 1846 3435 Apparate beschafft werden. Innerhalb eines Vierteljahres kann ich
1874 3384 3137 3461 fing. Von J. H. Löffler. Rundschau: Los von Berlin. Neuer Litteratur¬
579 3401 1853 3474 seine ähnliche Station in St. Johns, Neufundland, und eine dritte in
1865 3433 2041 3505 frühling.
575 3446 1852 3499 Massachusetts bei Cape Cod in der Nähe gebaut haben. Mit diesen
1982 3449 3136 3532 Die Tochter in Hans und Welt. Wegweiser zur Weiter¬
574 3494 1854 3552 drei Stationen kann die alte und die neue Welt verbunden werden.
1860 3506 3140 3573 bildung nach dem Austritt aus der Schule von Elise Roth. 4,50
583 3542 1856 3590 Die Entfernung von Cornwall nach St. Johns beträgt 1800 englische
1870 3547 2974 3599 Mark geb. Stuttgart. Schwabachersche Verlagsbuchhandlung.
1971 3570 3144 3632 Celsissimus. Salzburger Roman von Arthur Achleithner.
577 3581 1855 3641 Meilen, die von St. Johns nach Cape Cod 1200 Meilen. Wenige
1857 3622 2753 3695 3,50 Mk., geb. 4,50 Mk. Berlin. Alfred Schall.
580 3621 1850 3669 meiner Kollegen glaubten es, daß es möglich wäre, eine drahtlose
579 3655 1860 3727 Depesche von England nach Amerika zu senden; aber ich habe niemals
587 3708 1854 3766 daran gezweifelt und bin im Gegenteil etwas enttäuscht, daß die er¬
2303 3702 2682 3786 Togogriph.
593 3748 1856 3810 haltenen Zeichen nicht stärker waren. Was die besondere zukünftige
2265 3763 2615 3819 Nun frisch voran
585 3806 1852 3855 Entwicklung des Systems betrifft, so glaube ich, daß es in naher Zu¬
2261 3803 2632 3859 Wer schießen kann.
2261 3846 2745 3910 Die Meute ist schon das
589 3842 1862 3896 kunft an Stelle der beabsichtigten Pacific=Kabel treten wird. Durch
2257 3884 2746 3957 Mit i ist's dort im a
574 3874 1870 3955 drahtlose Stationen in Seattle, Vancouver, Fanning Island
