3484 4320
2107 136 2557 233 box 21/2
284 172 1961 265 16.1. Lebendige Stunden zuklus
1655 842 2010 926 Schicksalsminiaturen.
1107 849 1258 919 560
1237 940 2534 1008 Wieder ist es eine Sterbestunde, die zur „lebendigen Stunde“ wird. Aber
1118 1007 2535 1064 anders, als wir es bisher erlebten. Ein verlorener Mensch, dem Leben und
1118 1046 2542 1113 Dichten zerrann, den der Daseinskampf aufgerieben in Kleinarbeit und Erniedri¬
1118 1091 2537 1157 gung, liegt im Spital und weiß, er wird das nicht wieder verlassen. Er fühlt,
1122 1159 2539 1206 daß es aus und vorbei ist, und er ist zufrieden. Nur eins quält ihn: er möchte
1128 1191 2541 1274 seinem einstigen Jugendfreund, dem berühmten Erfolgsdichter, der sich auf Schleich¬
1130 1245 2535 1300 wegen Ruhm, Ansehn, Reichtum erworben, der ihn gönnerhaft überlegen vo¬
1130 1290 2545 1358 oben herab angesehen als einen, der den Anschluß verpaßt, als einen Lebens¬
1127 1343 2542 1405 unfähigen, seinen Haß und seine Verachtung ins Gesicht schleudern; er möchte
1122 1389 2541 1456 ihm die selbstgefällige Maske abreißen, ihn vor sich selber entlarven und ihm
1119 1439 2542 1490 zeigen, daß sein ganzer eingebildeter Glanz hohl und nichtig ist. Der andere,
1115 1500 2551 1555 der offenbar nicht ohne Gutmütigkeit, läßt sich bestimmen, an das Sterbebett
1129 1539 2546 1600 des armen Teufels zu kommen. Als er aber nun in seinem satten Wohlwollen,
1116 1598 2543 1650 etwas verlegen und hilflos dasteht, ein paar inhaltlose Trost= und Zuspruchs¬
1125 1649 2544 1699 worte murmelt und dann nicht mehr so recht weiß, was er sagen soll, da stockt
1120 1697 2541 1746 in dem Sterbenden jener leidenschaftliche Haß und jener inbrünstige Wunsch.
1126 1744 2539 1799 Im Schatten des Todes wächst er zu einer Ueberlegenheit, die er nie in seinem
1121 1796 2542 1851 zertretenen Leben gehabt hat; der andere erscheint ihm nun so klein, so fern.
1128 1837 2545 1897 Was lohnt es, an den noch ein Wort zu verschwenden, was lohnt es, zu hassen
1126 1882 2538 1945 und wütend zu schrein? Er fühlt sich jenseits all dieses menschlichen Zankens und
1117 1936 2541 2005 Streitens. Ja, der andere thut ihm fast leid, der seine Maskeun weiter tragen
1126 1999 2541 2048 muß, während hinter ihm bald alles im wesenlosen Scheine liegen wird: „Was
1126 2028 2539 2105 hab' ich mit ihm zu schaffen? Was geht mich sein Glück, was gehn mich seine
1127 2097 2509 2147 Sorgen an? Was haben wir zwei miteinander zu reden gehabt? He! Was
1123 2138 2528 2207 Was hat unsereiner mit den Leuten zu schaffen, die morgen noch auf der Welt
1131 2187 1416 2257 sein werden?“
1237 2223 2520 2297 Die „lebendige Stunde“ erlebt auch dieses Stiefkind, dessen Dasein immer
1129 2285 2525 2342 tot und leer gewesen, der nichts geschaffen, jetzt im Tode, da er zum erstenmal über
1117 2337 2534 2391 der Enge steht, da er von eigensüchtigen Empfindungen erlöst, mit weiteren Augen,
1127 2388 2537 2451 zum erstenmal nicht ein Beteiligter, sondern ein Betrachter, den Dingen ins
1127 2435 1399 2497 Antlitz schaut.
1251 2496 2539 2542 Den drei ernsten Zwischenspielen folgt ein Satyrspiel: „Litteratur". Die
1116 2529 2529 2592 Idee, die in den Einaktern frei variierend gespiegelt wurde, daß für den Künstler
1127 2576 2538 2631 Leben und Tod aus der Sphäre eigen=engpersönlicher Erfahrung sich lösen und
1117 2630 2536 2690 ihre Freuden und Schmerzen ihnen zum Drange werden, zu gestalten, in Gebilde
1123 2690 2542 2753 umzusetzen, diese Idee wird zum Schluß im Hohlspiegel der Karikatur gezeigt.
1248 2725 2535 2787 In glänzend gelungener Zeichnung — Scherz, Satire, Ironie und tiefere
1131 2778 2534 2840 Bedeutung vollendet in eins — stellt Schnitzler moderne Homunculi der Litteratur
1120 2812 2533 2884 hin, jene Kaffeehausdichter und =Dichterinnen, die ihre wertlose Kleinexistenz
1122 2875 2531 2937 stenographisch vervielfältigen, die ihre „Regungen“ mit dem Bleistift kontrolieren
1119 2919 2534 2991 und notieren, die ihre Leidenschaften sich anlesen und ihre Abenteuer ausschlachten,
1124 2977 2537 3042 nicht aus zur Befreiung drängendem Künstlertum, sondern aus Litteraturfexerei.
1241 3018 2536 3085 Sehr witzig, eine moderne Paraphrase von Gottfried Kellers köstlichen „Miß¬
1132 3071 2522 3138 brauchten Liebesbriefen“, ist's, wie der „geniale Mann“ und das „geniale Weib“
1133 3117 2525 3184 sorgsam praktisch ihren Briefwechsel sich heimlich voreinander zu späterer Ver¬
1128 3166 2530 3238 wendung kopieren, und zu ihrer peinlichen Ueberraschung in seinem großen „Lebens¬
1114 3233 2135 3289 roman“ dann dieselben Briefe stehen, wie in dem ihren.
1112 3254 2550 3349 Paracelsus hat hier seinen faltigen Phild¬
1104 3333 2521 3406 sophermante1, in den sein Schritt nanchal
1110 3384 2547 3443 unsicher ging, abgeworfen und steht verwan¬
1119 3434 2559 3515 delt in leichter Annut da. Er jongliert mit
1145 3496 2481 3572 en farbigen Bällen des Einfalls lachend
1136 3542 2512 3626 berlegen, er Floryettiert spielend sicher
1113 3612 2445 3664 nit blitzenden Stössen und, wie Rostands
1111 3657 2504 3741 Cyrano auf der Sonettmensur, kann er spöt¬
1141 3716 2443 3808 isch-sigghaft sagenz !Und bein letzten
1159 3769 1693 3841 rse stechlich.
1787 3814 2408 3925 Felix Penpenberg.
2401 3784 2539 3946 8100
2571 3832 2633 3904 5
2759 1687 2946 1874 □
2819 1866 2937 1918 WR
2891 1880 2988 1939 Shler
2795 1901 2872 1946 I
2802 1923 2892 1967 G
2795 1954 2930 1998 S
2860 2012 2962 2108 605
2803 2163 2845 2219 4
