3436 4224
2131 127 2556 230 box 21/2
307 146 1985 250 16.1. Lebendige Stunden  Zyklus
1754 1247 2791 1310 — sscheruba-4s—s00 — —. —chter stattet,
2923 1243 3406 1325 Tei schwerer Unfa
706 1298 1753 1359 fort ist: „Wie armselig sind doch die Leute, die auch
1750 1294 3376 1354 auf dem Friedhofe St. Leonhard ein. Nachdem die Leiche]Berlin wird uns unter dem
715 1349 1755 1403 morgen noch leben müssen. Was hab' ich mit ihm zu
1744 1327 3405 1414 Hamerling's aus dem bisherigen Grabe gehoben, in die Professor Virchow wurde Samst
705 1383 1747 1456 schaffen? Was geht mich sein Glück, was gehen mich seine
1744 1394 3390 1459 Todtenkammer gebracht und in den neuen Metallsarg gelegt von einem schweren Unfall b
713 1436 967 1499 Sorgen an?“
1738 1442 3388 1502 worden war, wurden die Berichterstatter ersucht, die Todten= lassen eines Straßenbahnwagens,
806 1455 1747 1544 Das vierte Stück heißt „Literatur“. Es ist unendlich
1745 1480 3394 1549 kammer zu verlassen, da an dem Kopfe Hamerling's setzte, ehe Virchow abgestiegen was
704 1529 1739 1580 lustig, von einer sprühenden, befreienden, erschütternden
1756 1532 3402 1602 eine „Schädelmessung“ vorgenommen werden solle. lehrte — gegenüber dem Krie
700 1577 1738 1637 Komik. Ein Literaturweibchen, schlau und albern zugleich,
1740 1572 3398 1633 Nach einigen Minuten war diese angebliche Schädelmessung Leipzigerstraße — zu Fall und
701 1619 1743 1675 prickelnd, fesselnd und widerwärtig, echt in ihrer Nach¬
1748 1627 3396 1680 durchgeführt und die Berichterstatter fanden bei ihrem leichteren Contusionen an den Bei
703 1667 1740 1720 äfferei, äffisch in ihrer Echtheit, wird den Sportsman
1752 1666 3403 1730 Wiedereintritt den Metallsarg bereits verschlossen. Es linken Oberschenkelhalses. Passen
704 1707 1730 1761 Baron Clemens heiraten, den sie sich aus einem Münchener
1753 1713 2761 1774 wurde sodann erst Pfarrer Mayer geholt, der die Einsegnung
2779 1726 3402 1787 unglückten, der unmittelbar nach dem
711 1759 1741 1820 Literatencafé geholt hat. Aber sie kann das Dichten nicht
1742 1760 2765 1811 der Leiche vornahm. Die Angehörigen Hamerling's hatten
2774 1771 3404 1829 vom Pflaster auf und trugen ihn
698 1798 1745 1862 lassen, und so hat sie einen Roman geschrieben, den Roman
1752 1809 2768 1875 überhaupt nur durch die Zeitungsberichte Kenntniß von dem
2768 1823 3406 1874 einen Laternenpfahl gelehnt, erhol
710 1848 1730 1899 ihres Lebens, natürlich mit Verschleierungen. Aber die
1749 1857 2348 1925 bedeutungsvollen Acte erhalten.
2771 1860 3399 1922 und sprach leise den Wunsch aus,
712 1895 1742 1945 Briefe sind darin, die sie mit ihrem Münchener Kaffee¬
1839 1901 2770 1961 Mitte December erhielt nun Frau Clotilde Gstirner
2762 1916 3399 1962 gebracht zu werden. Ein Schutzm
697 1943 1737 2011 hausfreund Gilbert gewechselt hat, nicht blos seine, sondern
1752 1925 2762 2003 zu ihrem Entsetzen von vertrauenswürdiger Seite die Mit¬
2771 1954 3401 2009 Droschke und fuhr mit ihm nach
708 1990 1738 2048 auch ihre Briefe. Denn die hatte sie sich — es ist zum
1748 1993 2774 2041 theilung, daß der Kopf Hamerling's seit der
2775 2003 3400 2050 Virchow die Treppe hinaufgetrage
701 2027 1732 2090 Schreien — vorher aufgesetzt. Und jetzt kommt etwas ent¬
1742 2040 2775 2107 stattgehabten Exhumirung verschwunden
2774 2049 3390 2102 Sohn des Gelehrten, Professor He
708 2082 1743 2138 zückend Tolles. Baron Clemens, der nun einmal das
1750 2087 2761 2143 sei, und daß im neuen Grabe nur die ent¬
2769 2085 3400 2156 Hausarzt wurden rasch herbeigeholt,
697 2129 1730 2175 Dichten als unfein nicht leiden kann, ist ärgerlich fort¬
1743 2130 2763 2193 hauptete Leiche ruhe. In literarischen Kreisen ging
2774 2138 3409 2191 daß, wie oben erwähnt, der linke Ob
698 2175 1728 2231 gegangen, als er hört, daß der Roman, der schon gedruckt
1753 2180 2764 2239 man der Sache eifrig nach, und dabei soll sich folgender
2773 2183 3404 2258 sei. Die übrigen Verletzungen sin
701 2226 1743 2279 ist, in acht Tagen erscheinen soll. Gilbert kommt, seine
1749 2222 2265 2287 Thatbestand ergeben haben:
2766 2238 3399 2289 bedenklich. Professor Hans Virchow
700 2269 1742 2310 einstmalige Geliebte zu sehen. Auch er hat einen Roman
1825 2261 2766 2337 Der Obmann des Grabdenkmal=Ausschusses, Advocat
2774 2280 3404 2343 Pflege seines Vaters und ist seit S#
708 2309 1729 2384 geschrieben, auch er hat die Briefe hineingenommen, die
1748 2304 2766 2369 Dr. Gödel, welchem namens dieses Ausschusses nur
2763 2316 3398 2377 Seite gewichen. Aus der Darstellu
709 2359 1737 2425 seinigen neben den ihrigen. Die seinigen hatte er sich
1748 2365 2757 2425 Anordnungen über das Denkmal zustanden, habe dem
2773 2373 3406 2435 Ursache des Unfalles nicht ganz klat
695 2403 1738 2466 vorher zwar nicht aufgesetzt, aber nachher abgeschrieben.
1748 2411 2769 2477 Professor Dr. Kratter unbefugterweise die Erlaubniß
2767 2410 3402 2470 sich die Sache wohl so zu, daß Vir
705 2446 1742 2513 Es würde einen europäischen Scandal geben, wenn die
1736 2465 2771 2516 ertheilt, der Leiche Hamerling's den Kopf ab¬
2764 2462 3409 2528 der Wagen sich eben wieder in B#
697 2499 1735 2565 beiden Romane erschienen, der Baron würde fürchterlich
1736 2509 2761 2576 zuschneiden und selben in das anatomische Institut
2759 2500 3395 2571 Das Befinden Virchow's war gest
693 2538 1735 2598 Rache nehmen. Aber Alles wendet sich zum Guten. Der gute
1741 2559 2762 2612 zu bringen. Dr. Kratter habe zu diesem Zwecke eine große
2767 2550 3410 2627 gutes, wie es unter den beklagensw
695 2594 1732 2643 Baron hai die ganze Auflage des Buches seiner Braut
1741 2598 2763 2642 Blechbüchse mitgebracht, in welcher er den Kopf auch that¬
2764 2605 3404 2666 sein konnte. Der Patient war heu
700 2640 1737 2699 aufgekauft und wird sie einstampfen lassen. Nur ein
1734 2643 2762 2706 sächlich mitnahm, um Schädelmessungen vorzunehmen und
2774 2652 3401 2709 fieberfrei; er hat seinen Humor n
700 2679 1737 2742 Exemplar hat er behalten. Entsetzlich! Wenn er nun doch
1743 2690 2761 2746 Gipsabgüsse anzufertigen. Nach einem vollständig geheim
2761 2697 3406 2756 klärte, das Bett möglichst bald ver
708 2720 1733 2787 die Briefe in diesem wie in jenem Buche findet? Aber die
1740 2729 2753 2789 gehaltenen Protokoll hätte der Schädel innerhalb 14 Tagen
2763 2741 3401 2804 Absicht freilich, deren Erfüllung an de
694 2773 1732 2837 schlaue Komödiantin weiß Rath. Sie schleudert das ge¬
1742 2788 2755 2841 entweder zur Leiche in das Grab zurückgelegt werden sollen,
2770 2785 3398 2838 wochenlangen Krankenlagers scheitern
706 2819 1729 2878 fährliche Buch ins Kaminfeuer, damit der Geliebte den
1737 2835 3405 2897 oder es wäre innerhalb dieser Frist die Zustimmung deranläßlich des Unfalles des greisen G
696 2870 1733 2938 rührenden Beweis erhalte, wie sehr sie ihn liebe. Die
1735 2873 2763 2935 Angehörigen einzuholen gewesen, daß der Schädel im
2761 2870 3384 2950 zahlreiche Erkundigungen wurden
701 2916 1724 2989 Briefe wird er in dem Roman Gilberk's lesen, aber er
1735 2919 2770 2977 hiesigen anatomischen Institut verbleibt. Aber diese
2765 2927 3393 2988 verschiedenen Ministerien, aus der
707 2949 1572 3010 wird nicht wissen, daß sie keine Erfindung sind.
1729 2967 2757 3027 protokollarische Bestimmung sei nicht eingehalten worden,
2758 2977 3406 3033 und Kunst wie auch aus privaten
800 2999 1722 3066 Schnitzler hat einen schönen Erfolg nach Wien mit¬
1733 3010 2756 3077 und es wäre der Oeffentlichkeit bis zum heutigen Tage
2756 3015 3386 3087 Obwohl der Schenkelbruch nicht c
702 3052 1730 3111 genommen. Er darf mit den Darstellern, er darf mit dem
1735 3059 2758 3106 nicht bekaprt geworden, wo sich der Schädel Hamerling's
2768 3056 3409 3119 Wunde an der Bruchstelle also nich
700 3095 1506 3160 Publicum zufrieden sein, und beide mit ihm.
1727 3105 2755 3161 befindet, wenn nicht ein Verehrer des verstorbenen Dichters
2757 3113 3404 3174 der Unfall bei dem hohen Alter Virch
1344 3154 3305 3214 Max Lesser. diese Angelegenheit mit wahrem Feuereifer verfolgt hätte, sehr ernst genommen werden.
