3436 4224
2095 232 2529 321 box 21/2
279 228 1939 336 16.1. Lebendige Stunden zyklus
3064 1219 3337 1292 eine fortschritt
3139 1278 3339 1337 0 zum Chef
1726 1369 3338 1450 durch das schmerzliche Erlebnist, ihn in seinem Idyll zur Zeit der #ßihn zu und erstich
955 1407 1330 1497 Fevilleton.,
1715 1409 3337 1501 letzten schönen Herbsttage aufsucht. Er hat die Freude am titerari= # Vollendung des B
1725 1464 3347 1530 schen Schaffen verloren und sucht sich durch neue Eindrücke geistig die Scenerie zu der G
529 1350 913 1569 8a
2931 1498 3341 1548 ###fanden. Die Frau
1720 1496 2951 1574 wieder aufzuraffen, ohne in diesem Seelenzustande von dem alten
887 1496 1359 1578 Deutsches Theater.
2936 1536 3339 1595 waren, und fühlt jetzt
583 1548 2956 1608 In den vier einaktigen Stücken, denen Arthur Schnitzler] Freunde seiner Familie verstanden zu werden. Während Dieser sicht
2932 1561 3348 1637 En Recht besitze, dem
1730 1590 2946 1645 ganz in seiner Trauer verliert, erwartet Jener von der Arbeit und
470 1595 1736 1659 en Gesammttitel „Lebendige Stunden“ gegeben hat, um¬
1731 1610 3360 1683 der künstlerischen Ausgestaltung seines Wehs den einzigen Trostehat es mit nicht gewö
535 1633 1738 1696 Kpannt er mit sicherer Hand ein weites Gebiet von Stoffen und
1741 1661 3352 1719 Eine solche Auffassung vom Leben verletzt den Beamten und in dieser dene Weltanschauunge
536 1680 1738 1726 Ausdrucksmitteln. Der Dichter der „Liebelei“ fühlt sich dabei als
1730 1701 3345 1758 Stimmung theilt er den Inhalt eines nur für ihn bestimmten Briefessaus dem modernen #
535 1705 1751 1778 Pirtuose, der uns schnell und geschickt aus einer Stimmung in die
1735 1737 3347 1799 dem Schriftsteller mit, woraus hervorgeht, daß dessen Mutter ihrem er Italiener, aus den
529 1757 1752 1812 ndere versetzt und doch seine Persönlichkeit nicht verliert. Mit
1733 1782 3359 1843 Leben voll Qualen und Leiden selbst ein Ende gemacht hat, um ihren gewänder des Cinquec
530 1793 1743 1846 eichtem Anschlag berührt er ein Problem des modernen Seelen¬
1739 1821 3347 1873 Sohn von dem Druck ihres langsamen Sterbens zu befreien. Imsgerliche Ordnung in
526 1828 1743 1887 Aebens und zeigt, wie zwei Menschen, die durch ein gemeinsames
1743 1854 3355 1911 Gespräch über diese traurigen Begebenheiten erkennen die beiden einen ungemein packes
522 1874 1742 1925 Webensschicksal mit einander verbunden sind, den Unterschied ihres
1743 1888 3348 1954 Männer, was sie von einander trennt, und während der Alte unter Vorgang sich auf eine
525 1910 1745 1976 Semperaments und Fühlens erkennen, um wehmuthsvoll getrennte
1734 1926 3353 1998 den entlaubten Bäumen vor# n Häuschen an seinen Levensabend inenrampe abspielt, ge
522 1942 1756 2014 Wege zu gehen. Dann giebt er eine interessant durchgeführte Pa¬
1736 1966 3347 2026 denkt, zieht es den Jungen zum Glauben an die Gegenwart und ner durchscheinender G
517 1987 1745 2041 Erallele zwischen moderner Impfindungsweise, die durch allerlei Be¬
1748 1998 3353 2066 zur geistigen Arbeit hinaus. Dies Problem wird in der Art eines Vorgang ist als Ganz
523 2011 1757 2097 enklichkeiten eingeschnürt tird, und den großen Leidenschaften der
1745 2059 3346 2121 Präludiums behandelt, das interessirt, ohne voll zu wirken, und den und der Uebergang au
517 2056 1745 2133 Eitalienischen Renaissance, wobei ein Traumbild die Entscheidung
1739 2084 3351 2156 Zweck verfolgt, auf Späteres vorzubereiten. Kräftiger ist das zweite# mehrere Minuten, da
516 2103 1750 2168 Pherbeiführt. Hierauf zieht er sich ganz in sein Heimathgebiet zurück
1738 2124 3346 2197 Schauspiel „Die Frau mit dem Dolche“ angelegt, das Wirklichkeit Aber die Sinnenwirk
524 2144 1744 2197 und umfächelt uns mit Wiener Luft, in der ihm sein erster Erfolg
1743 2173 3347 2230 und Traum in eigenartiger Weise zusammenbringt und sich auf hunderte und in eine
522 2183 1746 2255 auf der Bühne erblüht war. Als Doktor der Heilkunde und Sohn
1741 2207 3349 2268 einem fesselnden phantastischen Hintergrunde abspielt. Eine junge ähnlicher Situation i
523 2227 1740 2285 eines namhaften Klinikers in der Donaustadt erinnert er sich seiner
2941 2240 3346 2306 Zuschauer nicht entzie
1740 2235 2950 2302 Frau hat ihrem Verehrer in einer Gemäldegalerie ein Stelldichein
522 2265 1746 2334 Beobachtungen in den Krankenhäusern und verwerthet sie zu einer
3019 2282 3341 2338 Die Empfindung
1745 2300 2954 2344 bewilligt und erklärt ihm, daß sie ihn leidenschaftlich liebe. Sie
514 2303 1748 2358 originellen Gegenüberstellung von tragischem Ernst und komödianten¬
2938 2301 3355 2375 gelöst werden, sind vo
1748 2329 2944 2388 habe jedoch ihrem Mann die Gefahr, in der sie sich befinde, ehrlich
518 2343 1749 2396 haftem Spaß. Endlich läßt er eine köstliche Satire auf unverstan¬
2940 2355 3304 2417 standtheilen frei.
1740 2367 2957 2417 eingestanden und Beide seien entschlossen, zur Heilung ihrer Wunde
524 2385 1752 2445 dene Frauen und literarisches Zigeunerthum an uns vorüberziehen.
2936 2384 3352 2453 einem Wiener Kranke
1749 2412 2955 2469 sofort nach dem Süden abzureisen. Die Begegnung spielt sich vor
529 2416 1753 2479 In allen vier Stücken finden sich Berührungen mit Kunst und Pocsie
2937 2431 3357 2487 an die Verwirklichu
1742 2441 2952 2498 einem alten Gemälde ab, auf dem ein italienischer Meister aus dem
514 2472 1755 2526 vor, aber Schnitzler verfällt dabei nicht in die Eitelkeit des berühm¬
2938 2473 3351 2527 noch jetzt glaubt und
1753 2485 2941 2541 sechzehnten Jahrhundert eine Frau darstellt, wie sie mit einem Dolch
524 2491 1759 2567 #ten Mannes, der sich unter der Maske der Ironie selbst verherrlicht,
1751 2521 3349 2577 in der Hand auf die Leiche eines von ihr getödteten jungen Mannesl seinem Tode einen zu
525 2535 1748 2601 sondern verfährt entweder bitter ernst oder greift zu vernichtendem
2942 2552 3331 2610 für seinen Gegner h
1753 2559 2959 2615 herniederschaut. Mit dem Gesichtsausdruck und dem lang wallen¬
535 2576 1751 2642 Spott. So klingt in der Seele der Zuschauer ein vielfaches Gemisch
2943 2589 3352 2651 seinen Huß ins Antli
1742 2602 2952 2653 den blonden Haar gleicht das Bildniß der Dame, die ihrem Freunde
513 2604 1748 2682 von Tönen wieder, wie es nur ein wirklicher Dichter und Künstler
2953 2628 3355 2695 übernimmt dessen Ro
1749 2644 2951 2692 ihr Herzensgeheimniß und die Nothwendigkeit der Entsagung soeben
513 2660 1751 2721 beherrscht, der über Farbenreichthum und Gestaltungstraft, über
2956 2676 3348 2725 falls einem baldigen
1747 2675 2950 2731 bekannt hat. Wie sie das Gemälde vor Augen hat, schwinden ihr
515 2693 1753 2759 Leidenschaft und Humor verfügt. Der gemeinsame Titel, den
2952 2711 3344 2760 seine Genesung zu al
1752 2723 2951 2773 die Sinne und sie lehnt sich ohnmächtig an ihren Begleiter. In die¬
528 2743 1759 2793 Schnitzler für diese Stücke gewählt hat und der auf das erste von
2945 2743 3351 2804 Sturm der Entrüstun
1746 2750 2952 2812 sem Augenblick verdunkelt sich die Scene und nach wenigen Minuten
522 2772 1752 2838 ihnen noch besonders angewendet wird, verlangt keine tiefere Aus¬
2942 2786 3351 2842 halten kann, auf sich
1751 2775 2957 2847 erblicken wir auf der Bühne einen Auftritt aus der Zeit der italieni¬
521 2804 1748 2887 legung, sondern bildet mehr ein äußeres Band, das um diese Gruppe
2953 2817 3355 2885 anstellt, das tragische
1747 2824 2957 2888 schen Renaissance. Wir sind im Atelier des Malers, der seine Frau
533 2849 1746 2915 von Dramen geschlungen ist. Sie steigern sich in der Wirkung vor¬
2945 2854 3355 2921 Endlich erscheint der
1737 2874 2954 2923 fast genau so wie auf dem Bilde in der Galerie portraitirt hat,
517 2882 1699 2956 trefflich und enthalten dankbare Aufgaben für d: Schauspieler.
1744 2895 3352 2969 ohne doch das Letzte in der Haltung und Charakteristik bereits ge= Sterbenden, der ihn
624 2907 1753 2986 Offenbar hat der Dichter das Wienerthum in diesen kleinen
1754 2940 3352 3009 funden zu haben. Die Gemahlin des Künstlers hat in dessen Ab= viel geschwollenen un
515 2965 1750 3023 Dichtungen stärker betont, als es bei der Darstellung im Deutschen
2946 2970 3356 3040 von sich und seiner
1748 2985 2962 3045 wesenheit die Nacht mit einem Fremden zugebracht, den sie glühend
522 3000 1749 3068 Theater und vor einem norddeutschen Publikum zum Ausdruck kom¬
2953 3010 3356 3084 kann, was er kurz vo
1758 3010 2954 3081 liebt, und zögert keinen Augenblick, ihrem Gatten beim dämmernden
524 3039 1762 3124 #men konnte Der Drang zum Leben, der Wunsch, sich selbst anzu¬
2950 3060 3345 3120 hat. Das Leben im
1756 3068 2959 3123 Morgen das Vorgefallene zu bekennen. Der Liebhaber verlangt von
533 3081 1746 3141 gehören, und ein fröhliches Vertrauen in die eigene Kraft treten in
2950 3080 3352 3152 keit der Aerzte und
1746 3103 2959 3165 dem Eheherrn, daß dieser ihn tödte, aber der Maler wendet sich ver¬
535 3125 1752 3190 den Hauptpersonen überall hervor, in so verschiedenen Situationen
2961 3138 3342 3197 Strichen vorzüglich c
1747 3142 2957 3195 ächtlich von ihm wie von seinem Weibe ab, das ihm etwas Fremdes
533 3155 1757 3228 sie sich auch entwickeln. In dem ersten Schauspiel, das den Sonder¬
2960 3180 3345 3230 denen der Eine noch
1747 3181 2960 3235 und Gleichgiltiges geworden ist. Der Schänder seiner Ehre wird aber
541 3200 1756 3270 titel „Lebendige Stunden“ führt, befinden wir uns in
2955 3206 3357 3274 aufstellt und der And
1757 3220 2959 3274 immer dringlicher und fordert wiederholt den Tod von der Hand des
526 3233 1761 3291 einem Wiener Vorort, wo ein pensionirter Beamter in seinem Gärt¬
2948 3252 3354 3318 spottet, rufen zugleich
1747 3255 2964 3303 Betrogenen. Er droht, ihn zum Vollzug der Rache durch einen
529 3270 1763 3347 chen sich in melancholischen Betrachtungen über den Tod einer Frau
2955 3297 3343 3352 Eine Meisterleistung
1758 3297 2964 3353 öffentlichen Schimpf zwingen zu wollen. Er werde, ruft er im Wahn¬
541 3318 1758 3377 ergeht, die für ihn ein Gegenstand der Verehrung war. Der Sohn
537 3343 3337 3421 der Verstorbenen ist ein junger Dichter, der auf seinen eigenen sinn seiner Leidenschaft aus, das Geheimniß dieser Nacht verrathen, mit seiner Unsterblich
530 3411 3361 3490 Wegen dem Beamten innerlich entfremdet war und, tief erschüttertl so lange er lebe. In diesem Augenblick stürzt die Frau des Malers der Welt klagt, denn
