3484 4320
2089 206 2572 299 box 21/3
303 218 1938 307 16.1. Lebendige Stunden zuklus
2105 880 2571 978 Telephon 12801.
1733 944 2948 1072 Alex. Weigl’s Unternehmen für Zeitungs-Ausschnitte
2733 1015 2958 1092 Ausschnitt
2782 1072 3032 1167 Nr. 94
1723 1040 2659 1214 105 „OBSERVER“
1630 1164 3071 1277 I. österr. behördl. conc. Bureau für Zeitungsberichte u. Personalnachrichten
1864 1216 2866 1324 Wien, IX/1, Türkenstrasse 17.
2024 1305 2679 1389 — Filiale in Budapest: „Figyelö“ -
493 1347 1517 1443 Liebling der Backfische nicht blos auf der Bühne heraus=
1637 1356 3078 1463 Vertretungen in Berlin, Chicago, Genf, London, Newyork, Paris, Rom, Stockholm.
494 1394 1485 1504 wächst, gab den vorgeschriebenen lieben Jungen, wo¬
496 1439 1539 1544 gegen Frl. Urfus ganz unzulänglich war. Die kleineb
1471 1502 1537 1556 3
498 1503 1458 1576 Gräfin soll der Sonnenstrahl sein, der durch diese ver¬
1643 1521 2841 1607 Ausschnitt aus: Prager Abendl
498 1542 1543 1639 derbte Welt huscht; sie soll wohl auch Diejenige sein, di
1479 1601 1548 1665 ke
502 1606 1462 1690 die die Parole „Es lebe das Leben“ eigentlich verkörpert.
1915 1592 2180 1716 21007
1481 1657 1545 1714 ni
501 1653 1458 1725 Aber Frl. Urfus spielt in unserem Ensemble diese Rolle
1651 1673 1929 1756 vom:
1466 1707 1562 1772 wi
498 1715 1470 1769 leider nicht. Mit einem blonden Zopfe ist es nicht ge¬
506 1753 1463 1820 than, und daß sie in jedem Acte nichts Anderes weiß,
503 1809 1487 1875 als vor der Mutter niederzuknieen — eine Pose, die
1479 1831 1560 1887 m
497 1847 1473 1916 doch schon zu den unerträglichsten Affectirtheiten der
1472 1881 1552 1923 50
2112 1868 2785 1960 Theater und Kunst.
497 1893 1460 1977 Bühne gehört — das verstärkt nur den Eindruck des
1471 1910 1563 1964 50
2039 1952 2943 2030 x. #. Deutsches Landestheater. „Lebendige
508 1946 1575 2021 Eingelernten, den ihre Darstellung macht, und den 196
1986 1982 2926 2040 Stunden“ neunt Schnitzler die vier Einakter,
508 1991 1578 2068 Eindruck des Theatralischen, den das ganze Stück her= bei
1983 2028 2923 2097 welche heute zum erstenmale hier gegeben werden. Sie
1471 2032 1583 2084 dete
555 2066 704 2123 r
1978 2054 2950 2140 sind die Stunden des Kampfes oder der Entscheidung
1479 2076 1589 2120 62 1
605 2081 1472 2170 Schade um die Erwartungen, die das Publicum
1967 2106 2881 2173 in dem Dasein der vor nus erstehenden Charaktere.
1477 2108 1582 2158 256
2043 2152 2927 2204 „Lebendige Stunden“, das erste Stück, führt
1487 2137 1610 2202 20 2
514 2143 1475 2223 und die Theaterleitung an dieses Stü geknüpft haben.
1979 2169 2936 2240 als Helden einen jungen Dichter vor, dessen Arbeits¬
1484 2191 1606 2240 drech¬
516 2187 1469 2261 Schade darum, daß ein Dichter wie Sudermann so ab¬
1968 2211 2928 2285 Frendigkeit und Möglichkeit erlahmt ist, und der zu
1491 2230 1619 2283 Wagn
513 2237 1468 2305 irren konnte. Die diesjährige Schauspielsaison hat leider
1968 2252 2932 2315 Streben und Können erst wieder erwacht, nachdem er
1486 2270 1622 2326 je 1 0
1977 2287 2919 2354 erfahren, daß die geliebte Mutter sich selbst den Tod
523 2284 1486 2354 dargethan, daß die deutsche dramatische Production
1983 2333 2927 2416 gegeben, in der Meinung, daß ihr Siechthum den
1478 2324 1623 2397 Stadtt
527 2340 1484 2412 augenblicklich stagnirt. Allerdings stehen uns noch
1978 2371 2487 2420 Sohn am Schaffen hindere.
520 2384 1617 2441 Schnitzlers „Lebendige Stunden“ bevor, und heischt des Hi
2035 2395 3098 2482 „Die Frau mit dem Dolche,“ das zweite der aclurive
1491 2406 1636 2480 weislic
530 2432 1490 2498 nicht desselben Dichters wundervolle Dichtung „Der
1662 2451 2906 2512 Für 50 Zeiti Stücke, bietet ein Gemisch von Wirklichkeit und Träu¬
2910 2459 3069 2508 Porto.
1580 2471 1632 2520 *
1788 2485 1903 2538 100
1970 2486 2912 2536 merei. Vor dem Bilde der Florentinerin, die in empor¬
520 2473 1492 2557 Schleier der Beatrice“, die durch die Feigheit oder
1708 2494 1776 2550 „
2907 2494 3073 2546 Zahlbar
1497 2507 1645 2578 Thätigk
1783 2523 1899 2568 200
1967 2521 2907 2593 gehohener Hand einen Dolch hält, treffen sich in der
2910 2533 3106 2603 1 Voraus.
516 2529 1471 2609 Wortlosigkeit eines Hoftheaterdirectors von der Bühne
1781 2562 1907 2605 500
1965 2555 2903 2627 Ausstellung eine junge Frau und deren Verehrer.
1486 2566 1660 2624 deten 2
518 2570 1485 2642 verbannt bleibt, dringend Einlaß bei einem Theater,
2901 2583 3136 2655 ie ist das
1721 2595 1911 2662 „ 1000
1974 2594 2891 2665 Während derselbe sie mit Liebesanträgen bestürmt,
1484 2613 1644 2673 suchen
530 2622 1485 2709 dessen Leitung so eifrig nach Novitäten Umschau hält,
1967 2637 2891 2693 fühlt sie sich im Banne jenes Bildes. Eine Verwand¬
2897 2639 3143 2701 cht es den
1806 2623 1964 2712 Im Ge
1486 2659 1630 2719 wurde
1321 2673 1489 2742 H. T.
1970 2670 3002 2737 lung jäßt die Frau als Florentinerin erstehen, im ern.
1689 2673 1945 2747 Abonnement
533 2688 863 2763 wie die unsrige?
1459 2707 1637 2774 im Bi
1965 2710 2899 2775 selben Augenbücke, als sie den Liebhaber erdolchen will.
1690 2729 1945 2785 Abonnenten
1964 2747 3146 2802 Eine zweite Verwandlung — und das wiederaufgelebte naltend die
1469 2758 1625 2823 behufs
1966 2788 3150 2842 Paar verabredet trotz Vision und Dolchstoß ein Morgen¬
1812 2800 1940 2862 Der
1962 2823 2211 2891 Rendezvous.
2879 2842 3143 2893 r Zeitung")
1708 2839 1952 2901 Inhaltsanga
2024 2877 3150 2933 „Die letzten Masken“ betitelt sich der dritte hschaftliche
1707 2892 1939 2945 blätter
1963 2900 2893 2947 Einakter, seine Szenerie ist das allgemeine Kranken¬
1220 2825 1530 2991 ¾
2898 2922 3141 2993 Diese Mit¬
1714 2925 1954 2987 wodurch ein
1956 2945 2903 3009 haus. Darin liegt ein alter, verkommener Journalist
718 2927 1487 3035 d tuch
1701 2968 1933 3025 Leben des
1950 2967 2911 3055 im Sterben. Er drückt den letzten Wunsch aus, den
1706 3010 1935 3074 theilungen
1307 3015 1491 3092 300
1949 3010 2909 3084 jahrelang gehaßten, zu Reichthum und Ehren aufge¬
1966 3059 2906 3122 schwungenen Nebenbuhler nach aller Verstellung seine
1954 3100 2912 3143 volle Verachtung wissen zu lassen. Des Kranken ehe¬
808 3021 1602 3200 T Pee
1947 3129 2929 3197 maliger Freund und nunmehriger Feind wird geholt,
1947 3164 2893 3239 Als er aber da ist, und nach dem Begehr des Aermsten
1947 3217 2903 3282 fragt, vermag dieser seine „letzte Masse“ nicht zu
1943 3231 2893 3317 lünen. „Was hat nusereiner mit Leuten zu schaffen,
1953 3283 2889 3362 die morgen nocheauf der Welt sein werden;“ das sind
1952 3325 2565 3391 seine Abschiedsworte an das Leben.
2021 3344 2888 3420 „Literatur“ ein Lustspiel, schließt den Abend
1935 3393 2893 3473 ab. Eine junge Schriftstellerin hat genug der „leben¬
1948 3431 2931 3520 digen Stunden“ durchgemacht; sie freut sich, einen1
1936 3470 2884 3542 lezitimen Bräntigam gefunden zu haben. Da taucht
1941 3509 2889 3579 plötzlich der einstige Ritter ihrer iebendigsten Stunden,
1932 3542 2882 3613 ein Dichter auf und will die gelockerten Beziebungen
1936 3585 2886 3655 wieder festknüpfen. Außerdem hat er den Briefwechsel
1930 3629 2894 3696 zwischen ihr und ihm literarisch verarbeitet, was indes
1928 3673 2892 3732 das dichtende Fräulein ebenfalls getbau. Da sie aber
1930 3707 2880 3756 meint, die Lektüre der veiden Werke dürfte dem künsti¬
1928 3750 2900 3828 gen Gatten nicht ganz behagen, so vernichtet sie das
1932 3786 2567 3849 Werk „seinss“ und „ihres“ Geistes.
