3484 4224
2200 155 2596 260 box 21/3
355 142 2011 259 16. 1. Lebendige Stunden  zyklus
2389 610 2856 702 Telephon 12801.
1995 693 3251 800 Alex. Welgl’s Unternehmen für Zeitungs-Ausschni..
3004 786 3241 853 Ausschnitt
2236 787 2995 912 „OBSERYER“
3054 842 3313 942 Nr. 41
1892 875 3340 998 I. österr. behördl. conc. Bureau für Zeitungsberichte u. Personalnachrichten
2111 956 3123 1052 Wien, IX/1, Türkenstrasse 17.
894 1000 1343 1097 Telephon 12801.
2280 1032 2929 1120 — Filiale in Budapest: „Figyelö“
1896 1097 3327 1179 Vertretungen in Berlin, Chicago, Genf, London, Newyork, Paris, Rom, Stockholm.
505 1095 1750 1188 Alex. Weigl’s Unternehmen für Zeitungs-Ausschmtte
1514 1172 1741 1244 Ausschnitt
724 1183 1456 1311 „OBSERYER“
1886 1215 2403 1324 Ausschnitt aus:
1556 1228 1809 1329 Nr. 37
2499 1232 2671 1327 50010
351 1269 1831 1388 1 I. österr. bebördl. conc. Bureau für Zeitungsberichte u. Personalnachrichten
2919 1292 3140 1401 S-Zeitun
604 1345 1616 1451 Wien, IX/1, Tünkenstrasse 17.
1885 1371 2273 1454 vom:
2266 1397 2493 1502 —170 —
793 1420 1420 1511 Filiale in Budapest: „Figyelö“
380 1485 1824 1578 Vertretungen in Berlin, Chicago, Genf, London, Newyork, Paris, Rom, Stockholm.
369 1602 919 1694 Ausschnitt aus:
1049 1591 1765 1788 Gche Bialt an1 5ul.) her
2159 1663 3101 1774 das „Deutsche Theater“ aus Berlin.
2134 1733 3220 1817 Seit einer Reihe von Jahren bringt uns der Frühling
380 1732 1005 1844 vom: 7772772
2026 1803 3217 1868 schlechtes Wetter und gute Schauspielaufführungen. Gar so wenig
2023 1846 3210 1926 selbstlos sind wir nun freilich nicht, um uns nicht ein= und das
2019 1897 3212 1961 andere Mal eine Abwechslung zu wünschen, andererseits aber danken
2015 1952 3228 2006 wir dem lieben Gott auch dafür. Ist es schon Naturgesetz, daß uns
2012 1984 3213 2076 der Monat Mai jedes Jahr verhunzt werden müsse, so wollen wir
1993 2050 3205 2121 wenigstens durch eine Schaar guter Schauspieler entschädigt werden,
843 2046 1512 2185 Bühnenwelt.
1982 2115 3196 2187 „die uns die naßkalten, noch immer hinreichend langen Abende ver¬
1851 2132 1975 2200 Für
1961 2153 3201 2221 10 kürzen. Und sie sind gute Schauspieler, die gegenwärtig das Reper¬
1016 2147 1346 2254 Carl=Theater.
3227 2190 3278 2261 0
1963 2202 3199 2271 20toire des Carl=Theaters beherrschen, die Schauspieler des
591 2219 1733 2335 Gesammt=Gastspiel des Deutschen Theaters aus Berlin.
1968 2253 3190 2314 50 Königs aller Regisseure, des Herrn Dr. Otto Brahm aus Berlin.
675 2285 1773 2394 Die Künstlerschaar des „Deutschen Theaters“ in Berlin, die
3191 2298 3293 2365 us.
1884 2301 3199 2351 „ 100 Der Rahmen, in dem sie uns das Bild moderner Dichtung und Dar¬
544 2296 1772 2415 in Wien so gern gesehener Gast ist, hat heuer wieder im Carl¬
1980 2342 3193 2407 Ustellung zeigen, ist nicht groß, aber das Bild ist ein Kunstwerk aller¬
3192 2349 3314 2433 das
535 2363 1771 2467 theater ihre Zelte aufgeschlagen und mit dem vollen Erfolge des
1853 2391 3311 2482 Abonnebersten Ranges. Ibsen, Hauptmann, Heyermans, Sudermann, den
540 2402 1769 2497 Schnitzler'schen Einacter=Cyklus „Lebendige Stunden“, der
1846 2424 2045 2487 Abonner
2011 2451 3230 2520 Schnißler und wie sie alle heißen, diese Dichter der realen Gegenwart,#
546 2419 1774 2545 für Wien Novität ist, äußerst glücklich begonnen. Schnitzler hat
534 2454 1770 2588 in den vier Stücken wahre Cabinetstücke dramatischer Kleinkunst
1967 2494 3215 2558 □ die das Recht auf die Persönlichkeit mehr oder minder geschickt ver¬
339 2508 463 2594 Für
531 2494 1759 2609 geschaffen, von denen „Die letzten Masken“ und „Literatur“ —
1850 2519 3310 2596 Inhaltse fechten, sie finden in der Truppe des „Deutschen Theaters“ ausd die
539 2558 1757 2660 das eine in erschütternder Tragik, das andere in entzückend feinem
1847 2588 3303 2652 blätt Berlin Interpreten, denen es dank ihrer Begabung und vortrefflicheng on¬
3167 2622 3296 2674 ung")
544 2584 1761 2697 Humor — mächtig wirkten. Auch die anderen beiden Stückchen
1856 2627 3296 2711 wodurch Schule vollkommen gelingt, für die neue Richtung zu begeistern undtliche
543 2621 1764 2742 versagten nicht. Gespielt wurde glänzend, und müßten wir den
1852 2663 2009 2714 Leben
438 2684 531 2740 100
1857 2706 3301 2759 theilung zu entflammen, den Gegnern derselben mindestens Respect einzuflößen. Mit¬
536 2668 1757 2775 ganzen Zettel abschreiben, wollten wir der Leistung jedes Einzelnen
2124 2732 3211 2806 Mit vier Schnitzler'schen Elnactern haben sie ihr Gastspiel¬
526 2693 1800 2829 gerecht werden. Wir begnügen uns damit, Irene Friesch,
536 2743 1642 2851 Rudolf Rittner, Max Reinhardt, Friedr. Kayß
354 2739 479 2826 Abonn
2010 2774 3208 2841 auf der genannten Bühne begonnen. „Lebendige Stunden", „Die
1680 2807 1799 2864 e r,
535 2783 1761 2887 Agnes Müller und Albert Bassermann als die Besten
2004 2818 3203 2878 Frau mit dem Dolche", „Die letzten Masken" und „Literatur“, sie
362 2819 1783 2934 Abönnen von der Meisterschaar hervorzuheben. Der nächste Abend brachte
2012 2877 3219 2924 bilden einen Cyklus mit dem Gesammttitel „Lebendige
518 2869 1798 2982 die Aufführung von Hauptmann's „Fuhrmann Henschel“ den die
2015 2907 3220 2974 Stunden“ und variiren den Grundsatz, daß der Lebende mit
520 2890 1784 3011 Berliner so ganz anders und echter spielen als das Burgtheater.g.
359 2931 515 2987 Inhalts
2001 2953 3216 3021 Kunbestreitbarem Rechte seinen geistigen und physischen Zwecken den#
510 2937 1797 3064 Rudolf Rittner und Else Lehmann sind die Gestalten, die?)
513 2981 1792 3108 dem Dichter vorgeschwebt und an sie schließen sich gleichwerthig je
2005 3005 3212 3079 Tod dienstbar machen dürfe. Der Tod dürfe uns die Freude ams
506 3029 1794 3158 alle Anderen, die groß im Kleinsten sind. Im Publikum saht¬
2007 3060 3206 3133 Dasein nicht vergällen oder — wie es im Volksmunde heißt —
505 3053 1742 3157 man sehr viele Künstler unseres Burgtheaters, aber leider nicht
2011 3104 3202 3167 „man stirbt nur sich selbst ab“. Mag wohl sein, daß Schnitzler mit
353 3105 1765 3226 theilun, Director Schlenther, der von seinem Collegen Brahm viel,
502 3137 1170 3223 aber schon sehr viel lernen könnte.
2008 3152 3199 3217 dieser Lebensregel die traditionell gewordene Pietät verletzt und
664 3196 1451 3283 Prospecre grats und fnanco.
2010 3201 3207 3262 dadurch auf den Einen und den Anderen verstimmend wirkt, aber
2001 3246 3196 3314 Niemand wird sich der Erwägung verschließen können, daß der von
2011 3289 3196 3355 ihm betonte Egoismus berechtigt und in der Natur begründet sei.
2012 3346 3195 3411 Schnitzler ist nicht immer wählerisch in den Mitteln, wenn es gilt, Vor¬
2007 3394 3204 3457 urtheile zu bekämpfen. Aber auch für Krankheiten der Seele braucht man¬
2011 3435 3198 3503 Aerzte, die kaltblütig und mit sicherer Hand chirurgische Elngriffe
2007 3485 3188 3548 vornehmen, einem Menschen das Herz aus dem Leibe schneiden, wenn
2013 3526 3196 3599 es sich ergibt, daß er mit diesem kranken Organ zugrunde gehen
2020 3581 3184 3634 müsse, ohne dasselbe aber dem Leben erhalten werden könnte. Die
2011 3629 3183 3685 „Fälle“, die Schnitzler uns docirt, sind grundverschieden voneinande
2004 3681 3177 3740 und gleichen sich nur im Hauptpunkte als Symptome von Krankheitt
1997 3715 3175 3785 #erscheinungen des Herzeus und der Seele. Sein Vortrag ist glänzend
1998 3768 3109 3833 voll geistreicher und gelegentlich auch witzsprühender Aperaus
2060 3819 3077 3878 endet zumindest, wenn er auch nicht überzeugt. Es istn
2131 3862 2988 3928 nd für die Wiener Theaterverhältnisse, daß wir
2118 3894 3188 3972 ner Gäste warten mußten, um uns an den Gaben dieses Talent¬
2032 3945 3191 4046 vollsten 3T jungen Wiener Schule einen Abend lang erfreuen zu
2014 4004 2215 4082 können.
2889 4075 3128 4178 ——
