3436 4224
331 98 1998 213 16.1. Lebendige Stundenzykins
2151 94 2600 198 box 21/3
1148 927 2622 1009 hat einige begabte Schreiber, die gegeben haben, was sie hatten.
1146 984 2634 1054 Es war nicht allzuviel; denn den Dichtern des betriebsamen
1151 1040 2632 1104 und tüchtigen Herrn Abrahamson — so heisst nämlich in
1156 1075 2639 1152 Wahrheit des Deutschen Theaters Leiter — gab kein Gott
1151 1143 2631 1206 zu sagen, was sie leiden, sondern die Localchronik der Zeitung
1154 1170 2636 1257 gab ihnen das zu sagen, was andere litten. Nun will der Geschmack
1152 1244 2574 1304 wieder Leitartikeldramatiker: die Brieux und Otto Ernst —
1152 1280 2632 1333 oder Feuilletondichter. Veränderte Windrichtung. Für die kaum
1152 1331 2623 1412 gemachten Berühmtheiten war es freilich ein arger Sturm, der
1152 1391 2630 1462 sie aus dem Hause der Literaturgeschichte, in dem sie sich schon
1160 1430 2208 1485 so wohnlich eingerichtet hatten, hinwegblics.
1282 1478 2618 1539 Warum der rasche Wechsel? Wollte man mit ausführender,
1154 1504 2630 1591 historischer Genauigkeit antworten, so müsste man wiederum
1146 1584 2639 1654 die ganze Geschichte des neudeutschen Realismus schildern
1142 1619 2615 1681 und könnte jetzt, da der Begeisterungsrausch in bösen Katzen¬
1148 1674 2639 1770 jammer sich auflöste, leicht Unrecht thun. Das soll vermieden
1153 1733 2217 1789 werden. Deshalb nur einige andeutende Sätze.
1267 1765 2618 1843 Die Erfolge Hauptmanns und seiner Officiere, Uster¬
1148 1828 2609 1894 officiere und Gemeinen waren niemals die Erfolge von Dra¬
1149 1881 2616 1946 matikern, sondern nur Bühnenerfolge. Der Unterschied wurde
1145 1927 2633 1964 nicht beachtet, aber er ist sehr bedeutend. Dramatiker sein
1138 1967 2626 2025 ist eine unzerstörbare Eigenschaft, Bühnenerfolge beruhen auf
1141 2019 2625 2093 Arbeit, einem glücklichen Einfalle, manchmal sogar auf dem blossen
1135 2070 2619 2121 Zufalle. Die dramatischen Qualitäten fehlten nun allen den
1131 2115 2619 2190 Novellisten, die vom Ruhm und Lohn Thaliens gelockt wurden
1136 2175 2622 2224 und ihne Erzühlungen und Gegenstandsschilderungen in Acte
1134 2222 2612 2290 und Scenen gliederten. Wenn sie dennoch durch mehrere Jahre
1133 2276 2623 2343 als Dramatiker gelten konnten, so verdanken sie das dem Erfolge
1136 2317 2274 2375 und diesen verdanken sie wiederum dem Milieu.
1287 2361 2619 2439 Das Milieu, das sie für die deutsche Bühne entdeckten
1144 2409 2616 2489 (richtiger gesagt: für diese Generation wiederum entdeckten), war
1133 2481 2622 2540 neu. Das deutsche Theaterstück hatte bisher in keinem Raume
1141 2508 2610 2568 gespielt, sondern in einer unmöglichen Gesellschaffe, die aus
1139 2568 2617 2632 der französischen Conversationskomödie übernommen war. Die
1142 2602 2620 2686 Menschen hatten selten einen Beruf, niemals die Sprache eines
1133 2671 2607 2737 Berufes und das eigenthümliche Wesen desselben. Ihre Worte
1140 2719 2615 2785 waren bewegte Luft, nicht mehr. Das classicierende Epigonendrama
1134 2763 2610 2833 war vollends zeit- und raumlos, nicht auf irgendeinen festen
1128 2815 2614 2863 Grund gebaut. Erst im Milieustücke hatte der Zuschauer das Gefühl,
1134 2856 2612 2913 auf sicherem, wenn auch eng umgrenztem Boden zu stehen.
1129 2912 2613 2961 Dazu kam erregte Neugier und die Befriedigung socialer Momente.
1136 2960 2610 3036 Wie mochte es wohl bei den Arbeitern, den kleinen Beamten,
1133 3004 2610 3065 den Officieren, Lehrern, Geistlichen, Kaufleuten aussehen? Am
1133 3059 2609 3118 stärksten war die Erregung bei den Proletarierstücken, weil es
1126 3106 2600 3189 sich bei ihnen überdies so nett gruseln liess. Verdient wurde
1136 3161 2608 3227 rasch und leicht — es war Aufschwungszeit — nun wollte man
1129 3204 2599 3279 abends hungerblasse Gesichter sehen, in leeren Töpfen schnüffeln,
1121 3259 2603 3323 Gaunersprache hören, sich an bitteren Anklagen gegen die
1120 3310 2600 3370 Reichen und den Staat erquicken. Des Enterbten Anblick freut
1126 3348 2599 3437 den Erben. Und schaden konnte die Sache nicht: fürs reich
1123 3405 2613 3486 werden war die Börse da und für den Schutz des-Reichthums
1132 3443 1388 3520 der Staat.
1247 3482 2599 3567 Nun wurde dem Gelüste Rechnung getragen. Proletäfter-
1128 3554 2628 3612 dramen, nur die besten seien genannt: =Die Weber-, Bartel
