3436 4320
2051 218 2509 317 box 21/3
250 226 1903 337 16.1. Lebendige Stunden— zpklus
1161 510 1598 613 Telephon 12801.
1821 564 2791 639 Untreue gar nicht berührt und fordert sie nur auf, in
782 614 2802 716 Alex. Weigl’s Unternehmen für Zeitungs-AusS eben dieser Stellung zu verharren, damit er sie so malen
1804 678 2802 734 könne. So könnte auch mein Mann handeln, denkt
1816 720 2806 768 Pauline. Was Grillparzer mit seinem „Traum ein
796 694 996 798 105
1021 678 1702 838 „OBSERVER“
1811 765 2799 835 Leben“ in einem ganzen Drama unternommen hat, das
1821 813 2796 870 wird uns hier in wenigen Minuten vorgeführt: die
666 799 1805 915 I. österr. behördl. conc. Buread für Zeitungsberichte u. Pers
1814 865 2794 927 entscheidende Wendung eines Menschenschicksals. Durch
900 869 1798 977 Wien, IX/1, Türkenstrasse
1807 913 2805 957 diese Kürze wird es dem Zuschauer schwerer gemacht.
1084 937 1732 1024 — Filiale in Budapest: „Figyelö“ -
1802 954 2797 1019 sich in die Illusion vollständig einzuleben, allein das
690 1010 2796 1091 Vertretungen in Berlin, Chicago, Genf, London, Newyork, Paris,] Wesentliche der Dichtung: die Wandlung der Frau er¬
1806 1054 2306 1120 scheint vollständig motivirt.
1908 1081 2794 1174 Das dritte Stück „Die letzten Masken“ führt uns
1807 1149 2798 1224 in ein Spital. Wir haben es mit Sterbenden zu thun,
1318 1121 1815 1236 Kräger Tagl
688 1165 1329 1248 Ausschnitt aus:
1811 1205 2796 1255 und zwar mit einem Schauspieler, der bis zum letzten
1807 1245 2805 1295 Augenblicke auch für sich selbst die Maske des Lebens
1808 1297 2793 1359 vorhält, und mit einem Journalisten, der sich und
687 1271 1276 1399 vom: 1/2707
1811 1347 2794 1414 einem „Jugendfreund“ die Maske vom Gesicht und von
1798 1401 2781 1451 Allem, was ihn umgibt, wegreißen will, um ihm die
1800 1447 2783 1492 Wahrheit zu zeigen. Sein ganzes Leben lang hat sich
1792 1486 2788 1557 der Journalist Carl Rademacher darnach gesehnt, dem
1807 1539 2790 1614 Jugendfreund, der in werthlosen Augenblickserfolgen
1803 1589 2793 1650 sein Leben hinbringt und dessen Frau den Journalisten
1164 1590 1502 1697 Theater.
1801 1619 2794 1700 geliebt hat, die Wahrheit zu sagen. Nun, da der Ju¬
1805 1677 2795 1750 gendfreund, Alexander Weihgast, am Sterbebette Rade¬
1064 1675 1610 1776 „Lebendige Stunden“.
1799 1732 2781 1793 machers erscheint, sagt sich dieser: Wozu? Was frommt
845 1740 2785 1853 Vier Einacter von Arthur Schnitzler, aufgeführt ihm die Wahrheit? Und was mir, der ich nur noch
916 1812 1742 1880 im Neuen deutschen Theater am 3. Mai 1902.
1812 1820 2792 1895 wenige Athemzüge habe, die Genugthuung? Die Sce¬
930 1852 1817 1920 Hausdorfer: Was ist denn Deine ganze
1816 1873 2780 1931 nerie ist ebenso düster, wie das Bild des verlorenen
853 1890 1802 1957 Schreiberei, und wenn Du das größte Genie bist, was
1811 1930 2783 1982 und verlogenen Lebens, das uns da entrollt wird. Aber
843 1941 1802 1989 ist sie denn gegen so eine Stunde, so eine lebendige
851 1972 2790 2031 Stunde, in der Deine Mutter hier auf dem Lehnstuhl beides wir) mit realistischer Kunst und mit echt dichte¬
852 2023 1801 2064 gesessen ist und zu uns geredet hat, ober auch ge¬
1815 2028 2278 2098 rischer Absicht gezeichnet.
846 2060 1808 2127 schwiegen — aber da ist sie gewesen — da! und sie hat
1892 2047 2784 2120 Au tragischen Tiefen führt uns Schnitzler mit
726 2062 836 2159 Für
849 2092 1148 2163 gelebt, gelebt!
1802 2096 2779 2172 dem letzten Stücke „Literatur“ an das Licht herzhafter
769 2133 829 2187 „
942 2141 1810 2202 Heinrich: Lebendige Stunden? Sie leben doch
1820 2169 2781 2237 Heiterkeit. Margarethe, eine geschiedene Frau, hat einen
846 2188 1800 2238 nicht länger, als der Letzte, der sich ihrer erinnert. Es
1806 2217 2784 2285 Mann aus dem High life gefunden, der sie heirathen
841 2213 1797 2278 ist nicht der schlechteste Beruf, solchen Stunden Dauer
838 2263 1503 2320 zu verleihen, über ihre Zeit hinaus.
1807 2271 2779 2325 will. Er verlangt nur Emes von ihr: daß sie die Lite¬
1808 2314 2778 2369 ratur fahren lasse und nicht mehr schreibe. Sie gesteht
927 2298 1803 2373 Mit diesem Zwiegespräch gelangt die künstlerische
734 2300 875 2387 Abon
1804 2371 2784 2428 ihm nun, daß sie eben einen Roman vollendet hat, von
749 2350 1799 2432 Abon Idee Schnitlers in dem ersten Einacter „Lebendige
1815 2417 2774 2478 dem sie sich viel verspricht. Im höchsten Zorn läuft er
828 2417 1806 2483 Stunden“, der dem ganzen Abend den Namen gegeben
835 2471 1797 2528 hat, zum Ausdruck. Diese Sätze umschreiben auch die
1811 2466 2779 2528 davon und sie muß annehmen, daß zwischen ihnen
740 2488 885 2544 Inha
1818 2511 2772 2571 Beiden Alles aus ist. Nun tri“ Gilbert in ihr Zimmer,
739 2504 1807 2592 b1z ganze Handlung: eine Mutter hat sich den Tod ge¬
754 2566 1804 2621 wod geben, um ihren Sohn, einen jungen Dichter, frei zu
1812 2559 2779 2618 ihr ehemaliger Münchener Verehrer. Er möchte sie,
750 2610 1805 2666 Lebe machen, da sie sieht, daß er im Anblick ihrer Leiden
1811 2610 2778 2662 uatürlich nur zu freiem Zusammenleben, wieder mit sich
753 2648 1798 2715 thei zum Schaffen unfähig ist. Hausdorfer, der Freund der
1805 2655 2783 2722 nehmen. Sie weist ihn geringschätzig ab. Gilbert, um
835 2702 1802 2767 Mutter, hat das Geheimniß dieses Todes gegen den
1812 2705 2771 2760 ihr zu beweisen, daß er nicht, wie sie ihm immer vor¬
836 2746 1805 2816 Willen der Mutter dem Sohn enthüllt und dieser sieht
1807 2753 2776 2825 warf, nur Kleinigkeiten zu Stande bringt, übergibt ihr
838 2807 1805 2871 es nun als seine Lebensaufgabe an, „den Beweis zu
1809 2804 2794 2887 seinen neuesten Roman. Sie erblickt darin mit Gut¬
827 2856 1807 2920 versuchen, daß seine Mutter nicht vergeblich gestorben
1805 2848 2774 2913 setzen, daß er in diesem Romas den intimen Brief¬
824 2876 1796 2955 ist“. Aus den obenangeführten Worten Hausdorfers
1808 2893 2778 2961 wechsel, den er mit ihr seinerzeit geführt, veröffentlicht
825 2948 1799 3017 ertönt in kräftigsten Accenten die Bejahung des Willens
1815 2949 2771 3005 hat. Das Entsetzen ist darum so groß, weil sie selbst in
827 2972 1807 3067 zum Leben; was Heinrich antwortet, ist das Programm
1809 2998 2773 3053 ihrem Roman ganz dasselbe gethan hat. Nun sieht sie
831 3042 1798 3101 des dichterischen Schaffens überhaupt, Schnitzlers ins¬
1812 3039 2776 3104 sich Gilbert versollen — aber in diesem Moment er¬
832 3079 1799 3169 besondere. Damit ist auch die Erklärung des Titels für
1802 3096 2774 3151 scheint Clemens wieder. Gilbert wird verabschiedet und
831 3140 1804 3203 den ganzen Abend gegeben. Man hat indessen bei
1808 3141 2775 3212 Clemens eröffnet ihr, daß er von ihrem Verleger die
837 3186 2765 3240 diesem Werke durchaus nicht den Eindruck, als handle ganze Auflage ihres Romans aufgekauft hat und ver¬
828 3223 2770 3306 es sich um die Feststellung von trockenen Thesen; viel= nichten ließ. Sie athmet erleichtert auf, da zeigt er
824 3281 2763 3341 mehr wird in sehr spannender Weise die Handlung ihr das einzige Exemplar, das er dem Verderben vor¬
1803 3337 2773 3395 enthalten. Aber dieses Exemplar kann ja zum Verräther
828 3329 1792 3391 aufgerollt, aus welcher sich der volle Einblick in die
834 3379 1791 3448 Vergangenheit und der Ausblick auf die Zukunft ergibt.
1808 3382 2770 3442 werden, wenn er es liest und bemerkt, daß das zurück¬
1796 3428 2766 3485 gebliebene Werk Gilberts den gleichen Briefwechsel ent¬
929 3437 1805 3505 Auch in dem zweiten Stück „Die Frau mit dem
824 3478 2763 3540 Dolche“ wird ein Werkstätten=Problem behandelt. In hält! Rasch entschlossen reißt sie ihm das Exemplar aus
824 3528 2765 3590 dem ersten Stück sehen wir den Dichter, der den flüch= der Hand und wirft es ins Feuer. „Wirst Du nun
1800 3575 2772 3634 glauben, daß ich Dich liebe? frägt sie den Narren, der
821 3577 1793 3633 tigen lebendigen Stunden Dauer verleiht, indem er das
1803 3629 2770 3685 in dieser Handlung den Verzicht Margarethens auf ihr
839 3629 1796 3692 Selbsterlebte, sei es noch so erschütternd, künstlerisch
1802 3673 2769 3724 Schriftstellertheim aus Liebe zu ihm erblickt. Man muß
827 3659 1807 3727 überwindet. In dem zweiten Stück wird uns der Dichter
816 3720 2770 3784 gezeigt, der in seiner Frau immer nur das Modell sieht. über die betrogenen Betrüger lachen und über diese
838 3767 1800 3827 Was die Frau als lebendige Stunde empfunden hat,
1790 3760 2767 3835 dumme Gans Margarethe, die ein Typus dilettantischer
1804 3820 2769 3883 und abenteuerlustiger Frauen ist. Sie hätte verdient,
827 3824 1799 3888 das — so muß sie erkennen — war für den Gatten
1798 3867 2770 3916 daß es ihr schlechter ergehe — aber Clemens verdient
832 3875 1797 3937 nur Studie, Vorlage. Und in dieser Erkenntniß, gegen
1793 3919 2770 3981 es trotz seiner scheinbaren Vernünftigkeit und Noblesse
828 3913 1790 3988 die sich ihr Blut und ihr Persönlichkeitsgefühl, ihr echtes
1802 3958 2768 4029 nicht besser. Am Ende ist er der richtige Mann für sie
831 3952 1795 4026 Empfinden aufbäumen muß, gibt sie dem Drängen eines
1793 4014 2765 4074 und vielleicht wird sie, von den Thorheiten, für die sie
817 3995 1786 4075 anderen Mannes nach, der sie eben nicht als Künstler,
1792 4059 2765 4110 kein Talent hat, geheilt und, in die Welt eines anderen
815 4067 1798 4133 sondern als Mann liebt. Schnitzler hat, wie er im ersten
1792 4111 2673 4171 Scheins überführt, die richtige Frau für ihn sein.
835 4110 1799 4185 Stück seine Kunst daran bewährt durch einen bloßen
2310 4155 2387 4211 ##
837 4153 1064 4210 Sialog drau
1104 4157 1163 4222 1
