3436 4320
2162 189 2587 276 box 21/2
332 188 2016 318 16.1. Lebendige stunden zyklus
1065 1574 2662 1623 Und auch die Kunst zu leben, die glücklicherweise zwar nicht von einem besonderen
960 1610 2668 1694 Talent abhängig, in unserer verschobenen und so durch und durch unwahrhaftigen Kultur
969 1681 2673 1748 aber äußerst schwer zu üben ist, kennt solche Stunden des Lebens über dem Leben.
955 1724 2672 1808 Hellsehende sind wir dann, elysig., Genießende oder von Dämonen Besessene — aber
962 1778 2676 1866 immer sind sie bedeutsam, außerordentlich, diese Stunden, und wir fühlen in ihnen, daß
955 1839 2666 1916 wir einmal mit unseren menschlichen Organen an das Ewige reichen und mit ihm
954 1890 2673 1968 uns berühren. So etwa dürfte man den Gesamttitel erläutern, den Arthur Schnitzler
953 1958 2667 2036 über seine vier im Deutschen Theater zur Aufführung gebrachten Einakter setzt:
975 2001 2676 2079 „Lebendige Stunden“. Stunden, in denen wir fühlen, daß wir selbst unser Schicksal
967 2053 2673 2144 sind: die gezwungen=freiwilligen Gestalter unseres Erlebens. Der Anlauf Schnitzlers,
967 2105 2677 2194 selbst diese kleinen Gebilde, an denen er mit liebevoller Sorgsamkeit und sein
974 2167 2672 2254 stimmender Krinst gearbeitet hat. unter eine Idee zu stellen, die ihnen nicht wie ein
966 2225 2661 2291 Stempel aufgedrückt, oder wie ein Etiquette angeklebt wird, die sie vielmehr hervor¬
968 2291 2667 2367 getrieben hat, wie alles eigentlich Schöne in der Kunst, das nach Hebbels Wort „inneres
974 2334 2680 2429 Leben ans Licht getreten“ ist, muß erfreuen; und besser, tausendmal besser thut er, diese
976 2423 2679 2469 feine und aufrichtige Kunst seinem Können gemäß auf bescheidene Einakter zu beschränken,
966 2462 2682 2522 seinem Talent die Zeit zu gönnen, bis auch ihm die „lebendige Stunde“ zu einer größeren
969 2517 2674 2578 That schlägt, statt wie Hauptmann entweder ein zusammengetragenes buntes Märchen¬
965 2554 2682 2629 gewirre mit allenthalben entliehenen, halb empfundenen Weltanschauungsfragmenten zu
974 2613 2674 2694 galvanisieren, oder aber ein Stück Natur wie einen Eierkuchenteich in die Breite und
974 2666 2678 2744 die Länge zu dehnen. Möglich aber ist auch, daß diese lebendige Stunde ihm ausbleibt
976 2719 2671 2814 und daß es dabei sein Bewenden hat, wenn er uns von Zeit zu Zeit geschmackvoll
964 2779 2683 2850 unterhält und die grellen Dissonanzen des wirklich gelebten Lebens zu feingestimmten
973 2840 2689 2927 kleinen Walzern, Scherzos und Nokturnos künstlerisch umkomponiert. Sein Wiener Stück
979 2893 2696 2970 „Liebelei“, obschon es gewiß nichts Neues der Idee nach brachte, nachdem das „Alles
2652 1495 2697 1570 8
