3484 4320
1179 75 1573 164 Stadttheater.
915 171 1881 252 Letzten Samstag wurden drei Elnakteraufge¬
1897 189 1960 262 2
852 221 1868 294 führt. „Die lletzten Masken“ von Schnitzer;
1882 258 1965 334 8
861 279 1854 344 „Der Dieb“ von Mirbeau und De
846 327 1866 392 liche Kommissär“ v. Courteline. Der Theater¬
837 364 1875 443 zettel trug an der Spitze die Bezeichnung:„Lite¬
842 412 1927 492 rarischer Abend“. Das will ungefähr so viel 8
846 458 1867 541 sagen wie: Vorsicht: zerbrechlich! oder: Nur für Fein¬
1872 469 1947 548 5
841 510 1948 601 schmecker! oder: keine Zoten. Dieser Wink hatte auch [8
837 553 1953 656 seine Wirkung. Das große Publikum blieb hübsch [2.
833 621 1868 692 weg; nur einige mutige Leute, die mit solchen Dingen
838 659 1875 736 wie Literatur umzugehen verstehen, solche, die so
828 709 1874 784 tun, als ob sie das verständen und schließlich solche,
821 758 1867 836 die von Berufswegen so was verstehen müssen, sind
835 805 1869 866 erschienen Nur die Gallerie, auf der überall die
824 859 1872 935 Pioniere der Kunst ihre Insel haben, war ganz
832 896 1878 985 besetzt. Die kleine Gemeinde war ein wenig gespannt
819 951 1853 1030 Der Vorhang ging in die Höhe und man sah ein
817 1006 1859 1078 Zimmer eines Wiener Krankenhauses, wo die letzter
826 1053 1849 1131 Masken spielen. Man kennt das Stück. Ein Men
820 1098 1854 1179 schenschicksal wird da in kuappen, scharfen Zügen
827 1151 1851 1229 gezeichnet. Der Journalist Rademacher kämpfte sein
818 1206 1842 1277 Leben lang gegen sein Schicksal. Er besaß vie
826 1251 1845 1324 Kraft und Individualität. Aber er mußte sie der
823 1296 1833 1359 schnöden, verlogenen Lebensbedingungen opfern
814 1344 1845 1411 Während andere, namentlich sein Freund Weihgast
816 1409 1853 1479 ein unbedeutend Streber und talentloser Stümper
815 1446 1846 1529 zu Ehren und Reichtum gelangt, muß er sich ducken
813 1497 1838 1556 und alles, was in ihm rumort und lebt, ersticken
807 1551 1844 1625 und am Ruhm anderer arbeiten. Das macht physisch
811 1599 1845 1669 und moralisch krank. Er siecht im Krankenhause hin
813 1628 1839 1721 Er hat aber das Bedürfnis, das alles der Welt
813 1696 1846 1771 zu sagen, bevor er stirbt. Er möchte seinem stolzen
810 1740 1844 1809 Freunde einmal ins Gesicht sagen, was in ihm seit
810 1789 1835 1870 20 Jahren unterdrück werden mußte. Laßt ihn kommen.
802 1839 1837 1904 Und im entscheidenden Momente überkommt ihn
806 1894 1844 1966 eine lähmende Schwäche, es schnürt ihm die Kehle
807 1943 1845 2016 zusammen und als der Freund ihm gegenüber tritt,
809 1982 1842 2045 sagt der Sterbende, er wollte seinen Freund nur
771 2030 1310 2103 noch einmal sehen und
1351 2047 1838 2122 — gibt den Geist auf.
759 2168 1792 2220 Vorher erzählt er aber das alles seinem Leidens¬
762 2212 1796 2280 genossen, dem Schauspieler Jackwerth. Die Rolle
762 2262 1794 2331 dieses Schicksalsmenschen spielte Herr Stärk. Er¬
772 2313 1785 2371 schütternd. In der Schilberung seines Lebenslaufes
764 2360 1803 2424 in der Bekundung seines Grolles über sein tragisches
769 2416 1803 2477 Schicksal, in seiner resignierenden Ueberlegenheit
754 2459 1792 2516 ging der Künstler ganz auf. Jedes Wort schnitt in
765 2508 1802 2579 die Seele. Es gibt Sätze, deren Begründung in dem
757 2554 1797 2611 Tonfall, in dem sie ausgesprochen werden, liegt. Sie
766 2602 1799 2662 sind gewissermaßen kategorisch. Der Künstler fand
762 2667 1784 2720 für diese Worte den kategorischen Ton und die sie
754 2697 1802 2755 malende Farbe. Alle Achtung vor dieser Leistung,
762 2760 1796 2815 alle Achtung. Herr Minnich (Jackwerth) rückte
766 2817 1797 2863 zu sehr seinen Schauspielerberuf in den Vordergrund.
762 2861 1786 2910 Daher war sein ganzes Auftreten nicht dem tra¬
753 2906 1802 2965 gischen Tone des Schauspiels angepaßt. Er war ein
758 2953 1532 3016 Komiker in einem Krankenhausmantel.
818 3006 1804 3057 Darauf folgte die seine, geistvolle Satyre „Der
755 3071 1803 3123 Dieb“ von Mirbeau. Herr Kammauf gab
761 3111 1798 3171 darin den Dieb Ausgezeichnet. Der Künsiler
768 3159 1791 3217 verriet in seiner Haltung, in der feinen Pointierung
757 3220 1798 3277 seiner Reden den französischen Esprit und die von
757 3259 1794 3320 seines Dialektik getragene Ueberlegenheit und Ironie,
760 3305 1789 3366 vie das ganze Stückchen beseelen. Eine vollendete
754 3353 1790 3410 faszinierende Leistung. Herr Stärk als Bestohlener
761 3413 1801 3467 schlug einen zu seh humoristischen Ton an, war
759 3463 1797 3510 aber sonst von einer köstlichen Wirkung. Den Schluß
762 3508 1772 3573 des Abends bildete der Gemütliche Kommissär“
749 3554 1791 3615 von Courteline, morin Herr Reißner wieder
758 3598 1804 3660 eine Probe seiner ausgiebigen Darstellungskunst
756 3654 1781 3698 bot. Sein drastisches, sicheres Spiel war gelungen.
750 3716 1801 3765 Eine köstliche Gestalt machte Herr Stärk aus dem
751 3757 1794 3810 Kommissär. Nicht unerwähnt sollen bleiben: Die
747 3801 1802 3868 Herren von Pindo, Stengel, Edgar und
758 3857 1793 3909 Berg und die Damen Kühnau und Duino,
743 3894 1793 3962 die durch kleine Züge das ganze literarische Ge¬
750 3938 1794 4022 mälde gut ergänzten. Die Darsteller wurden mit
1589 3995 1743 4072 i. w.
750 3999 1183 4072 Beifall reich belohnt.
