3436 4224
1026 775 1099 839 Ab
1024 830 1098 887 Ab
1035 952 1085 1003 I
1109 129 2345 184 gestnen einen Arthur Sih #lend. in nndn
1120 170 2346 222 vier Einaktern, die unter dem Gesammttitel „Lebendige Stun¬
1123 204 2356 247 den“ zusammengefaßt waren, kam der beliebte Antor zu Worte.
1111 243 2352 282 Wollte man den Erfolg desends nach der Stärke des
1121 275 2356 326 Applauses beurtheilen, man müßte von einem großen Erfolge sprechen,
1118 305 2351 364 und Niemand wird es dem Antorsverübeln, wenn ihn dieser starke
1119 360 2348 402 Applaus in einen Freudenrausch versetzt hat. Auf einen Rausch pflegt
1117 386 2348 447 aber der Jammer zu folgen, und wir fürchten gar sehr, daß dieser Jammer
1113 426 2348 474 auch diesmal nicht ausbleiben, und daß Herr Schnitzler zu der Einsicht
1113 463 2356 513 gelangen wird, daß es nur ein Talmierfolg war, den ihm seine
1113 503 2351 558 „guten“ Freunde am Premierenabend dadurch vorgetäuscht haben,
1113 537 2350 586 daß sie nach jedesmaligem Fallen des Vorhangs gar gewaltig
1112 580 2355 627 die Hände rührten. Da erwies sich die Direktion als viel
1114 606 2378 673 klüger und diplomatischer. Gestützt auf ihre Erfahrung hatte sie die
1119 644 2436 698 einzelnen Stücke genan nach ihrein Werth, d. h. nach ihrer Bühnen= us
1112 689 2357 729 wirksamkeit abgeschätzt und dann den Abend mit dem schwächsten beginnen
1109 726 2471 772 und mit dem wirksamsten schließen lassen. Und das Publikum war der das
1102 760 2482 810 Direktion für diese Reihenfolge dankbar. Der wirksamste der Einatter den
1111 800 2352 849 war nämlich ein Schwank! So konnte man Ende des Stückes doch
1115 837 2352 895 einmal aufathmen und fröhlich sein, und das that wohl, nachdem man
1104 874 2485 917 dem Autor willig durch drei Stücke gefolgt war, von denen jedes die
1102 909 2341 959 seinen Todten hat; ob freilich auf diese drei Todten der Generaltitel
2359 917 2480 970 1on¬
1106 956 2479 1007 „Lebendige Stunden“ zurückzuführen sein dürfte, ist dem Antor nicht #ng")
1103 988 1948 1043 gelungen, dem Publikum ganz klar zu machen.
2343 1001 2476 1047 eben
1151 1008 2336 1080 Doch gehen wir nun zu den Todten selbst über. Im ersten Stück,
2348 1039 2505 1104 mgen
1109 1059 2347 1112 dem Schauspiel „Lebendige Stunden“ ist's eine Hofräthin.
1102 1084 2345 1150 Wir lernen die Dame nicht mehr persönlich kennen, sondern nur
1113 1131 2349 1191 ihren Sohn und ihren Freund. Wohl aber erfahren wir,
1106 1176 2346 1221 daß sie nicht eines natürlichen Todes gestorben ist. Sie
1108 1206 2362 1259 litt an einer unheilbaren Krankheit; es konnte einmal
1107 1240 1811 1300 sehr schnell mit ihr Ende gehen
1815 1252 2357 1307 ebensogut aber konnte es
1111 1272 2354 1324 noch zwei, drei Jahre dauern. Sie sah, daß ihr Sohn, ein Dichter,
1104 1323 2359 1370 durch die Pflege, die er ihr widmete, in seinem Berufe zurückkum.
1108 1363 2363 1415 So opferte sie sich denn, indem sie ihren Leiden durch eine über¬
1112 1397 2341 1458 große Dosis Morphium ein Ende machte. Ihren Freund setzte sie
1116 1439 2361 1485 durch einen Brief davon in Kenntniß, daß ihr Tod ein
1120 1477 2081 1515 Opfertod gewesen — selbstverständlich „unter
2098 1463 2354 1530 Diskretion“.
1114 1516 2355 1559 Dieser Freund ist aber indiskret geung, dem Sohn das
1105 1547 2350 1607 Geheimniß zu verrathen, ohne diese Gemeinheit genügend zu
1113 1588 2356 1627 motiviren. Dem Sohn bleiben nur zwei Möglichkeiten übrig, ent¬
1102 1621 2352 1672 weder der Mutter in den Tod zu folgen oder durch seine Arbeiten
1114 1664 2347 1720 zu beweisen, daß seine Mutter das Opfer nicht umsonst gebracht.
1110 1701 2357 1746 Welchen der beiden Wege er wählt, überläßt der Autor dem Publikum,
1109 1737 1353 1788 zu errathen.
1156 1752 2297 1826 In dem zweiten Stück, dem Schauspiel „Die Frau mit de
1102 1813 2297 1853 Dolche“ ist der Todte ein verliebter Maler. Der Einakter spielt
1108 1851 2350 1888 seinem ersten und letzten Theile in der Gegenwart, in seinem zweiten
1112 1893 2314 1933 Theile dagegen ein paar Jahrhunderte früher. Frau Pauline um
1113 1926 2351 1965 Leonhard haben sich in einem Saale der Gemäldeausstellung ein
1104 1963 2357 2014 Rendezvons gegeben. Dort hängt ein Bild „Die Frau mit dem Dosche“
1110 1996 2352 2046 von einem unbekannten Maler des sechzehnten Jahrhunderts. Die Frau
1109 2033 2351 2090 mit dem Dolche trägt unverkennbar Vaulinens Züge, und bei ihrem
1109 2076 2342 2115 Liebesgeplänkel mit Leonhard ist's ihr mit einem Male, als habe sie
1106 2110 2348 2153 die nämliche Situation schon einmal erlebt. Sie verfällt in tiefes
1103 2152 2353 2199 Sinnen, die Bühne verdunkelt sich, und als es wieder hell
1104 2186 2345 2234 wird, sehen wir die Beiden im Atelier des Malers
1103 2225 2353 2275 Remigio zur Florenz wieder: Paula als dessen Gemahlin,
1100 2257 2352 2310 Leonardo als des Meisters Schüler. Leonardo hat, wähnend
1101 2300 2358 2335 der Meister abwesend war, Paulas Gunst genossen, und diese gesteht
1106 2333 2347 2393 dem Gatten bei seiner Rückkehr ihr Vergehen. Remigio verschmäht
1112 2374 2352 2435 es, den Schüler zu strafen, doch Pauka thuk's, indem sie ihm den
1101 2396 2352 2468 Dolch in die Brust stößt. Diesen Moment hält der Meister in seinem
1106 2450 2356 2503 Gemälde fest: die Frau mit dem Dolche! Wieder verdunkelt sich die
1113 2490 2349 2526 Szene, und als es wieder hell wird, finden wir Leonhard und Pau¬
1104 2519 2352 2573 line wieder im Salon der Gemäldrausstellung, Pauline aus ihrem
1115 2559 2343 2612 tiefen Sinnen erwachend. Man sollte meinen, aus der Vision, die sie
1109 2607 2350 2643 gehabt, sollte sie nun die Nutzanwendung ziehen. Aber nein, sie ist
1105 2645 2359 2709 leichtsinnig genug, dem Geliebten für den Abend ihr Kommen zu
1108 2674 1337 2735 versprechen.
2092 2687 2163 2737 8
2077 2710 2128 2751 40
1152 2692 2356 2773 Der dritte Todte wird uns in dem Schauspiel „wieletzte
1098 2734 2350 2815 Maske“ versetzt. Hier ist's einzarmer Joninalist, der's in seinem
1100 2788 2349 2843 Leben zu nichts Besonderem gebracht hat. Sein ehemaliger Freunh
1107 2829 2349 2885 Weihgast hat mehr Glück gehabt als er, und gegen diesen richtet sich
1114 2866 2349 2910 daher sein ganzer Haß. Als der Journalist im Krankenhaus sein
1103 2903 2355 2965 letztes Stündlein gekommen fühlt, hat er kein sehnlicheres
1104 2937 2359 2998 Verlangen, als seinem übervollen Herzen dem Verhaßten
1110 2980 2342 3041 gegenüber noch einmal Laft zu machen. Sein letzter Wunsch,
1112 3022 2350 3073 Weihgast noch einmal sprechen zu können, soll ihm erfüllt
1108 3061 2348 3110 werden: Weihgast wird herbeigeholt. Doch noch ehe dieser kommt,
1111 3094 2344 3142 erfährt der Zuschauer, was der Journalist ihm vorzuwerfen hat;
1107 3142 2356 3194 einem Leidensgefährten, einem Schauspieler, hätt er gewissermaßen
1113 3173 2339 3219 zur Probe, die Strafpredigt, die er dem Verhaßten zugebacht. Und
1107 3203 2345 3259 als dieser dann selbst kommt, ist er so benommen, so verschüchtert,
1114 3240 2346 3304 daß er kein Sterbenswörtchen über die Lippen bringt. Weihgast
1111 3289 2199 3332 geht wieder, und der Journalist stirbt ohne Haß, ohne Groll.
1164 3321 2361 3369 Im vierten Stück endlich, dem Schwank „Literatun“ haben
1100 3348 2343 3418 wir es — Gott sei Dank! — nur mit Lebenden zu thun. Es ist ein
1114 3393 2340 3434 munteres Stück mit allerlei köstlichen Einfällen, von denen der
1113 3428 2349 3481 hübscheste wohl der ist, daß eine junge Schriftstellerin in ihrem neuesten
1103 3464 2350 3526 Roman den Briefwechsel, den sie mit einem früheren Geliebten geführt,
1116 3509 2345 3552 verwerthet hat, und daß dieser Geliebte ebenfalls einenRoman ge¬
1108 3539 2345 3597 schrieben und den nämlichen Gedanken gehabt hat. Daß der Verlobte
1105 3587 2349 3645 der jungen Schriftstellerin beide Nomane in die Hände bekommt,
1100 3613 2340 3669 erhöht den Reiz der Situation, doch kommt er zum Glück nicht dazu,
1096 3657 2346 3721 sie zu lesen, so daß die hübsche Idee auch noch zu einem befriedigenden
1097 3686 1389 3747 Schlusse führt.
1154 3718 2349 3789 Der einmüthige Applaus, der dem letzten Stücke zu Theil wurde,
1094 3762 2339 3818 war ein wohlverdienter, während bei den ersten Einattern, wie
1092 3811 2337 3862 bereits angedentet. ein gut Theil auf das Konto guter Freunde des
1100 3849 2343 3885 Verfassers zu setzen sein dürfte; ob mit Recht, wird wohl bereits
1108 3880 2338 3922 die allernächste Zukunft entscheiden. Berechtigt war der Beifall ohm
1106 3921 2329 3956 Einschränkung, soweit er der Darstellung galt; diese kann mit einen
1089 3948 2323 3994 summarischen Lob bedacht werden. Besonders erwähnt mögen Fräulen
1087 3994 2334 4055 Triesch und die Herren Reichardt, Rittner, Fischer un
1075 4025 1519 4090 Bassermann sein.
1810 4081 2144 4171 AShan
