3484 4256
1324 167 1393 230 n
2202 166 2611 263 box 21/3
373 157 2023 273 16.1. Lebendige Stunden zyklus
2315 698 2790 800 Telephon 12801.
1927 786 3167 871 Alex. Weigl’s Unternehmen für Zeitungs-Ausschmit.
2948 861 3160 944 Ausschnitt
2161 889 2896 996 „OBSERYER“
2984 918 3238 1015 Nr. 42
1816 998 3283 1058 I. österr. behördl. conc. Bureau für Zeitungsberichte u. Personalnachrichten
851 1041 1298 1125 Telephon 12801.
2043 1064 3064 1137 Wien, IX/1, Türkenstrasse 17.
2227 1132 2867 1204 Filiale in Budapest: „Figyelö“ -
459 1122 1700 1217 Alex. Weigl’s Unternehmen für Zeitungs-Ausschnitte
1816 1181 3276 1275 Vertretungen in Berlin, Chicago, Genf, London, Newyork, Paris, Rom, Stockholm.
1467 1200 1696 1273 Ausschnitt
1219 1219 1424 1298 +De
697 1236 1379 1341 „OBSENVEN
1519 1255 1770 1351 Nr. 50
2496 1272 2737 1385 EAwap
347 1329 1799 1402 I. österr. behördl. conc. Burean für Zeitungsberichte u. Personalnachrichten
1825 1321 2357 1415 Ausschnitt aus:
587 1384 1590 1491 Wien, IX/1, Tünkenstrasse 17.
752 1459 1404 1542 Filiale in Budapest: „Figyelö“ —
1827 1443 2376 1542 vom: 7X/3777 2
351 1522 1793 1618 Vertretungen in Berlin, Chicago, Genf, London, Newyork, Paris, Rom, Stockholm.
1097 1586 1274 1707 M
345 1664 872 1750 Ausschnitt aus:
2153 1673 3274 1756 (Carl=Theater.) Das Gastspiel des „Deutschen Theaters“
2021 1716 3279 1816 ##mit Schnitzlers Einaeter: „Lebendige Stunden“ begonnen.
2057 1782 3279 1865 #lers Muse ist auf den weichen Ton der wienerischen Farben
344 1796 578 1890 vom:
2031 1839 3278 1913 #mit, die harte deutsche Volllich=Malerei lässt das Undrama¬
575 1826 903 1924 5770 7—
2027 1890 3281 1949 An seiner seischen Schwärmereien zu grell hervortreten. Darum
2042 1942 3278 2013 chten die Gäste auch nich zu erwärmen und nur die Achtung
2043 1963 3281 2048 m Ernst des dichterischen Schaffens zwang die Kritik zu der
2049 2018 3269 2095 maßen unwahren Begeisterung für ihr Können. Die warme
2040 2082 3271 2147 ##pracht der „Leeininger“ hat ebedem in Oesterreich verständ¬
666 2093 1618 2193 Zr. Wiener Theater. Das Berliner Deütsge
2051 2124 3267 2203 Sympathie gefunden; die Truppe des Herrn Brahm weht
623 2147 1593 2232 Theater, die hohe Schule des literarischen und schau¬
2050 2167 3266 2242 #ordisch kühl an; Sudermann nennt es die „Hundeschnäuzel¬
627 2199 1594 2276 spielerischen Naturalismus, ist wieder zu einem längeren
2071 2217 3269 2293 Das hohe schauspielerische Vermögen einzelner Kräfte soll
1804 2231 1917 2312 Für
1933 2226 2068 2294 50 2
648 2236 1603 2306 Gastspiel nach Wien gekommen; das beginnt bereits eine
2069 2270 3262 2335 #nicht geleugnet werden; was könnte dieses Vermögen für
1926 2279 2019 2326 100
644 2279 1597 2346 Bewohnheit — und zwar eine gute zu werden. Die Ver¬
1925 2322 2024 2367 200
2045 2310 3261 2391 #e Zinsen abwerfen, wenn es dem kalten nordischen Drill ent¬
641 2319 1593 2382 fachlässigung ihrer künstlerischen Pflichten, welche die
1922 2358 2025 2414 500
637 2357 1593 2426 Direktoren Schlenther und Bukovics unausgesetzt be¬
2048 2365 3262 2425 im freien, herzenswarmen Pulsschlag= südlicher Kunstbegeiste¬
1901 2383 2029 2452 1000
633 2400 1587 2471 fehen, macht die Ergän, ung durch Otto Brahm doppelt
2056 2405 3266 2485 ich entwickeln könnte. Wie dämonisch schön z. B. wirkte Irene
645 2445 1583 2508 wünschenswerth. So sollen uns „Die Hoffnung“ von
1930 2444 2020 2498 Im
2059 2456 3271 2533 sch im Raimund=Theater=Ensemble mit Hebbel, Zola usw.;
620 2471 1584 2531 Heyermanns, „Wenn wir Todten erwachen“ von
1807 2466 2050 2542 Abonnemen
621 2520 1574 2580 Ibsen geboten werden und manches werthvolle Stück,
2061 2515 3276 2581 geen Frau Kuh=Lehmanns kalter, in jedem Zuge wohlberechneter
1806 2526 2050 2596 Abonnenten
631 2553 1570 2618 das in Wien nur gelegentlich und auf kurze Zeit auf¬
2048 2563 3268 2614 ##ilzeichnung verliert ihre Gefühlskunst so viel von ihrer directen
358 2569 445 2636 Für
462 2544 666 2637 50 Zeitu—
625 2593 1755 2672 tauchte — zum Beispiel Schnitzlers „Freiwild“ 4 finclusive
1923 2588 2043 2661 Der
447 2610 545 2662 100
2047 2600 3261 2685 ##lung, dass kaum eine gete Schauspielerin übrig bleibt. Die
631 2635 1727 2707 werden wir Gelegenheit haben freudig wiederzuseleg. Porto.
436 2654 552 2706 200
1808 2639 3254 2707 Inhaltsang übrung des „Juhrmann Heuschel“ bewies das. Ritt¬
1827 2691 2042 2741 blätter
625 2691 1735 2736 Die erste Station des dramatischen Ausfluges unserer Zahlbar
440 2698 558 2739 500
2061 2703 3259 2772 ###it meisterhaft, die Lehmann ist auch meisterhaft; aber das
615 2717 1762 2769 Berliner Gäste war der Einakter=Cyklus von Arthur h Voraus.
1817 2718 2044 2780 wodurch ei
374 2730 552 2807 " 1000
2045 2757 3261 2808 #ns Drsia mit dem ins Breite getretenen Schicksal des romanti¬
631 2765 1589 2816 Schnitzler: „Lebendige Stunden“. Ihren Lesern sind
1808 2765 2038 2819 Leben des
449 2782 1783 2854 Im Gese die feinen, von wehmüthigem Reiz erfüllten Dramolets te ist das
1822 2804 3260 2871 theilungen sche Fübriganns ist so ummeisterlich, dass man sich an dem gesamm¬
343 2826 1787 2890 Abonnement au bekannt; da genügt es, den lebhaften Erfolg der Vorstell=icht es den
2050 2855 3262 2919 Beinerstücke weit weniger erqueckt, als an den Flötentönen eines
340 2868 1671 2935 Abonnenten frei ung, der sich stark steigerte, zu melden. Bitterkeit läßt sichdern.
2031 2890 3257 2972 #mener Kunstpfeifers. Und die bloße Achtung vor der nordischen
635 2920 1595 2953 freilich nicht zurückdrängen: die Aufführung werthvoller
2027 2936 3251 3019 #ist weckt keine Begeisterung. Der Samstag brachte uns eine
469 2942 1801 3003 Der „0B Dichtungen des ersten zeitgenössischen österreichischen Drashaltend die
333 2970 1779 3062 Inhaltsangabe matikers müssen wir einer norddeutschen Schauspielgesell-Morgon¬
2028 2985 3247 3059 #epität: Das Stück ist nordisches Milieu; grau, schwermüthig, als
332 3026 897 3092 blätter (Tagschaft danken!
1527 3030 1783 3086 er Zeitung")
2027 3038 3245 3097 # es im herrsichen Lande der Mitternachtssonne nur Nacht gäbe.
345 3064 678 3125 wodurch eine U
1477 3075 1803 3127 Sthschaftliche
946 3042 1396 3129 ena  Frvaseagrane
2023 3079 3245 3171 Eine Fischergeschichte; halb Björnson, halb Pierre Loti. Die hari¬
334 3078 1802 3161 Leben des In- und Auslandes in drastischer Kürze geboten wird. Diese Mit¬
2017 3127 3251 3196 herzigen Rbeder und die weichherzigen hartmäuligen Seeleute. In
338 3150 1385 3208 theilungen werden in Wien um 9 Uhr Früh verschickt.
2018 3183 3247 3255 den Tod schickt man junge Bursche: ihre Eltern liefern sie aus,
2019 3221 3238 3302 weil sie — scheuern müssen, aus Geweyntheit. Das graue sociale
664 3234 1430 3318 Prospecre gnatis und franco.
2011 3271 3246 3358 Problem will nicht mehr weichen, seitdem es sich die Bühnenwirkung
2016 3320 3238 3399 erobert hat. Erst wenn man des Elends auf der Bühne über¬
2020 3364 3246 3427 drüssig sein wird, werden diese Stücke nach ihrem wahren Werte
2016 3434 3233 3492 gewürdigt werden: Zimmermannsar#eit. der Balken der Alltäg¬
2011 3461 3237 3532 lichkeit grob zubehauen. — Gespielt wurde auch von Zimmerleuten.
2008 3503 3232 3590 So gewissenhaft, so langsam und grob; nach dem Winkel. Sie sind
2015 3564 3237 3632 #lle so correct, die Berliner Gäste, als wollten sie sagen: „Woll'n
2018 3609 2735 3670 Euch 'mal den neuen Stil beibringen!
2767 3610 3239 3682 Und der neue Stil ist
2000 3648 2739 3720 so ganz grau, lässt kein Stückchen Blau
2734 3659 3255 3728 durch. Alles so correct, so
1997 3704 2716 3769 „rechteckig“ wie die Lehmann und d
2743 3710 3234 3773 Rittner. Eine Kunst
2003 3736 2706 3816 #ist es ja ganz zweifellos; nur entzück
2722 3755 3241 3837 ie uns nicht. Wer lässt
1998 3790 2738 3868 sich auch gerne immer gruseln machen
2829 4093 2976 4173 —
