3484 4384
353 156 2000 238 16.1. Lebendige StundenZyklus
849 1105 1315 1209 Telephon 12801.
466 1223 1686 1284 Alex. Weigl’s Unternehmen für Zeitungs-Ausschnitte
1469 1275 1690 1345 Ausschnitt
450 1312 503 1405 70
693 1286 1369 1420 „OBSERYER
1516 1336 1771 1429 Nr. 91
366 1404 1801 1497 I. österr. behördl. cono. Bureau für Zeitungsberichte u. Personalnachrichten
570 1461 1597 1560 Wien, IX/1, Tünkenstrasse 17.
754 1543 1405 1623 Filiale in Budapest: „Figyelö“ -
362 1597 1785 1680 Vertretungen in Berlin, Chicago, Genf, London, Newyork, Paris, Rom, Stockholm.
358 1725 890 1827 Ausschnitt aus:
360 1874 998 2005 vore 7# 9 702.—
958 1956 1010 2007 —
864 2354 1455 2451 Theater und Musik.
634 2404 1709 2504 * Aus München schreibt unser Berichterstatter: Von
629 2453 1697 2546 den pit Stückchen Arthur Schnitzlers Lebendige
623 2485 1688 2577 Stänzlen“ hat sich bei der Erstaufführung im
619 2543 1694 2623 kötliglichen Residenztheater nur das letzte als
627 2565 1685 2648 Treffer erwiesen. Die Aufführung war durchaus
620 2619 1694 2700 gut und das Publikum in freundlichster Stimmung; so daß
329 2627 447 2707 Für
460 2649 1747 2748 50 Zeit auch die Nieten nicht als krasse Mißerfolge wirkten, obwohl je
444 2681 548 2736 100
625 2693 1695 2778 namentlich „Die Frau mit dem Dolche“ bös zwischen
451 2726 559 2772 200
627 2728 1706 2823 Beifall und Zischen hin und her gehetzt und schließlich mit
441 2766 557 2812 500
613 2786 1411 2857 unheimlicher Heiterkeit verabschiedet wurde.
376 2798 569 2864 „ 1000
1624 2795 1765 2872 us.
466 2853 1786 2921 Im Gegensatze zu anderen Bureaux für Zeitungsausschnitte ist das
337 2860 1374 2944 Abonnement durch keine bestimmte Zeitdauer begrenzt;
1417 2908 1779 2973 auch steht es den
345 2939 1656 3010 Abonnenten frei die aufgegebenen Themen zu ergänzen oder zu ändern.
457 3006 1776 3085 Der „OBSERVER“ veranstaltet täglich einen Auszug enthaltend die
335 3055 1774 3126 Inhaltsangabe aller wichtigen Mittheilungen der Wiener Morgen¬
336 3088 1773 3153 blätter (Tagesjournale ausser „Neue Freie Presse“ und Wiener Zeitung")
340 3136 1779 3206 wodurch eine Uebersicht über das gesammte politische und wirthschaftliche
334 3174 1789 3228 Leben des In- und Auslandes in drastischer Kürze geboten wird. Diese Mit¬
347 3220 1362 3265 Stheilungen werden in Wien um 9 Uhr Früh verschickt.
657 3310 1431 3379 Prospecte gratis und franco.
2163 152 2619 252 box 21/3
3190 1364 3397 1440 hin und
3203 1424 3406 1491 ganze Sch
2436 1436 2862 1533 Feuilleton.
3207 1467 3414 1522 ist sie den
2039 1386 2415 1589 4.0
3197 1511 3415 1567 in der de
3204 1548 3413 1611 zu uns g
2356 1569 2928 1673 Kgl. Residenztheater.
3207 1595 3408 1651 sie gewese
3215 1637 3402 1692 hat keine
2039 1641 3199 1738 Arthur Schnitzlers „Lebendige Stunden“
3201 1679 3413 1742 Mutter al
3207 1720 3413 1780 lesen lass
2129 1706 3204 1775 uct. War es erst Sudermann oder vor ihm schon ein
3209 1764 3414 1822 Sohne ver
2049 1761 3212 1827 Anderer, der einen Einakter=Cyklus unter gemeinsamem
3206 1805 3405 1865 brochen u
2051 1807 3209 1862 Titel geschrieben hat — seine Morituri? Gewiß ist, daß
3210 1852 3409 1922 indiskrete
2050 1858 3198 1908 dieser Vorgang seither Schule gemacht hat. Arthur Schnitz¬
2045 1895 3204 1944 ler folgt ihm nun schon zum zweitenmal: seine vier neuesten
3214 1894 3399 1951 „dichten“
2053 1941 3330 1993 Einakter, die im Januar d. J. im Berliner Deutschen wahr
2045 1978 3187 2038 Theater sehr gefallen haben sollen, haben den gemeinsamer
3357 2021 3405 2071 ein
2038 2026 3182 2080 Titel „Lebendige Stunden“. Ich habe den Berline
3361 2065 3403 2111 t
2039 2066 3194 2119 Theaterzettel nicht gesehen, auf dem der gestrigen Münz
3219 2069 3276 2137 ge
3348 2104 3405 2157 toch
2044 2104 3200 2153 chener Première hatte nur der erste Einakter den Titel
3325 2146 3409 2201 D
2055 2131 3314 2208 „Lebendige Stunden“ und der naive, voraussetzungslose Stüc
3218 2192 3401 2245 lich ganz
2042 2199 3215 2244 Zuhörer, auf den allein zu rechnen der Autor berechtigt ist,
2054 2246 3399 2294 der auch die Buchausgabe nicht gesehen hat, wird hier den vielleicht
3211 2275 3400 2330 blieben is
2053 2285 3214 2337 gemeinsamen Titel um so weniger vermißt haben, als nur
3211 2320 3390 2373 gement
2051 2325 3206 2371 die berechnendste Klügelei eine allen vier Stücken gemein¬
2046 2364 3398 2415 same Idee, die etwa mit dem Namen „Lebendige Stunden“ gegeben
2056 2384 3410 2466 zu bezeichnen wäre, heraustüfteln kann. Daß ein Schrift= platonisch
2053 2440 3383 2506 steller seinem Novellenbande den Titel der ersten Novelle galerie
2055 2492 3397 2541 als gemeinsame Titelbezeichnung mitgibt, kommt schon unbekann
2056 2522 3400 2589 häusiger vor, und in diesem Sinne könnten wir allenfalls dem Dol
2054 2574 3382 2633 den gemeinsamen Titel „Lebendige Stunden“ acceptiren, zogen —
2058 2605 3404 2672 um so mehr als, leider, fast alle vier Stücke mehr novellisti sind um
2045 2663 3397 2730 scher als dramatischer Natur sind, am meisten das erste der drama v#
3215 2696 3367 2751 kleines
2059 2705 3211 2754 „Schauspiele in einem Aufzuge“, das dem Ganzen den
2059 2740 3395 2798 Namen gegeben, einen Namen, der selbst wieder erst einer Scene ist
3211 2777 3408 2849 dem Do
2050 2796 2444 2855 Erklärung bedarf.
2153 2807 3387 2887 Was sind denn „lebendige Stunden“? Der Gatten
2057 2873 3360 2927 alte Hausdorfer sagt zu dem jungen „Dichter“ Heinrich, sie sich
2048 2914 3394 2965 dessen kranke Mutter eine zu große Dosis Morphium ge ergreift
2051 2963 3399 3015 nommen, um durch ihr Stöhnen ihrem Sohne bei seinem Gruppe,
2054 2998 3387 3048 „Dichten“ nicht weiter lästig zu fallen: „Heinrich, vorlling bil
2054 3035 3388 3082 einem Monat hat deine Mutter noch gelebt, und du kannst Dolche“
2047 3078 3399 3153 so reden? Für dich hat sie sich umgebracht, und du gehst haben ke
