3484 4320
198 63 270 111 ehr¬
201 106 803 178 berdient, — allerdings auch jedes
186 148 821 212 ater, welches es verdient. Der
197 199 817 270 „Lebendige Stunden“ litt in
195 255 823 317 rch den Lärm der noch geraume
200 294 814 372 inn rücksichtslos eindringenden
215 348 807 412 )die leise Sprechweise der Dar¬
213 397 812 463 psychologischen Dialog ganz und
196 440 815 517 itze ist. Zwischen deutlich und
188 500 828 563 einen Unterschied und namentlich
191 552 827 604 t, wie man in einem Tone intin¬
201 595 822 667 wundervollsten Zartheit und ver¬
198 638 807 718 Stehgalerie. Der Einakter „Le¬
200 699 826 762 ist ein Dialog, der an den Tod
206 742 819 813 retrospektive Betrachtungen an¬
193 789 817 864 lyse des Vergangenen — nach
197 834 827 911 ausdorfer, der Geliebte und
205 901 817 962 Verstorbenen, und Heinrich, ihr
197 938 816 1007 henüber. Der Alte, ein praktischer
196 992 810 1054 hen Berufes, ein naiver Lebens¬
186 1036 825 1116 gemächlichem Pflichtgefühl seinen
212 1089 829 1167 mit naivem Wohlbehagen die
217 1136 813 1215 pflückt und genießt. Heinrich.
203 1194 814 1263 s Leben nur soviel bietet, als er
213 1252 811 1311 gestattet, dem hundert Stunden
192 1297 815 1361 plätschern, bis eine sich ihn
197 1334 809 1408 Reichtum Tausender ihm schenkt.
196 1384 821 1439 siechte in jahrelanger Marter
179 1436 814 1503 rich, der liebende Sohn, der
196 1485 813 1550 h, wurde durch den Anblick der
210 1536 819 1604 seinem Schaffen gehindert. Das
195 1585 824 1650 dauernd, sagen die Arzte. Da
195 1633 807 1708 hrem Leben freiwillig ein Ende,
188 1685 813 1746 fenskraft ihres geliebten Sohnes
212 1729 815 1796 sein. Und nun hat der Freund¬
190 1772 847 1839 hne, der von Stimmungen sanft
190 1828 819 1900 holungsreise zurückkehrt, das ihm
189 1871 814 1943 is des Todes brutal in die Ohren¬
195 1926 821 2000 egen ist sie in den Tod gegangen.
189 1967 825 2042 timmungsmensch. Du bist ihr
207 2017 814 2088 wirst du dankbar sein? Eine
211 2069 819 2147 schreiben und dich dadurch be¬
206 2124 820 2194 sind alle deine unvergänglichen
205 2165 822 2246 Tode der Teuren entsprießen,
215 2213 816 2292 Stunde?“ Der Sohn, der an¬
194 2265 817 2343 ttert, hält dem wütenden Alltags¬
200 2315 832 2383 Wort entgegen: „Entweder muß
204 2364 819 2432 oder ihres Todes mich würdig
183 2420 810 2492 flebst weiter.“ — Des Dichters Ab¬
181 2465 808 2539 Typen einander gegenüberzustellen.
183 2517 809 2590 n Gegensatz plastisch zu gestalten:
182 2569 806 2622 nstler und den praktischen Durch¬
177 2623 816 2682 Anfangs scheinen die Sympathien
184 2664 807 2730 er Seite des Alltags zu sein, aber
184 2718 802 2781 seine Stellungnahme klar: der
188 2768 810 2824 denn möge er auch einen dritten
176 2817 814 2880 egoistisch als Motiv seiner Kunst
183 2873 819 2934 chtolles Lebewesen lieben, ist denn
180 2904 817 2979 chtkünstlers mehr als egoistischer
189 2965 808 3030 die Hingabe, die den Schein des
188 3015 741 3079 desto raffinierter der Genuß.
174 3060 805 3124 ngs sehr undramatisch und erhebt
186 3109 780 3177 f den Flügeln Schnitzler'scher
170 3161 797 3221 amatischer Höhe. Da erklingen
183 3209 790 3274 Wucht ganzer Tragödien einschla¬
178 3252 806 3321 de, bis auf den eben gerügten
180 3304 790 3369 echweise, anerkennenswert. Herr
191 3358 788 3422 wütenden Schmerze um den Ver¬
184 3401 805 3467 und dem verständnislosen Hohne
195 3454 808 3522 des Alltagsmenschen Hausdorfer
174 3501 808 3562 err Hellbach gab dem Heinrich
180 3559 804 3605 en Anstrich moderner Stimmungs¬
167 3601 801 3667 agte Ton leidenschaftlicher Auf¬
189 3646 813 3716 ihm besonders gut, nur zum
183 3696 669 3772 natürlicher sein können.
1321 99 2289 146 Jüngling hält der Geliebten das vor, was sie ihrem“
1300 138 2281 190 Manne im Grunde nur ist, sie soll sich nicht ausbeuten
1302 183 2282 241 lassen als Modell, sie soll ihm gehören als Weib.
1312 235 2274 305 Die Frau, zwiespältig und unklar in ihren Gefühlen,
1306 286 2290 345 glaubt in einem Gemälde, das sie bei Betrachtung
1309 338 2282 397 der Gallerie erblickt, ihres Rätsels Lösung zu fin¬
2066 382 2290 453 Die Szene
1306 379 1874 450 den: die Frau mit dem Dolche
1309 436 2280 497 verwandelt sich in das Atelier eines Renaissance¬
1301 475 2280 546 künstlers., Paola, die Gattin des berühmten Malers
1299 539 2280 587 Remigio, hat die Nacht im wilden Liebestaumel mit
1296 587 2284 639 dem jungen Leonardo verbracht. Leonardo haßt Re¬
1295 623 2277 689 migio, weil er ein großer Künstler ist, weil er seine
1297 681 2283 741 Geliebte, Paola, die ihn als Modell entflammt, als
1294 729 2288 781 Weib entadelt. Er haßt Remigio, weil Paola ihn
1301 782 2286 842 liebt — ihn liebt mit inbrünstiger Hingebung, mit
1298 828 2278 876 anbetungsvoller Bewunderung. Remigio hat sie ge¬
1311 882 2280 944 malt — als Frau mit dem Dolche, und sie sieht, daß
1304 925 2278 974 ihres Wesens Tiefe ihr Mann erst in dem Bilde aus¬
1307 964 2282 1030 geschöpft habe. Was ihr selbst verborgen, bisher in
1301 1028 2274 1069 ihr schlummerte, das hat ihr Mann aus ihr hervor¬
1302 1067 2283 1128 geholt und im Bilde verewigt. Die grausame Tat¬
1301 1130 2281 1189 kraft einer Mörderin: Paola ist ein Weib voll tollen
1300 1174 2283 1235 Widerspruches, der ein Widerspruch im Grunde doch
1301 1217 2282 1290 nicht ist: dem Leonardo schenkt sie wahnsinnige
1300 1257 2286 1336 Stunden tierischer Lust, aber deren Bedeutung ist mit
1310 1311 2284 1370 ihrem Vorüberrauschen verschwunden. Ihre ganze
1303 1361 2279 1428 Sehnsucht, ihre Seele gehört dem Gatten und Künst¬
1297 1431 2281 1475 ler, der ihrer Seele Rätsel in seiner Kunst löste.
1311 1468 2282 1528 Diese Leidenschaften, die feurige Liebe und der wü¬
1312 1511 2280 1574 tende Haß Leonardos, der Konflikt zwischen tierischer
1307 1570 2284 1617 Liebe und seelischer Hingegebenheit bei Paola kommen
1299 1611 2273 1676 in einem prachtvollen Dialoge voll bildkräftiger
1305 1664 2277 1714 Gleichnisse und voll fiebernder Leidenschaft zum Aus¬
1303 1721 2281 1776 drucke. Da kommt Remigio zurück. Paola gesteht
1297 1760 2288 1809 ihm sofort alles. Leonardo bietet sich selbst der
1304 1811 2287 1868 Strafe dar. Aber Remigio weist ihn hinaus. Er
1303 1858 2274 1903 ist ihm gleichgiltig. Leonardo wütet gegen Remigio in
1293 1907 2281 1981 wahnsinnigem Hasse, er wird seine Schmach aus¬
1304 1946 2276 2005 schreien auf den Gassen, da erwacht in Paola die un¬
1307 2006 2288 2052 heimliche Wildheit der Mörderin, die Remigio in ihr
1300 2056 2284 2100 erkannte, die er auf die Leinwand bannte. Sie
1299 2102 2274 2162 ersticht ihren Geliebten. Remigio aber greift zum
1296 2143 2270 2214 Pinsel und malt die Mörderin in der jetzigen Situ¬
1300 2198 2282 2254 ation, wo die bisher nur erahnte Eigenart so pracht¬
1306 2244 1555 2314 voll sichtbar
1556 2248 2277 2307 ist .... Die Szene verwandelt sich
1300 2294 2285 2360 neuerdings. Wir sind wieder in der Bildergalerie
1298 2349 2282 2414 bei Pauline und Leonard. Sie erwacht aus ihren
1299 2393 2283 2459 Träumen und Pauline verspricht dem Jüngling eine
1298 2451 2271 2504 Stunde der Seligkeit. — Was ist der Sinn dieses
1302 2504 2281 2572 eigenartigen Stückes, das die Stimmung ungelöster
1302 2549 2276 2588 Rätselhaftigkeit zurückläßt? Wir sagten es oben:
1297 2593 2281 2648 das Verhältnis zwischen dem Künstler und seinem
1301 2647 2276 2693 Nebenmenschen, hier seinem Weibe. Der künstlerische
1299 2692 2281 2765 Egoismus verklärt das Weib zum Modelle, er schöpft
1303 2743 2284 2809 den lebensvollen Inhalt zu Bilderzwecken aus und
1298 2798 2286 2853 läßt die ausgehöhlte Form zurück. Dennoch aber
1297 2839 2269 2902 bildet der Künstler das Schicksal der derart geopfer¬
1300 2897 2279 2941 ten Frau, denn sie steht unter seinem suggestiven
1309 2932 2274 2997 Banne, und mehr noch; oft löst der Künstler erst ihres
1306 2988 2265 3043 Lebens Rätsel, zeigt ihr Kräfte, die in ihr schliefen,
1302 3038 2280 3102 und macht aus ihr das, was er in ihr mit Schöpfer¬
1304 3089 2275 3153 phantasie erblickte. Paola und Pauline sehnen sich
1304 3141 2277 3194 auch nach Stunden brutaler Luft, wo sie nichts sind
1293 3185 2276 3249 als Weib und nicht anders genommen werden denn
1305 3234 2270 3294 als Weib. Aber diese Stunden sind ihnen vorüber¬
1293 3285 2269 3346 wogende Schaumwellen, ihr Leben und ihr Schick¬
1304 3329 2274 3400 sal sind die Tage und Jahre, die dem Genius des
1299 3386 2274 3445 Künstlers opfern. Und gerade auch jene Taumel¬
1296 3438 2276 3498 stunden dürfen und können sie nur deshalb wagen,
1292 3486 2282 3545 weil der Künstler in ihnen Kräfte wachrief, mit denen
1304 3538 2264 3585 sie die vergangenen Stunden des Sinnestaumels aus
1297 3585 2273 3643 ihrem Leben hinausschleudern können wie Nußschalen.
1294 3638 2277 3697 Das kleine Stück stellt schwierige darstellerische Auf¬
1296 3685 2280 3741 gaben. Frau Rosa Raul war als kapriziöse, von
1286 3728 2267 3806 widerspruchsvollen Empfindungen hin= und herge¬
2301 153 3282 210 benden Rademacher gehören mit zu dem Tiefsten und
2315 196 3284 242 Ergreifendsten, was Schnitzler schrieb. Das Stück
2314 238 3274 295 ist auch kein Thesenstück, wie es die drei andern im
2306 292 3289 351 Grunde sind. Es ist eine Tragödie, die sich aus
2310 339 3290 396 einem individuellen Menschenschicksale ergibt und den
2313 385 3288 438 Sinn des allgemeinen Menschenschicksals verdeutlicht.
2308 435 3292 486 Herr Haller spielte den sterbenden Journalisten
2305 486 3278 556 sehr wirkungsvoll, die gehetzte Ungeduld und Wut,
2302 536 3284 602 die dem befreundeten Todfeind entgegensieht, die über¬
2306 582 3282 656 windende Größe des Sterbenden, — das waren
2310 630 3283 698 schauspielerische Meisterstücke. Herr Suchanek
2306 681 3289 735 war als lungenkranker Komödiant Jackwerth voller
2309 727 3283 799 Humor und brachte namentlich bei der Entrüstungs¬
2305 797 3285 847 probe einige originelle Züge. Herr Tichy charakteri¬
2307 842 3284 901 sierte geschickt die elegante nichtssagende Aufge¬
2301 879 3016 944 blasenheit des Schriftstellers Weihgast.
2390 934 3286 987 In dem letzten Stücke „Literatur“ wird wieder
2301 973 3283 1035 der Gegensatz zwischen Künstler und Alltagsmenschen,
2300 1042 3285 1091 zwischen dem gestaltenden und dem bloß genießen¬
2311 1074 3292 1135 den und praktischen Menschen dargestellt. Aber dies¬
2306 1126 3281 1174 mal in lustiger Weise. Margarethe, eine geschiedene
2307 1166 3280 1241 Frau, herzlich unbedeutend, ein echtes Weib, hat sich
2307 1221 3287 1277 in der Münchener Bohème als Literatin versucht. Sie
2308 1270 3277 1339 hat ihre erotischen Erlebnisse einfach zu Papier
2313 1319 3279 1383 gebracht und dünkt sich so eine Dichterin. Clemens,
2307 1367 3278 1436 ein Sportsmensch, blaues Blut, Rasse, ungepflegtes
2305 1421 3283 1480 Gehirn, von Bildung keine Spur, findet Margarethe,
2295 1468 3284 1522 verliebt sich in sie, entführt sie nach Wien, will sie
2306 1520 3290 1578 heiraten. Eine Bedingung: keine Literatur mehr.
2302 1571 3278 1624 Gegen die seelischen Entkleidungskünste dichtender
2300 1616 3276 1684 Weiber sträubt sich sein Taktgefühl. Dazu ist ihm
2307 1662 3286 1724 Margarethe zu gut. Margarethe hat aber noch ein¬
2295 1717 3291 1775 mal gesündigt: ihr Verhältnis mit dem Bohemien
2298 1756 3286 1816 Gilbert, von dem Clemens natürlich nichts weiß.
2300 1812 3293 1886 wurde ihr zum Roman. Sie gesteht, noch einmal
2307 1861 3279 1920 gedichtet zu haben und Clemens eilt wütend davon.
2298 1912 3284 1980 Da kommt Gilbert, den sie seit Monaten nicht sah.
2299 1958 3286 2027 Er sucht sich ihr nähern. Aber seine affektierte Art,
2299 2009 3280 2062 die Art des stimmungsuchenden Literaten, ist ihr
2302 2062 3285 2118 unsympathisch geworden. Der ganze Kerl ist ihr
2301 2113 3283 2173 unappetitlich. Gilbert bringt ihr sein neuestes Werk,
2301 2164 3271 2219 auch hier der Roman ihres Verhältnisses, und — was
2302 2220 3266 2275 der Teufel des Zufalls und der dichterischen Unfähig¬
2293 2248 3274 2324 keit will: in beiden ist die gesamte Liebeskorrespon¬
2292 2302 3272 2369 denz, die die Beiden in München gepflogen, aufgenom¬
2307 2362 3272 2416 men. Margarethe entsetzt sich: Clemens wird alles
2301 2411 3272 2466 erfahren. Alles ist zu Ende. Aber es glättet sich
2301 2454 3280 2515 noch alles. Clemens kehrt zurück. Er hat die ganze
2302 2513 3278 2569 Auflage des Romanes vom Verleger einstampfen
2293 2554 3278 2611 lassen. Nur ein Exemplar will er mit seiner Ge¬
2304 2601 3280 2662 liebten zusammen lesen. Aber Mäkgarethe wirft
2301 2658 3276 2717 auch dieses ins Feuer. Sie will von Literatur über¬
2303 2691 3274 2757 haupt nichts mehr wissen, will nur ihrem Clemens
2299 2743 3277 2816 ge#iren. Hier also behält der gesunde, Durchschnitts¬
2300 2796 3267 2863 mensch recht gegenüber dem unbedeutenden Litera¬
2293 2840 3266 2909 ten, der seine Stimmungen an die große Glocke hängt,
2304 2895 3282 2970 und sich von dem Nichtliteraten dadurch auszeichnet,
2297 2943 3275 3003 daß er weniger Schamgefühl hat als jener. Wir
2306 2997 3285 3055 glauben, daß in den Einaktern mit Ausnahme der
2296 3042 3269 3101 „Letzten Masken“, die eine Sonderstellung einnehmen,
2308 3088 3278 3164 immerhin eine künstlerische Maxime zum Ausdrucke
2302 3127 3275 3198 kommt: jeder Künstler ist für seinen Nebenmenschen
2292 3204 3276 3260 in gewissem Sinne Gefahr und Schicksal, darum möge
2290 3239 3280 3311 der halbe Künstler und kleine Mensch die Hände lassen
2305 3292 3280 3361 vom künstlerischen Tun. Bei ihm wird nur die
2697 3342 2729 3375 *
2293 3354 3273 3411 Taktlosigkeit und Rücksichtslosigkeit sichtbar sein, wo
2301 3393 3279 3452 der große Künstler durch unvergängliche Werke,
2296 3448 3287 3506 durch den beseligenden Einfluß seiner Persönlichkeit
2293 3481 3274 3549 die Wunden heilt, die seine Rücksichts= und Takt¬
2288 3528 3286 3586 losigkeit vielleicht dem Menschen schlug, die er in
2292 3589 3282 3654 seinen Bann zog. Das sprühend=lebendige Lustspiel
2300 3638 3282 3708 „Literatur“ wurde von Frau Rosa Raul und Hrn.
2299 3680 3266 3754 Suchanek vorzüglich in Pointierung und Charak¬
2274 3749 3282 3805 #teristik gespielt. Herr Matuna machte aus dem
2254 3827 3232 3911 gesunden Sportsmenschen einen Helbidioten Schnit
2250 3902 2731 3964 ler ist nicht Blumenthal!
3026 3895 3217 3975 S RRRR RR
2399 3947 2769 4014 7 Jännek 1906
3044 3962 3255 4030 Nr. 889
