3436 4320
2076 226 2501 318 box 21/2
263 234 1914 346 16.1. Lebendige Stunden zyklus
1503 1527 2623 1590 sporadisch aufgetaucht waren, vereinten sich in diesem dreiactigen
668 1540 1478 1632 Aus Perlin. Dr###
1503 1579 2623 1644 Bild aus dem Leben Jung =Wiens und der Welt zu einem
470 1569 597 1680 *
1193 1603 1430 1692 GE
751 1615 1110 1696 (Nachbruck verboten.)
1500 1635 2626 1689 träumerischen Moll=Accord von ergreifendem Klangreiz. Ein
1491 1691 2624 1742 durch Thränen lächelnder Humor glänzte über dem Drama.
336 1650 1483 1741 * Vor einigen Jahren konnte man fast von einer Einacter¬
1493 1726 2621 1792 Er milderte das Tieftraurige des Vorgangs, den Gegensatz
354 1726 1476 1791 Manie sprechen. Die dramatischen Einfälle schienen sich nur
1500 1775 2624 1833 zwischen dem jungen anatolähnlichen Helden, der nur liebelt,
350 1791 1485 1839 noch in der Form der Gedankensplitter einzustellen. Am brolligsten
1496 1819 2634 1872 und dem einfachen schlichten Mädchen aus dem Volke, vieser
358 1821 1480 1885 wirkte die Idee, das abgelaufene Jahrhundert in dem Spiegel
1505 1870 2621 1928 Christine, welche in der resoluten und doch weichen, hingebungs¬
354 1882 1487 1939 des Einacters aufzufangen. Das Berliner Theater brachte den
1494 1918 2618 1972 vollen Art, ihr Herz in Liebe auszuströmen, an Klärchen und
356 1919 1486 1994 welthistorischen Cyclus am Sylvester des Jahrhunderts. Aber
1502 1964 2624 2031 Gretchen erinnerte. Schnitzler war in der „Liebelei“ eine un¬
356 1974 1486 2034 die Theater=Geschichte scheint dieses kühne Wagniß auch als
1494 2018 2629 2079 endlich ergreifende Variation auf die unendliche Melodie ge¬
347 2016 1477 2068 Sylvesterscherz aufzufassen. Die Einacter mit der Ewigkeits¬
1496 2065 2624 2126 lungen, in welcher die Dichter aller Zeiten die Liebe zwischen
352 2061 1062 2137 Perspective sind verdorben, gestorben.
1496 2112 2624 2178 dem Prinzen und der Hirtin besungen haben. Sociale Klüfte
428 2083 1470 2178 Arthur Schnitzler, der Dichter Neu=Wiens, ist ins Bühnen¬
1503 2157 2623 2218 thun sich auf; aber die Liebe überbrückt sie. Doch die zarte
345 2173 1483 2230 leben mit dem Anatol=Cyclus, einer fast unendlichen Kette von
1506 2205 2624 2262 Blume der Liebe muß welken am Gegensatz der Lebenssphären
359 2217 1485 2268 Einactern, getreten. Anatol ist der Held einer Reihe von
1503 2258 2619 2324 der verschiedenen Lebensauffassung, der trennenden Schicksale.
344 2259 1481 2328 Liebesscenen jener frivolen Art, deren Schilderung in der
1574 2301 2631 2367 Was in diesem von Schnitzler unübertroffenen Werse den
352 2311 1488 2371 dramatischen Milieu=Literatur vor etwa zehn Jahren zu den
1507 2351 2633 2415 Norddeutschen, den Berliner besonders anmuthete, war das
346 2370 1476 2414 unbedingten Erfordernissen jugendlichen Dichterruhms gehörte.
1502 2405 2629 2464 wienerische Colorit. Es ist bekannt, daß der Berliner nichts
350 2412 1488 2470 Unsere Dichter wurden ungemüthlich, wenn man sie nicht auch
1506 2449 2624 2513 lieber hört, als das Plauschen eines echten Weaners. Gerade
350 2465 1480 2514 als unsere Don Juans ästimirte. Der Inhalt des cyclischen
1502 2512 2631 2566 weil seinem eigenen Naturell dieses Weiche, Einschmeichelnde,
352 2501 1486 2565 Bühnenbildes, welches Schnitzler entrollte, bestand in einem
1500 2552 2622 2609 Liebenswürdige so fern liegt, bewundert er es bei dem Collegen
351 2563 1486 2609 ziemlich faden Frage= und Antwortspiel zwischen Anatol, dem
1493 2597 2625 2650 von der Donau. Die Berliner Bühnen sind von Oesterreichern
345 2592 1482 2649 Dämchen seines Herzens und einem gleichgesinnten Genossen
1503 2642 2625 2705 überschwemmt und die Wiener Walzer finden nirgends eine
351 2657 1476 2711 Anatols. Die Atmosphäre war erfüllt von Patschouli, Iris und
1508 2695 2624 2751 ledhaftere Begeisterung, als an der Spree. Schnitzler hatte
350 2704 1476 2757 Dlang=Blang. Nur von Zeit zu Zeit, wie ein lichter Streifen
1495 2745 2629 2807 aber nicht nur das Liebenswürdige und Gewinnende des
348 2744 1474 2802 blauen Himmels an einem wolkendunklen schwülen Sommertag,
360 2805 1474 2857 brach ein Hauch von Natur, Anmuth, Grazie durch und machte
1502 2792 2629 2844 Wiener Temperaments. Seinem Wesen wohnte auch die
1503 2839 2623 2898 Aeußerlichkeit, die Koketterie, die Gefallsucht, welche sich so oft
345 2844 1490 2905 den Aufenthalt in diesem, von schweren Seidengardinen ver¬
1503 2889 2623 2942 als Danaërgeschenk neben Anmuth und Grazie einstellt, inne.
346 2890 1480 2959 hängten und mit üppigen Polstermöbeln gefüllten Junggesellen¬
1502 2936 2624 3000 In der Liebelei machte die Tragik des Sujets Vieles in den
363 2942 1475 3005 Gemach Anatols, wenn auch nur für Augenblicke, erträglich.
1505 2977 2621 3046 Charakteren der weichlichen, nur vom Verhältniß zur Liebelei
431 2976 1486 3047 Aber Schnitzlers Anatol wurde erst bekannt, nachdem der
1504 3035 2620 3080 tändelnden Männergestalten vergessen. Aber Schnitzler hat
361 3036 1484 3103 Wiener Dichter seinen stärksten und ehrlichsten Bühnenerfolg
1499 3086 2627 3142 nicht wieder einen Vorwurf gefunden, der seiner Eigenart so
363 3075 1491 3145 mit „Liebelei“ itrungen hatte. In diesem Drama hatte der
369 3132 1479 3195 künstler einen erheblichen Fortschritt gemacht. Die feinsinnige
1508 3130 2622 3194 lag, wie dieses stimmungsvolle Stück. Seine Fehler und
1504 3187 2624 3263 Schwächen wurden deutlicher, seine Vorzüge verloren sich in
363 3173 1485 3231 Unmuth, die wehmuthvolle Stimmungsmalerei, der leise Hang
360 3211 1700 3313 ur Melancholie, welche in Schnitzlers Frühwerk nur kurz und I Manier.
2708 1533 3329 1605 Nachdem der Künstler mit dem
2648 1579 3307 1647 drama „Freiwild“ eine sanfte, aber
2638 1631 3322 1693 funden hatte, kehrte er zum Einacter
2640 1680 3320 1745 Einactern, welche vor drei Jahren zu
2645 1727 3322 1795 Publikum aber nur einen gekiest: „Der
2641 1774 3315 1835 auch dieses bizarre, groteske und zurech
2633 1831 3317 1888 der Vorzeit der französischen Revoluti
2641 1870 3319 1931 den Schlaf der Ungerechten in den The
2641 1920 3318 1986 im großen Stil: „Der Schleier der
2632 1975 3312 2034 Die kleinen Mittel und der große
2635 2019 3324 2078 vereinbaren Gegensatz zu einander. Sch
2640 2064 3311 2137 Worte: „Schreiben Sie tief!“ Aber
2645 2114 3315 2182 welcher die Menschen erbebt, wenn e
2643 2164 3305 2228 Nicht einmal Sprachkunst bewährte
2647 2215 3309 2271 Alle Figuren des Stückes reden den
2645 2270 3311 2335 wischten Versdialect, so daß man in
2639 2310 3321 2366 und verstiegener Phrasen unrettbar er
2715 2357 3317 2417 In seinem neuesten Einacter=Cyr
2640 2411 3318 2491 welcher in dieser Woche über die Brett
2633 2454 3319 2509 ging, ist Schnitzler zu seiner ersten
2640 2503 3307 2563 On revient toujours. — Er scheint
2632 2554 3314 2619 zum Einacter=Specialisten auszubilden
2638 2605 3326 2658 ewig wiederkehrenden Art, kleine Scei
2639 2654 3312 2714 das Geständniß der Unfähigkeit zu Grö
2638 2698 3312 2761 liegen? „Lebendige Stunden“ heißt
2641 2746 3304 2812 der vier Einacter. Richtiger würde
2627 2786 3301 2859 nennen können. Die Idee ist roh.
2637 2836 3299 2916 anlagten Sohn an der Entfaltung
2639 2896 3326 2971 hindern, tödtet sich die opferfreudige
2642 2937 3320 3008 darniederliegende Mutter durch Gift,
2638 2998 3320 3073 meint, daß der Sohn die Last der
2631 3033 3319 3102 empfindet. Das Opfer dünkt dem
2639 3088 3325 3159 selbstverständlich. Die entgegengesetzte
2641 3135 3320 3206 alter Freund der Mutter. Das soi¬
2635 3175 3329 3253 einer Unterredung, welche die versch
2628 3224 3320 3312 Sohnes und des Freundes in einer ger
