3436 4320
2130 180 2581 280 box 21/2
314 185 1978 302 16.1. Lebendige Stunden zyklug
1165 1102 2550 1180 zu: Das geht gegen den Schwiegervater! Großer Erfolg. Wenn die Frau ihn
1169 1174 2542 1247 morgen betrügt, wird der Meister wieder ein Stück daraus machen, Genre Ehe¬
1176 1228 2560 1307 bruch, und wieder bejubelt werden. Qualis artifex! Und so war es immer. Hjal¬
1171 1289 2553 1366 mar Ekdal wurde nicht erst in der neudeutschen Herrscherzeit des Photographen
1165 1353 2551 1415 geboren. Im Florenz Cosimos findet der von der Reise heimkehrende Maler
1170 1395 2554 1473 Remigio seine Frau im Arm eines schlanken Schülers. Die Ehebrecherin
1169 1460 2556 1543 tötet in brünstiger Wuth den heißen Buhlen, der ihre Sinne überrumpelt hat
1176 1511 2564 1585 und nun den gehaßten Meister mit Schande und Mord bedroht. Und da er die
1169 1575 2546 1643 Rasende im Triumphgefühl ihrer Rache über den zuckenden Leib des hübschen
1165 1624 2546 1691 Knaben gebeugt sieht, hat Remigio nur den einen Wunsch: die Gelegenheit,
1177 1683 2544 1756 die ihm solches Modell schenkt, nicht zu versäumen. Der Schimpf ist ver¬
1162 1748 2558 1813 gessen, kein Gedanke fürchtet die Folgen der blutigen That: nur der Artist
1172 1790 2545 1844 scheint in dem starren Menschenbild noch zu leben ... Herr Schnitzler hat
1166 1840 2542 1922 dieses kurze Drama, das uns aus einer modernen Bildergalerie mit Traum¬
1161 1907 2550 1966 geschwindigkeit ins alte Florenz reißt, „Die Frau mit dem Dolche“ genannt.
1174 1964 2555 2020 Es ist das schwächste der Einakterreihe, deren innere Einheit der Gesammttitel
1171 2023 2551 2091 „Lebendige Stunden“ andeuten soll. Ein tragischer Witz, dessen Haupteffekt längst
1166 2079 2562 2151 nicht mehr neu ist. Schon vor fünfzig Jahren haben Barrière und Thiboust
1162 2135 2550 2192 ihn in den Filles de marbre angewandt und gezeigt, daß den modernsten
1172 2188 2543 2261 Parisern, Moralisten und Dirnen, im Athen der Alexanderzeit Menächmen
1164 2248 2547 2315 zu finden sind. Auch hier aber die selbe Idee wie in dem Gespräch zwischen
1170 2311 2558 2377 Philister und Dichter, das selbe Streben, den Betrachter, diesmal freilich
1164 2360 2550 2426 in anderer Beleuchtung, erkennen zu lassen, wie der Drang gestaltender
1173 2420 2546 2501 Kräfte dem Willen zur That die Flügel lähmt, wie der in der Freude des
1168 2470 2547 2533 Schauens Lebende, nach Befruchtung der Assoziationcentren Lechzende zu ent¬
1167 2534 2549 2607 schlossenem Handeln untüchtig wird. Der Maler, der homme de lettres
1164 2581 2553 2656 sieht in dem leidenschaftlich erregten Weibe nur das Modell, das seiner Kunst
1162 2645 2549 2711 nützen kann, und bedenkt im Hochgefühl seines Schöpferwahns nicht, daß es
1163 2694 2550 2757 die ihm angetraute Frau ist, deren Brunst ihn im Brennpunkt des Willens
1161 2758 2538 2829 traf. Die Sinne fast jedes lange mit Kunstmitteln Arbeitenden verfeinern, ver¬
1169 2815 2542 2888 zärteln sich so, daß ihm nach und nach ein doppeltes Bewußtsein entsteht und
1167 2870 2551 2922 er sich manmal, im heftigsten Affekt sogar, beim Selbstbehorchen ertappt. Er
1168 2932 2549 3005 hört sich leben. Er ist außer sich, möchte vor Wuth aufbrüllen und sänftigt
1163 2988 2550 3047 sich selbst: Pst! Du könntest Kopfschmerzen bekommen und sollst nachher
1171 3041 2540 3097 noch ein Feuilleton schreiben! Er lauscht entzückt dem kosenden Wort eines
1165 3094 2548 3164 Mädchenmundes und unter dem Sitz des erregten Paarungtriebes spricht eine
1165 3145 2542 3207 Stimme: Woher hat sie doch diese Wendung? Von Prévost oder D'Annunzio?
1166 3212 2546 3284 Er greift, um seinen Zorn zu entladen, nach einem Glas und der Komoediant
1165 3267 2546 3317 in ihm flüstert: Wirf lieber das andere, das schon einen Sprung hat, gegen
1157 3319 2551 3395 die Wand! Die alte Anekdote von Talma, der am Sterbebett der Mutter in
1166 3367 2467 3467 tiefster Wesenserschütterung Schrei und Geberde des Entsetzens studirt.
