3436 4320
2006 194 2472 296 box 21/2
202 199 1987 309 16.1. Lebendige Stundenzvklus
1445 1279 2550 1364 eine Aethiopin Pula alle in derselben ehebrecherischen
319 1311 1440 1396 Menschen näher bringen könnte. Das winzige Stück
1450 1338 2557 1400 Situation bewundert haben, möglicherweise bis in die
320 1364 1429 1440 ist weiter nichts als eine Schwätzerei über das Problem,
1447 1383 2564 1460 Affen=Vorzeit zurück. Daß uns der Dichter das erspart
327 1414 1428 1510 aber keine Gestaltung des Themas, ein dürftiges
1447 1435 2554 1515 hat, zeugt von einem gewissen Edelmut. Gern erkenn'
324 1478 954 1559 Feutlleton, aber kein Drama.
1458 1479 2282 1576 ich an, was irgendwie anzuerkennen ist.
359 1497 1432 1585 Ebenso oberflächlich, ebenso spielerisch ist der Ein¬
318 1558 1439 1652 akter „Die Frau mit dem Dolche“ gehalten. Schnitzler
330 1632 1445 1705 kokettiert hier mit dem Thema der Seelenwanderung.
1498 1617 2550 1699 Erst im dritten Einakter, in den „Letzten Masken“,
328 1663 1443 1746 Was er aber bringt, kommt über ein paar lebende
1452 1675 2564 1747 zeigt Schnitzler, daß er in all seiner Enge doch ein
324 1715 1442 1813 Bilder nicht hinaus. Frau Pauline giebt sich mit
1462 1717 2560 1802 echter Künstler ist, daß er hier und da etwas Eigenes
323 1753 1437 1844 ihrem Liebhaber in einer Gemäldegalerie ein Stell¬
1456 1784 2571 1856 zu sagen hat. Freilich in der Theaterei bleibt auch
325 1799 1444 1883 dichein. Ein Bild „Die Frau mit dem Dolche“ erregt
1468 1824 2563 1900 diese Miniaturdichtung stecken; nur die Künstlergattung
335 1848 1445 1938 ihr Interesse, sie findet eine Aehnlichkeit zwischen den
1467 1861 2576 1956 à la Schnitzler bringt eine derartige Scene auf die
327 1904 1443 1980 eigenen und den Zügen der Frau, die ein florentinischer
1469 1913 2570 1993 Bühne. Ein Journalist liegt sterbend im Spital. Ver¬
326 1955 1442 2031 Künstler vor vierhundert Jahren gemalt hat. Und
1459 1963 2575 2053 pfuscht scheint ihm das Leben, das er gelebt. Mit
334 2002 1443 2101 plötzlich durchschauert sie die Gewißheit, daß sie
1455 2019 2564 2106 Neid gedenkt er des Freundes, der einst mit ihm zu¬
341 2051 1448 2129 selbst in einem ihrer Vorleben jene Frau gewesen
1467 2061 2565 2151 gleich in den Kampf um den Erfolg eingetreten,
340 2104 1443 2177 ist. Alsbald wandelt sich die Scene und mit ihr
1468 2118 2560 2200 aber siegreich geblieben und „Liebling des Publikums“
337 2146 1455 2226 Frau Pauline in die Florentinerin Paula. Auch
1469 2160 2565 2248 geworden ist. Eine wilde Lust packt den Sterbenden,
342 2198 1447 2276 Paula findet das Leben ohne ein bißchen Ehebrecheln
1473 2227 2584 2300 in letzter Stunde an dem glücklichen Mitkämpfer das
344 2246 1457 2338 nicht lebenswert. Aber als sie sich zwischen Mann
1473 2265 2581 2347 verpfuschte Dasein zu rächen. Er weiß ein Geheimnis,
339 2292 1451 2389 und Liebhaber entscheiden soll, zieht sie den Gatten
1475 2331 2574 2387 dessen Enthüllung den „Freund“ tötlich treffen muß.
346 2345 1394 2436 vor. Und da ihn der Liebhaber mit den Tor
1486 2360 2581 2441 Und in der That, er läßt den „großen Dichter“ zu
343 2391 1459 2486 droht, erdolcht sie den unbequem Leidenschaftlichen.
1472 2409 2579 2499 sich bitten, um ihm mit hämischer Lust den Schlag
341 2441 1456 2523 Wieder wandelt sich die Scene und mit ihr Paula
1479 2461 2580 2549 zu versetzen. Als aber der Herbeigerufene vor ihm
358 2488 1458 2580 zurück in Pauline. In den vier Jahrhunderten
1481 2502 2591 2579 steht, erkennt der Sterbende, wie sehr auch dieser
347 2531 1459 2617 zwischen 1500 und 1900 hat die edle Dame nicht
1484 2556 2597 2651 Erfolgsmann von Lebensängsten gequält wird, wie
348 2590 1459 2673 viel, aber doch das eine gelernt, daß ein lebender
1486 2598 2596 2688 sehr auch dieser Sieger zu ringen und zu tragen
354 2641 1457 2712 Liebhaber besser ist als ein toter. Infolgedessen er¬
1481 2654 2580 2732 hat. Es loynt sich nicht, ihm den Stoß zu versetzen,
349 2684 1473 2781 mordet sie den Liebhaber von 1900 nicht, sondern gewährt
1483 2700 2584 2777 für den das Schicksal selbst schon sorgen wird. Lohnt
349 2735 1476 2830 ihm alles, was er verlangt. An der ganzen Geschichte
1486 2751 2590 2834 sich am wenigsten für den, der morgen im Lande des
357 2786 1469 2877 ist mir das eine tröstlich, daß Schnitzler die Nichtigkeit
1495 2793 2586 2885 Todes sein wird und all den Lebenden bereits wie
364 2847 1464 2918 nicht noch weiter in die Vergangenheit fortspinnt. Ein
1491 2847 2603 2942 ein Fremder gegenübersteht ... Die ethische Welt¬
365 2880 1466 2968 gelindes Entsetzen erfüllte mich bei dem Gedanken,
1488 2893 2590 2989 anschauung, die hier zum Ausdruck kommt, ist sicherlich
357 2932 1473 3005 möglicherweise werde sich nun auch die Florentinerin
1493 2947 2602 3040 nicht die höchste, aber an der Oberfläche liegen ihre
357 2978 1484 3069 Paula erinnern, daß sie schon einmal im alten Rom
1494 2989 2598 3074 Wurzeln nicht. Und jedenfalls hat sie Schnitzler in
368 3013 1485 3117 gelebt und „geehebrucht“ habe. Schließlich würden wir
376 3022 2636 3185 dann noch eine Hebräerin Saula, eine Inderin Pala, lebendig packender Weise, stimmungsmächtig und in
2566 1256 3270 1355 den Einzelheiten mit psychologisch
2573 1311 3061 1398 zum Ausdruck gebracht.
2613 1404 3239 1478 Mit dem Titel „Litteratur",
2576 1458 3269 1533 ganze Quartett führen sollte, pa
2588 1515 3253 1576 vier Einakter. Schnitzler wollte
2590 1558 3272 1621 daß er bei all seiner Milde, Wei
2592 1603 3260 1675 boshaft, giftig boshaft sein kann.
2589 1651 3254 1721 den beschränktesten Grenzen — ge
2579 1703 3269 1772 rischen Kollegen, gegen die Kneipeng
2593 1752 3275 1828 Shakespeares. Daß Arthur
2582 1807 3283 1875 verwandter dieser Leute ist, das
2591 1842 3276 1920 nicht, nichts davon, daß er #
3039 1898 3257 1968 Jeder v
2591 1903 3044 1976 porträtierung macht.
2589 1941 3285 2014 sieht immer nur im andern
2583 1985 3271 2067 er selbst steht über der Ma
2593 2043 3273 2117 ein Gefühl dafür, wie klä
2591 2089 3276 2168 ist, in dieser Weise vor dem der
2590 2143 3279 2215 ganze litterarische Jämmerlichke
2591 2193 3276 2257 die Jämmerlichkeit dieser Kunstn
2588 2241 3273 2311 weiblein, die als Uebermenschen
2603 2283 3274 2358 Philister um sein bißchen St
2602 2332 3273 2412 sollten, die bandweise auf Ewigk
2596 2391 3254 2455 eines Honorars von zehn
2602 2430 3276 2520 weniger, um ein Glas Kog
2598 2477 3280 2561 eine halbe Ewigkeit hingeben
2608 2527 3287 2613 heiten dieser Art in Hülle und
2595 2577 3278 2654 zusammengehäuft. Ob allerdit
2600 2635 3268 2704 große Publikum, das nicht, wie
2604 2686 3275 2745 aus lauter Litteraten und „Litter
2606 2736 3272 2801 gesetzt ist, für all diese Spitzen,
2606 2772 3277 2851 Verständnis und Interesse haber
2610 2823 3273 2907 Frage, die das liebe Publikum
2614 2874 3277 2950 der bestrickenden Echtheit, mit
2618 2919 3278 2987 Bassermann, Rittner die „Typen
2617 2968 3280 3063 in jedem Fall seine Freude hab
