3436 4384
2092 201 2578 305 box 21/3
292 219 1972 325 16. 1. Lebendige Stunden zyklus
442 969 3355 1037 zu neuem künstlerischen Schaffen entnimmt. Als Eitelkeit und Heuchelei 1 des „Schleiers der Beatrice“ gegenüber ein schweres, einzig von ihrI macht. Nun,
452 1025 1772 1096 erscheint es ihm, aus dem tiefsten Schmerze Anregung für künst¬
1749 1041 3354 1111 verschuldetes Unrecht wieder gut zu machen hätte, aufs neue so die papierne
449 1064 1755 1141 lerische Arbeit schöpfen zu wollen, und so treten sich der junge Dichter
1747 1080 3365 1160 übel ihre Pflicht vernachlässigt, daß bei der ersten Aufführung Ge¬ strömende Dich
447 1117 1756 1193 und der alte, schmerzerregte Geliebte seiner Mutter als Verfechter
1746 1133 3052 1194 lächter der Zuschauer den Erfolg des Stückes in Frage stellte.
3051 1131 3371 1210 deren würdige
442 1169 1751 1242 des Wortes von Kunst und Lebengegenüber. Werhat recht? Der Prolog
1755 1180 3057 1238 Wie unsere Theaterleitung im vorigen Jahre sich nicht entschließen
3045 1181 3363 1261 geschiedene, jetz
445 1210 1754 1284 läßt die Frage unentschieden, und schärfer formulirt tönt uns nun
1756 1229 3051 1296 konnte, für Hartleben's „Rosenmontag“ ein anständiges Bild ins
3052 1238 3376 1300 lobte Frau M#
453 1267 1759 1325 im zweiten Stücke „Die Frau mit dem Dolche“ aus Leon¬
1750 1269 3063 1345 Offizierscasino zu stiften, so wurde auch für Schnitzler die Aus¬
3047 1288 3364 1350 keiner daran si
453 1310 1755 1376 hards (Herr Schlaghammer) Werbung um des Dichters Gattin
1753 1323 3066 1391 gabe gescheut, ein erträgliches Bild der Frau mit dem Dolche,
3042 1324 3374 1389 ans Kreuz schla
454 1361 1752 1429 Pauline (Frl. Illing) die Frage entgegen: hat der Dichter ein Recht
1750 1377 3060 1438 dem doch mehr Wichtigkeit als einem bloßen Ausstattungsgegen¬
3053 1378 3374 1444 Bildhauerlegen
453 1416 1755 1483 ausgeübt oder einen Frevel begangen, als er aus Erlebnissen und
1749 1418 3059 1493 stande zukommt, anzuschaffen. Erst das Hohngelächter, welches am
3050 1428 3374 1506 fertigen ihre g
448 1459 1750 1520 Leiden seiner Frau ein Drama schuf, das ihm Bewunderung er¬
1757 1467 3055 1529 Sonnabend entstand, veranlaßte zu einer nachträglichen kleinen
3045 1469 3366 1544 Abschriften, um
438 1505 1755 1569 zwingt? Wie im ersten Stücke die Mutter für das Künstlerthum
1743 1510 3049 1581 Besserung, sodaß am Sonntage das störende Lachen nicht allgemein
3059 1516 3362 1584 können. Die
441 1545 1754 1613 des Sohnes, scheint sich hier die Frau für das ihres Mannes zu
1747 1552 3056 1626 wurde. Freilich bleibt die ganze Bildergalerie noch immer von
3052 1566 3376 1638 ihre Lüderlich
439 1598 1752 1669 opfern. Wie der alte Hausdorfer ist der junge verliebte Leonhard
1751 1609 3064 1661 einer Beschaffenheit, daß eine umherziehende arme Wandertruvpe!
3052 1612 3376 1688 Intriguen anst
443 1646 1756 1711 empört, daß Pauline und ihr ganzes Schicksal für den Dichter
1752 1651 2270 1723 sich ihrer schämen müßte.
3054 1663 3346 1726 dichterisch zu
443 1691 1759 1762 „nichts anderes zu bedeuten hat als eine Gelegenheit, seinen Witz
1837 1674 3046 1774 Wenn das zweite Stück des Cyklus das wirkungsvollste ist,
3042 1708 3373 1780 almanach berli
445 1735 1755 1806 oder meinethalben sein Genie zu zeigen“ während Pauline selbst
1761 1731 3052 1814 so erscheint das dritte der Anlage nach als das bedeutendste.
3048 1759 3362 1833 lichen Seite h
447 1785 1757 1854 die Antwort findet: „Vielleicht hat mein ganzes Leben gar keinen
1748 1787 3051 1859 Allein es ist Schnitzler hier nicht geglückt, seine Gedanken voll¬
3047 1802 3364 1867 finden. Das
448 1840 1746 1889 anderen Sinn gehabt." Mit ebenso überraschender als genialer
1748 1845 3058 1917 kommen deutlich herauszuarbeiten. Der sein nahes Ende nicht
3052 1848 3351 1917 Gilbert ganz
442 1875 1755 1960 Wendung versetzt uns Schnitzler nun aus der zahmen Gegenwart
1743 1891 3052 1956 ahnende Schauspieler (Herr Marx), der die schwindenden Kräfte
3039 1887 3368 1961 an sich höchst
439 1923 1755 1999 in jene sturmbewegten Tage, in denen die Kunst ihre höchsten
1742 1935 3052 2007 eines Sterbenden gewissenlos anstrengt, um bei diesen „Letzten
3039 1942 3367 2017 ganz vortreffli
438 1965 1751 2035 Triumphe feierte. Der scharfe, realistische Zeichner seiner modernen
1740 1984 3057 2063 Masken“ Studien für seinen Beruf zu machen, ist zwar dem
3036 1992 3371 2071 schöngeistige u
439 2023 1744 2100 Umgebung hebt den bergenden Schleier# geheimnißvoll mystischen
1750 2032 3052 2086 Dichter so prächtig wie unserem vorzüglichen Darsteller gelungen.
3046 2037 3338 2102 Humor, daß
447 2063 1749 2137 Fragen. In einer Gemäldesammlung haben Pauline und
1747 2084 3046 2149 Allein bei der Gegenüberstellung der beiden ehemaligen Genossen,
3037 2084 3354 2153 Botz und Ma
437 2120 1746 2192 Leonhard sich getroffen, und hier wird Pauline vor dem
1752 2129 3051 2187 des in Armuth sterbenden Journalisten Rademacher (Herr Ziegel)
3046 2132 3363 2204 blos Fräulein
438 2166 1747 2235 Bilde eines unbekannten Meisters aus dem 16. Jahrhunderte
1749 2183 3058 2251 und des erfolggekrönten Dichters Weihgüst (Herr Botz), werden
3047 2177 3360 2251 Paola und de
432 2200 1748 2287 von der Macht der Rückerinnerung ergriffen. Wir aber erleben,
1745 2220 3050 2283 Schnitzler's Absichten nicht sofort verständlich. Wie Rademacher
3042 2225 3366 2293 abends ihre #
444 2258 1742 2327 was ihrem in Wiedergeburt zu ähnlichem Schicksal wieder bestimmten
1742 2269 3044 2328 im letzten Augenblick nicht seinen bösen Willen, den glücklichen
3051 2273 3356 2345 minder haben
444 2306 1746 2381 Seele beim Anblicke des Bildes der den Dolch schwingenden Frau
1751 2317 3050 2384 Nebenbuhler zu stürzen, zur That machen kann, so mag ihm stets
3046 2313 3363 2393 Ziegel, der
444 2357 1750 2410 aus ihrer früheren Dasein erinnerungsvoll auftaucht. Wir sehen
1749 2361 3051 2426 im Leben die nöthige Rücksichtslosigkeit gefehlt haben, durch die der
3043 2370 3353 2435 ausführte, sich
439 2399 1741 2465 des hochberühmten Meisters Remigio (Herr Ziegel) schöne Gattin
1740 2415 3049 2469 einst ihm gleichstehende Weihgast groß geworden ist. Konnte der
3052 2422 3358 2486 seinen verschie
439 2450 1751 2519 Paola, die in wilder Sinnenlust die Entfernung ihres Mannes
1749 2462 3055 2533 Gescheiterte wirklich nichts leisten oder sind die Handschriften in
3051 2466 3360 2527 kleinen Nebenr#
439 2496 1741 2559 nicht verträgt und sich für eine Nacht seinem kraftvollen Schüler
1749 2505 3051 2576 seinem Schreibtische Zeugnisse seines Talentes, Meisterwerke, wie
3053 2515 3155 2579 linge
432 2551 1752 2619 Lionardo hingiebt, aber nicht minder stolz als lustbegierig dem
1750 2539 3045 2623 der Sterbende meint? Jedenfalls hat die lebende Stunde, in der
3048 2564 3107 2619 ei
436 2587 1752 2668 zurückkehrenden geliebten Gatten die Schuld bekennt und zur
1749 2601 3058 2666 es bei ihm stand, den beneideten, glücklichen Mitbewerber zu ver¬
3028 2604 3105 2685 w
443 2639 1752 2705 Rettung des Gemahls selber das Werkzeug ihrer Lust, den drohen¬
1740 2656 3049 2706 nichten, ihm die Ueberzeugung gelehrt: „Nachwelt giebt's auch nur
431 2689 1751 2743 den Lionardo, ersticht. Remigio aber greift beim Anblicke der den
1748 2699 3046 2761 für die Lebendigen“. Was helfen ihm die Meisterwerke in seinem
439 2743 1745 2798 Dolch schwingenden Frau zum Pinsel; als Künstler will er den
1742 2742 3044 2814 Pulte, wenn er selbst nicht mehr zu den Leuten gehört, „die morgen
3048 2757 3113 2809 E
428 2774 1751 2869 ungeheuren Eindruck im Bilde für ewig festhalten, ehe er als
1746 2797 3041 2852 noch auf der Welt sein werden“? Die Wirkung der tief angelegten
3047 2802 3116 2862 F1
431 2820 988 2909 Mann die Schuldige tötet.
1751 2843 3038 2900 „Letzten Masken“ wird durch das allzu Peinliche dieser Spital¬
3033 2851 3135 2921 ant.
535 2870 1751 2942 Es gehörte keine geringe dichterische Kraft dazu, um dieses
1747 2892 3050 2953 scenen geschädigt. So discret Herr Ziegel auch die Krankheits¬
3255 2870 3360 2959 Regis
3040 2898 3236 2962 Operetten
444 2929 1746 2991 farbengreile Renaissancebild zugleich als Vision und mit realistisch
1745 2925 3047 3003 symptome des sterbenden Rademach# andeutete, so hilft doch keine
3045 2944 3345 3007 schweige denn
441 2984 1744 3039 packender Gewalt in die zwei modernen, epigrammatisch schließenden
1748 2979 3057 3046 Kunst dem Darsteller und der Regie ganz über das Quälende
3052 2990 3351 3059 dürfen uns jed
438 3023 1743 3089 Rahmenscenen derart einzufügen, daß die Zuschauer nicht blos in
1752 3030 3054 3099 hinweg. Es ist gut, daß Schnitzler seine Zuhörer nicht mit diesem
3045 3034 3365 3105 zum ersten M#
435 3064 1755 3126 athemloser Spannung dem Doppelvorgange, dem Ereigniß gewordenen
1757 3080 3048 3158 peinlichen Eindrucke entläßt, sondern der Tragödie das übermüthige,
3048 3084 3355 3157 im Lobetheater
444 3123 1749 3177 Stücke Seelenwanderung folgen, sondern das Doppelstück auch als
1744 3111 2334 3199 lustige Satyrspiel nachschickt.
3045 3138 3356 3196 diente und v
444 3162 1753 3227 einheitliches Kunstwerk empfinden. Mit feinem stilistischen Empfinden
1832 3150 3048 3249 Nicht um ernste Fragen der Kunst und Dichtung handelt es
3048 3183 3354 3249 holungen lohn
438 3201 1750 3273 hat Schnitzler den Vers zu Hülfe gerufen, und mit nicht minder
1754 3217 3050 3292 sich zwischen der schriftstellernden Frau Margarete (Frl. Illing)
3041 3233 3351 3290 daß unter den
434 3260 1747 3318 künstlerischem Feingefühl hat Fräulein Illing die wundersame
1749 3271 3048 3326 mit dem reichen Vorleben und dem gleich eitlen Schriftsteller
3046 3275 3342 3341 Plätze — wen
425 3304 1749 3375 Doppelgestalt verkörpert, so leidenschaftlich und großzügig, mit
1756 3318 3047 3373 Gilbert (Herr Botz), dem auseinander gegangenen und beinahe sich
3048 3320 3348 3406 haupt den erst
435 3360 1745 3422 geheimnißvollem Zauber und zwingender Wahrheit, daß für unsere
1739 3346 3055 3418 aufs neue vereinigenden Liebespaare. Richard Wagner soll einmal
437 3402 3048 3470 Bühne ein langanhaltender, großer Erfolg des Cyklus damit ent= gesagt haben, Gott hätte uns Musik und Poesie gegeben, der
423 3460 2351 3539 schieden war. Freilich hat unsere #eaterleit, die dem Dichter Teufel aber darane Cone
2518 3457 3114 3545 nund den Buchhandel ge=1
