3484 4224
1756 183 1856 246 US
211 179 1914 262 16. 1. Lehendige StundenZ#KL#
1232 2892 1627 3002 Telephon 12.801.
1222 2962 1290 3004 —
688 2998 1443 3183 „OBSERVER
536 3127 1631 3246 1. österr. beh. konz. Unternehmen für Zeitungs¬
742 3186 1424 3285 Ausschnitte und Bibliographie.
725 3234 1488 3348 Wien, I., Concordiaplatz 4.
941 3318 1272 3399 Vertretungen
545 3351 1651 3462 in Berli“, Brüssel, Budapest, Chicago, Cleveland, Christiania,
549 3393 1650 3499 Genk, Kopenhagen, London, Madrid, Mailand, Minneapolis,
554 3431 1663 3557 New-Vork, Paris, Rom, San Francisco, Stockholm, St. Peters¬
956 3499 1260 3557 burg, Toronto.
902 3531 1307 3598 Quelienangabe ohne Gesrähr.)
565 3605 968 3703 Ausschnitt aus:
772 3655 1714 3767 15 1. 181; BOHEMIA, PRAG
590 3735 725 3802 vom:
972 3836 1798 3972 Theater und Musik.
1722 3989 1779 4032 4
942 3980 1783 4077 Schnitzkers Lebendige Stunden“.
1051 4037 1692 4129 (Neues deutsches Theater.)
1908 177 2375 273 box 21/5
2395 673 2867 753 15. Jänner 1911.
2308 727 2416 779 —
2691 742 2877 789 ——
1929 768 2911 848 und Wachen, Wahrheit und Lüge ineinanderfließen
1917 816 2912 886 Mit größerer Energie als jemals durchforscht er hiet
1922 856 2909 945 das zentrale Rätiel der Kunst Als Illusion, Schleier
1928 893 2905 950 Spielball schwebt sie über der Wirklichkeit und trium
1923 937 2904 1018 phiert. Der erste Akt, dem der Gesamttitel entnommer
1918 974 2897 1055 ist, gibt das Thema. In einem von müdem herbst
1920 1018 2918 1086 lichem Duft erfüllten Garten begegnen sich der greise
1930 1061 2921 1145 Freund einer Toten, dem alles zerstört ist, und Heinrich,
1921 1103 2923 1184 ihr Sohn, ein junger Dichter. Richts geschieht, nur
1914 1143 2909 1227 ein Gespräch wird zwischen beiden geführt, worin der
1908 1194 2918 1276 Alte seinen großen Schmerz gegen den zeitlichen
1920 1244 2924 1305 Schmerz des Jünglings aufvietet. Denn dieser
1910 1263 2918 1348 Heinrich ist Künstler und wird vielleicht durch den
1918 1320 2915 1391 Tod der Mutter, die seit Jahren von Siechtum heim¬
1903 1372 2908 1434 gesucht war, die verlorene Produktionsfähigkeit zu¬
1917 1416 2914 1474 rückgewinnen. Um ihn zu befreien, hat die Mutter
1910 1442 2912 1518 sich geopfert. Er weiß es nicht, und soll es nicht
1902 1499 2908 1544 erfahren; aber dem Freunde hat sie in einem letzten
1916 1530 2906 1586 Brief das Geheimnis ihrer Liebe und ihres Sterbens
1911 1574 2898 1639 mitgeteilt. Da bricht im Verlauf des Gespräches
1895 1622 2909 1679 der eifernde Zorn des Alten los, er enthüllt dem
1907 1666 2902 1719 Jüngling die Wahrheit, und er schleudert ihm die
1904 1701 2895 1774 Anklage des erlebenden Menschen wider den, der
1894 1744 2910 1824 fremdes Leben belauscht und fordert, ins Gesicht:
1893 1783 2903 1862 „Was ist denn deine ganze Schreiberei, und wenn
1895 1835 2890 1886 du das größte Genie bist, was ist sie denn gegen so
1903 1882 2898 1949 eine Stunde, so eine lebendige Stunde, in der deine
1891 1927 2898 1991 Mutter hier auf dem Lehnstuhl gesessen ist und zu
1897 1960 2883 2019 uns geredet hat, oder auch geschwiegen — aber da
1890 1998 2882 2051 ist sie gewesen — dal und sie hot gelebt, gelebt!“
1890 2049 2886 2108 Doch der Jüngling findet eine Rechtfertigung. Leise
1896 2086 2887 2162 und stolz sagt er zu dem Trauernden: „Lebendige
1886 2134 2893 2201 Stuneen? Sie leben doch nicht länger als der letzte,
1882 2170 2898 2260 der sich ihrer erinnert. Es ist nicht der schlechteste
1883 2221 2886 2288 Beruf, solchen Stunden Dauer zu verleihen, über die
1886 2257 2160 2315 Zeit hinaus.“
1966 2278 2889 2375 Im zweiten Schauspiel, der „Frau mit
1874 2317 2896 2401 dem Dolche“ wird die Illusion aus einer
1880 2380 2883 2457 sanften, wehmutverklärten Herrscherin zur grausemen
1886 2434 2890 2500 Tyrannin. Nicht bloß, daß Paulas Gatten, dem
1878 2461 2875 2530 Dichter Gottfried, alle Ereignisse nur Stoff zur Dich¬
1872 2505 2882 2577 tung sind wie dem Maler Remigio der furchtbare
1870 2558 2880 2629 Mord nur Vorwand zum Gemälde: in betörendem
1874 2606 2884 2669 Schauer wird für Paula ihr heißestes Erlebnis, die
1865 2647 2887 2704 Liede zu Leonhard, ein Phantom, die schattonhafte
1875 2690 2861 2749 Abspiegelung eines früheren Begebnisses. Zusammen¬
1867 2722 2875 2777 hänge werden aufgeveckt, die der auf dem Sofa der
1880 2768 2875 2825 Gemäldegalerie Kauernden den Boden unter den
1877 2814 2867 2875 Füßen wegreißen und sie zur verbrecherischen Trä¬
1872 2862 2844 2915 gerin der Wiederkeyr des Gleichen machen Bof
1861 2895 2852 2963 dem Renaissancebild „Die Frau mit dem Dolche“
1864 2934 2874 2997 verabreden Paula und Leonhard eine Liebesnacht.
1860 2980 2870 3033 Und danu wird Paula in quälendem Traumgesicht
1873 3032 2864 3092 zu Paola, der Heldin des Bildes, Gottfried zu Re¬
1859 3069 2870 3132 migio, Leonhard zu Paolas Buhlen Lionardo, den
1868 3105 2869 3173 sie reuig verschmäht, und der dem zurückkehrenden
1858 3147 2861 3207 Remigio höhnend sagt, daß er ihn betrogen habe.
1866 3191 2859 3248 Um Remigio vor Lionardos Mordstahl zu bewahren,
1864 3245 2863 3292 stößt Paola diesem den Dolch ins Herz. Wild
1859 3281 2852 3342 überblickt Remigio den Saal. Er starrt sein Weib
1852 3327 2866 3389 an, und von der Inspiration ergriffen, banut er die
1857 3360 2846 3439 Szene auf die Leinwand. Da kommt die levende
1853 3397 2858 3472 Paula von heute wieder zu sich. Sie weiß, was
1862 3445 2848 3504 ihr bevorsteht, aber noch taumelnd verheißt sie Leon¬
1851 3488 2852 3569 hard die erbettelte Gunst. In dieser Tragödie mit
1844 3540 2694 3599 geschlossenen Augen sind ein Bühnentrick
2731 3545 2847 3602 die
1853 3585 2849 3650 blitzschnelle Verwandlung der Bühne —, ein Lebens¬
1857 3619 2843 3687 imysterium und etwas von dem Kolorit, der rau¬
1854 3656 2847 3739 schenden Musik und dem Blutounst des „Schleiers
1861 3711 2814 3764 der Beatrice“ seltsam und bennruhigend vereinigt.
1926 3764 2846 3825 Im dritten Stück, den „Letzten Masken“,
1856 3796 2846 3869 ist die Illusion aufs neue Siegerin; sie siegt, miß¬
1852 3835 2851 3902 handelt und geschändet. Im Allgemeinen Kranken¬
1852 3882 2845 3947 haus soll der Jouenalist Rademacher sterben, ein
1850 3928 2845 3996 Bankerotteur des Lebens, der aus Not ein Hand¬
1863 3980 2831 4037 werker des Geistes geworden ist, ein armer Schächer
1856 4015 2843 4079 in dessen Schreibtisch herrliche Entwärfe liegen. Er
1855 4059 2838 4116 erwartet den Besuch eines Jugendgefährten, eines
2535 4107 2633 4143 Rasen
1865 4099 2502 4144 berühmten Dichters, eines kalten
