3484 4224
-1 4074 95 4159 Ka#.
1220 157 1301 233 S t
385 155 2062 272 16. 1. Lebendige Munden - Zuklus
2196 167 2664 280 box 21/3
742 1500 1409 1730 Feuilleion.
1577 1600 3457 1765 Die Vielen, welche im Theater waren, haben noch niel'schen Dichters, der mitten in der Wie
1581 1671 3451 1814 so froh aufgeatmet, wie am nächsten Tage, nachdem lebt, erst durch die Berliner kennen e
816 1715 1295 1843 Wiener Brief.
1582 1707 3431 1854 sie die Kritik gelesen hatten. Im Theater war es rauschende Erfolg drr vier Einakter i
1588 1772 3452 1915 ihnen nämlich ganz unheimlich. Und doch besaßlsächlich als Demonstration für Schnitz
1332 1793 3452 1963 12. Mai.niemand den Mut, auszusprechen, was er logischer= die Bühnen, die sich nicht vorher seiner
584 1799 3160 1983 Es war jetzt eine furchtbar literarische Woche in weise deuken mußte. Man begnügte sich, zu lächeln versicherten, aufzufassen.
498 1847 2671 2043 den Wiener Theatern. Im wunderschönen Monat#und sein Urteil unter einem bedeutungsvollen und
495 1927 2466 2056 Mai, wenn alle Knospen springen, wird man ge=doch nichtssagenden „Soso!“ zu verbergen.
2718 1967 3447 2053 Mit dem Burgtheater, wo Arth
505 1969 1611 2084 wöhnlich in den Wiener Theatern literarisch. Es er¬
2634 1997 3452 2102 heimatsberechtigt ist, hat er sich zersch
1641 2030 3449 2152 Dann sprachen einige Kritiker am nächsten Tage Schlenther lehnte vor zwei Jahren nach
496 2025 3459 2142 wacht bei den Direktoren das Bewußtsein daß sie das große Wort aus, mit dem sie das Urteil aller lichem Zögern ein Stück Schnitzlers ab
501 2074 2660 2216 nicht nur für die leichten Reizungen des Tages zu Premièrenbesucher überzeugend verdolmetschten. Sie
2722 2164 3453 2245 Es wurde gegen den Burgtheaterd
490 2121 3444 2248 sorgen haben. Dieses Bewußtsein erwacht in der sagten: „Wir haben das Stück nicht verstanden!“ striert, als Schnitzler jetzt bejubelt wur
488 2166 3445 2343 Regel im Frühjahr, wenn der Direktor kein Zugstück Jetzt wußte der strenge literarische Areopag, woran auch ein bischen gegen das Deutsche
492 2211 3434 2386 hal, oder wenn seine Stars auf Urlaub gehen. Manser Tags zuvor war. Ibsen, der ja seither dem Ver=Iwelches sich nicht nach der Berliner Au
489 2262 3433 2456 preist dann die Direktoren, welche sich der Kunst ständnis der Menge wesentliche Konzessionen gemacht den Schnitzler'schen Einakterzyklus mühr
473 2354 783 2440 nicht hinein.
474 2317 3406 2486 gegenüber ihrer Pflicht erinnert haben. Und man gehtthat, deutet in dunkler Symbolik den Gang des schen Volkstheater wurden vermutlich
1543 2401 3445 2534 Menschenlebens an. Das habe ich mir wenigstens aus nüchterner beurteilt, als jetzt von dem de
599 2408 3436 2530 So hat das Deutsche Volkstheater Björnson's der Vorstellung herauskonstruiert. Andere haben an= lustigen Premièrenpublikum Von den v
474 2444 3427 2634 „Ueber unsere Kraft“ erster und zweiter Teil mit deres herausgefunden. Es war die erste Aufführung welche die Brünner ja schon kennenz st
472 2511 3437 2675 ganz erheblichen Kosten inszeuiert, ohne damit mehr dieses Wertes in deutscher Sprache. Sie wird kaum schwach. Erst der vierte rechtfertigt den
465 2554 3427 2673 als seine literarische Rechnung zu finden. Damit zu weiteren Aufführungen in anderen Städten an=ebenso geistvolle wie liebenswürdige
473 2601 1713 2702 kann man keine Pachtquote von 100.000 Kronenf regen.
465 2660 1565 2760 zahlen, damit bringt man kein Tagesbudget von 2800
456 2693 758 2776 Kronen auf.
2594 2672 3448 2806 modernen Gesellschaft, die auch von des
1618 2671 3095 2814 Das Berliner Deutsche Theater spielt jetzt hier patent gespielt wurde.
1540 2730 2622 2840 mit seinen ersten Kräften und bietet einen Novitäten¬
2688 2780 3424 2872 Den großen Trumpf haben die B
558 2746 3396 2858 Hochliterarisch war das Deutsche Volkstheater abend um den anderen. Das Ensemble begann mit gespielt mit dem Drama „Hoffnung“ d
456 2766 3442 2917 jetzt mit der Erstaufführung von Ibsen's „Peers einem Einakterzyklus „Lebendige Stunden“ von Arthur [Heyermanns, das im Brünner Stadtth
448 2837 3451 3028 Gynt“. Die Besten der verschiedenen Wiener TheatersSchnitzler. Es hatte einen pikanten Beigeschmack, aufgeführt wurde. Es ist das, glaube ich
454 2878 3451 3078 taten mit. Die Vorstellung dauerte volle vier Stunden, daß man die jüngsten Bühnenarbeiten dieses wieneri= große Novität, die sie heuer für Wien
551 2934 652 3019 □X
1286 2984 2868 3141 Die heutige Nummer enthält drei und einen halben Bogen.
