3484 4192
314 99 1981 227 16. 1. Lebendige Stunden zuklus
2153 103 2548 214 box 21/3
515 1373 3404 1491 mender Sarg“. Der alte Schiffsbauer Simon weiß ihre Gestalten psychologisch sein zu entwickeln und den Sterbett der Mutter veranstaltet. Er se
515 1445 3390 1478 es und warnt; aber er ist ein Säufer, schwatzt durch=! Zuschauer zur geistigen Mitarbeit zu veranlassen. Und! Bettende, schlingt ein Seil um eine
513 1478 1583 1549 einander, man hört ihm kaum zu. „Wir sind alle in
1574 1492 2520 1582 trotzdem ist „Die Hoffnung“ kein Theaterstück.
2615 1506 3396 1572 Stuhl, der das flinke Roß Grame vorst
515 1513 1582 1600 Gottes Hand!“ mein sentenziös der Reeder, dessen
2613 1550 3384 1629 Petrus, preist sein Mütterchen und läßt
1618 1550 2618 1633 So wenig wie „Peer Gynt“, das dramatische
509 1565 1566 1647 Schiff richtig versichert ist, „man darf nicht viel da¬
2612 1604 3394 1681 Herrn reden, der ihr Einlaß gewährt.
1575 1605 2621 1682 Gedicht von Ibsen, das der so rührige „Akademische
512 1621 1572 1698 rüber nachdenken, sonst ginge die ganze Fischerei flö¬
2607 1651 3400 1740 haucht die alte Mutter Aase ihren letzten
1572 1650 2618 1735 Verein für Kunst und Litteratur“ jüngst zum ersten
505 1666 1576 1746 #ten“ Und außer dem jungen Barend denkt auch ki¬
2610 1702 3385 1778 Er treibt sich in allen Teilen der Welt
1573 1701 2612 1785 Male in deutscher Sprache zur Aufführung brachte.
518 1729 1574 1790 ner darüber nach. Furchtbar ist die Szene, wie der
2612 1748 3398 1816 in Kairo in einem Irrenhause der groß
1567 1742 2612 1835 Ibsen selbst dachte nicht daran, es auf die Bühne zu
513 1774 3394 1874 baumlange junge Mensch, der sich auf Zureden seiner bringen, er begann es als Epos und gestaltete es erst ine Angesicht, er gewinnt Weiber, Mach
523 1814 3390 1915 Mutter doch dem Reeder verpflichtet hat, von Angst später zum dramatischen Gedicht. „Peer Gynt“ ist aber er vermag nichts festzuhalten. E
518 1878 2616 1978 gepeinigt dagegen wehrt, an Bord zu gehen. Die einer Volkssage entnommen und Ibsen gedachte seinem
2614 1903 3392 1967 als alter Mann, müde, euttäuscht und i
516 1922 1576 1977 Mutter wird zornig. „Vorwärts“, ruft sie, „oder ich
1561 1931 2617 2023 Volke einen Spiegel vorzuhalten, ihm zu zeigen, es sei
2604 1948 3401 2040 Wälder seiner Kindheit zurück. Da ko
516 1958 1576 2035 schlage Dir ins Gesicht! ... Gott, was strafst Du mich
1562 1990 2615 2070 selbst Peer Gynt, der Lügner, der seine eigenen Lügen
2606 1994 3384 2070 Tod, der große Knopfgießer, der ihn
512 2006 3387 2122 an meinen Kindern — meine Kinder bringen mich an für Wahrheit hält, der Phanta; der in zerlumpten Material umformen will und zu den Fü
506 2070 1548 2124 den Bettelstab — ich hab' Vorschuß genommen —
1556 2091 3386 2169 Kleidern am Boden liegend von Kaiserkronen, Macht Solreig, die ihn all die Jahre her stand
508 2105 2616 2222 und die Polizei ist benachrichtigt — und ich darf nicht und Glanz träumt. Ein starker dichterischer Zug lebt!
2605 2132 3387 2216 hat, erkennt er, daß seines Lebens best
504 2161 1567 2234 mehr reine machen geh'n bei Mynheer Boos — und
1564 2184 2606 2265 in der Seele dieses nichtsnutzigen Bauernsohnes, der
2606 2189 3392 2275 diesem Herzen gewesen, daß er sein Da
571 2216 1577 2289 — und — dann sollen sie Dich nur holen — besser
1556 2237 2609 2311 sein Leben vergendet, dessen Fantasie aber durch Volks¬
2610 2239 3399 2315 hat. Mit dieser Erkenntnis kommt seine#
504 2254 1028 2332 geholt als weggelaufen!“
1073 2255 1569 2331 Immer und immer die
1558 2280 2614 2369 lieder und Märchen erhitzt ist. Wenn er sich tagelang
2612 2283 3369 2368 „Das ewig Weibliche zieht ihn hinan.“
505 2320 1569 2378 Tonart der Sklaverei! Und die Gendarmen kommen
1560 2329 2609 2412 im Wald und zwischen einsamen Bergen müssig herum¬
2609 2341 3391 2408 Aamkeit erkennt man viele St#
505 2340 1558 2428 und er klammert sich an den Thürpfosten und schreit:
1560 2375 2602 2452 treibt, belebt er die Gegend mit den Gestalten der
2603 2385 3392 2459 Peer Gynts in den späteren Gestch
526 2410 1546 2471 „Schneidet mir die Hände ab! . . . o Gott, o Gott!“
1556 2428 2612 2498 Volkspoesie. Wo die Ueberlieferung nicht ausreicht,
2603 2431 3392 2510 Hjalmar Ekdal, der schwachmütige P#
506 2446 2599 2556 Und die Mutter faßt ihn an den Händen, macht ihn dort thut die Einbildungskraft das übrige, und was er
2599 2477 3384 2560 Gebriel Borkmann, der phantastisch
519 2494 1571 2571 los und vie Gendarmen schleppen ihn auf's Schiff.
1549 2517 2609 2603 sehnsuchtsvoll erträumt, erzählt er lügenhaft, wie die
2598 2532 3366 2613 ja selbst der Bildhauer Rubek z
518 2550 2600 2646 — Und nun ist die „Hoffnung“ draußen. Der nächste Leute sagen. Freilich stammt er nach echter Ibsenart
2593 2563 3336 2648 kennbare Familienähnlichkeit mit
516 2601 1565 2673 Akt hat gar keine Handlung. Die Weiber und Mäd¬
1558 2620 2607 2695 von sonderbaren Eltern; der Vater ein Säufer und
2599 2624 3384 2694 Befremdlich sind uns die Gestalten der
508 2657 2603 2748 chen sitzen in einer Sturmnacht beisammen und sprechen Verschwender, die Mutter, die den Sohn schilt und
2600 2670 3392 2747 genwelt, der Doore=Alte, der große Krun#
502 2688 2607 2797 von ihrer Angst und von ihrer Zuversicht, sie fürch= schlägt, damit er nicht werde wie der Vater, und doch
2598 2727 3377 2788 Frau. Die Darstellung war teilweis
509 2752 2595 2850 ten und hoffen. Aber die Szene ist von so starker hingerissen wird von der Fantasie ihres Peer, die wü¬
2600 2771 3382 2841 Wiecke, ein junger, behender Schauspiel
502 2799 2596 2896 Wirkung, daß man von der Stimmung förmlich über= tend ist, wenn sie bemerkt, daß er sie getäuscht und be¬
2601 2820 3372 2895 den, hatte als junger Peer Gynt viele
517 2845 2593 2943 flutet wird. Und in der Nacht ist die „Hoffnung“, logen und doch entzückt, ist über seinen Gedanken¬
2599 2866 3385 2939 Momente, seine frische Erscheinung um
502 2899 3373 2981 versunken und Mutter, Weiber und Kinder bleiben; schwung. Peer ist entschieden eine Dichternatur, er Tempo waren von angenehmer Wirkun
504 2948 3386 3040 verwaist zurück, Opfer der Sklaverei des Berufes ihrer langt mit allen Sinnen nach dem Glanz der Welt, er man aber zu der läppischen Geschmackl
506 2995 1562 3070 Ernährer. Die Technik des Stückes ist bewunderns¬
1548 3004 3367 3079 glaubt an sich, jeder neue Einfall ist ihm ein Genuß, daß der kluge Hofschauspieler Josef
501 3036 1558 3115 wert. Alles so furchtbar einfach, so grausam selbstver¬
1554 3059 2606 3121 der ihn zu neuen flüchtigen, aber heiß empfundenen
2599 3057 3378 3125 Doore=Alten, einen phantastischen Trollf
516 3095 1558 3159 ständlich, ohne Versuch, Effekt zu machen, und zwingt
2595 3097 3381 3194 lebensähnlichen Maske Ibsens darstel
1561 3109 2596 3189 Freuden lockt. Er ist bei all seiner Begabung ein
509 3137 2592 3236 uns doch in den Bann, in unserer Seele, in unserem Grübler, ihn lockt nicht Erkenntnis, nicht Weisheit,
2595 3163 3352 3253 merkwürdige Ausstattungsstück wirkte
508 3191 2598 3279 Mitleid all das Traurige, Tra#l## mit durchzuleben, aber die geheimnisvolle Seite der Natur ist ihm ver¬
2597 3208 2770 3282 stoßend.
506 3227 2603 3319 Die Darstellung paßte sich genau dem Stücke an. Die traut. Immer schwingt er sich auf den Flügeln der
506 3282 2593 3387 Künstler leisteten Unglaubliches an Realismus. FrauFantasie in die Lüfte. Ein entzückender, tragischer Höhe¬
507 3333 2627 3443 Lehmann und Max Reinhard besonders verstehen es, punkt ist die merkwürdige Himmelfahrt, die er am
