3484 4320
2163 197 2608 287 box 21/2
354 201 2015 297 16.1. Lebendige Stunden Zuklus
1836 1061 2063 1133 —. —
2450 1055 2571 1160 #00
1185 1131 2581 1227 Journalist fühlt den Tod nahen und hat mit Menschen, die morgen noch leben
1189 1203 2571 1264 müssen, nichts mehr gemein; und: „Nachwelt giebts auch nur für die Lebendigen“.
1182 1258 2572 1318 Des Schauspielers Rath war gut. Es genügt, wenn man die Grobheiten,
1194 1307 2571 1392 die man auf dem Herzen hat, „innerlich sagt". Rademacher braucht nichts mehr,
1182 1373 2582 1442 keinen Freund, keinen Neid, kein Licht; ein paar Bretter nur noch. Und Florian
1193 1434 2575 1488 kann an ihm das Sterben studiren. Die lebendige Stunde, nach der er sich
1195 1481 2568 1546 sehnte, in der er den Willen endlich zur That rüsten wollte, hat dem Zeitungschreiber
1183 1544 2560 1614 nicht getagt. Einmal hat er sich aufgerafft, offen die Wahrheit zu sagen; was
1189 1601 2567 1662 in Fieberträumen als Züchtigung eines Wichtes, als ein gewaltiges Straf¬
1181 1655 2571 1711 gericht gedacht war, wurde eine Theaterprobe im Spital. Rademachers Schicksal
1181 1725 2382 1781 war, bis an den Rand des Grabes sich prostituiren zu müssen.
1302 1758 2571 1854 Nicht Jeder empfindet die Prostitution als Passion. Manon Lescaut
1181 1827 2573 1877 läßt sich vom Eintagsliebsten gern Spitzen, Kleider und Halsketten bezahlen
1182 1877 2572 1963 und würde, lebte sie unter uns, aus ihren Abenteuern mindestens zwanzig
1180 1937 2574 2000 Bände machen. An solchen Exhibitionistinnen ist heutzutage kein Mangel.
1191 2001 2573 2064 Das Genie der Sand stilisirte noch Lust und Leid wechselnder Liebe und
1191 2047 2573 2130 ließ ein feines Ohr höchstens ahnen, wo aus dem Kunstgebild persönliches Erleben
1188 2110 2576 2170 sprach. Darüber sind wir längst hinaus. Rüstige Fräulein stellen die Niederlagen
1181 2171 2577 2236 ihrer Jungferntugend unverhüllt zur Schau, lassen sich, wenn ihrem Schoß ein
1188 2232 2572 2289 „natürliches“ Kindentbunden ward, im Plüngel als moderne Madonnen anbeten,
1187 2276 2569 2347 verhökern die blutigen Bahrtücher ihrer Magdschaft und schleppen, as sie
1190 2333 2574 2404 gestern in schwüler Stunde erlebten, übermorgen schon auf den Büchermarkt.
1191 2397 2567 2464 Eine von Vielen zeigt uns Herr Schnitzler in dem allerliebst frechen Schwank
1192 2453 2566 2517 „Literatur". Frau Margarethe ist ihrem Mann, einem Baumwollfabrikanten,
1187 2499 2559 2579 entlaufen, weil sie von ihm in jedem Sinn, physisch und metaphysisch, un¬
1182 2563 2574 2633 befriedigt war. Zum ersten Tröster kürt sie einen Tenoristen. Von Wien
1179 2615 2572 2694 kommt sie auf dem Venuswagen nach München, geräth unter Literaturzigenner
1191 2687 2565 2750 und leimt ihr beflecktes Leben mit dem eines feisten Empörers zusammen,
1179 2729 2569 2792 der lyrische Gedichte und Slizzen schreibt und bei schwarzem Kaffee der
1196 2784 2564 2853 Menschheit einen neuen Morgen verheißt. Als sie eine Weile mit dem Lümmel
1188 2842 2562 2914 gehaust hat, merkt sie, daß Dichten nicht so schwer sein kann, wie sie früher
1182 2916 2572 2972 dachte. Sie versuchts: und es geht. Viel Erotik, möglichst eindeutig, freie
1187 2950 2561 3010 Rhythmen: Das lernt Jeder und erst recht Jede schnell leisten. Die Briefe an den
1176 3023 2558 3088 Liebsten werden abgeschrieben, seine Worte, das Stammeln seiner erwachten und
1177 3061 2575 3141 ermattenden Gier sorgsam notirt. Gegen unwillkommene Kinder kann man sich
1184 3138 2574 3201 mit dem Komfort der Neuzeit schützen; die poetischen Wehen, die auf jede heiße
1180 3194 2574 3251 Nacht folgen, sind ehrenvoller und bringen Gewinn. Sexualbeichten einer Dame
1177 3231 2569 3315 verkaufen sich immer gut. Ewig aber mag ein hübsches Judäerkind doch nicht
1192 3291 2559 3355 in einem Dachstübchen an der Isar don Launen eines Geniesimulanten leben.
1180 3353 2565 3437 Ein wiener Sportsman befreit die Langende aus der Enge. Feines Verhältniß.
