3484 4320
2109 189 2559 284 box 21/3
302 203 1939 301 16.1. Lebendige Stunden zuklus
1458 483 1899 573 Telephon 12801.
1072 574 2293 668 Alex. Welgl’s Unternehmen für Zeitungs-Ausschnitte
2085 639 2293 708 Ausschnitt
990 680 1160 760 10
1300 650 2003 794 „OBSERYER“
2117 697 2339 789 Nr. 9
961 788 2399 855 I. österr. behördl. conc. Bureau für Zeitungsberichte u. Personalnachrichten
1182 836 2210 920 Wien, IX/1, Türkenstrasse 17.
1375 904 2009 985 Filiale in Budapest: „Figyelö“-
963 965 2405 1042 Vertretungen in Berlin, Chicago, Genf, London, Newyork, Paris, Rom, Stockholm.
962 1103 1489 1188 Ausschnitt aus:
1500 1143 2203 1242 Pester Lloye
976 1255 1458 1354 o 2 7902
1165 1522 2299 1607 „ustspieltheater. Zweiter Abend des Berliner Deutschen
1058 1606 2298 1664 Theäker=Ensembles: „Lebendige Stunden“ von Arthur
1062 1627 2302 1707 Schnitzler. Wieder ein Erfolg, der die richtige Progression
1076 1685 2288 1750 zeigte. Es wäre förmlich von schlimmer Vorbedeutung gewesen, hätte
1075 1722 2297 1795 der Beifall nach dem ersten Stücke der kleinen Tetralogie zu hoch
1079 1782 2281 1838 eingesetzt. Einen starken ersten Akt schreiben und dann sachte abfallen.
1073 1813 2303 1893 das treffen auch unsere Antoren. Schnitzler macht das praktischer. Er
1082 1882 2296 1934 war nicht vergeblich Arzt und verabreicht die starken und stärkeren¬
1068 1919 2301 1998 Dosen versichtig. Die eigentlichen „Lebendigen Stunden“ sind nicht
1088 1969 2306 2029 mehr als eine treffende Diagnose. Ruhige, beinahe kühle Feststellung
966 2001 1066 2084 Für
1076 2018 2377 2103 des Seelenzustandes, den ein und dasselbe Unglück bei verschiedenartig wv#
996 2070 1041 2120 „
1071 2071 2354 2134 veranlagten Naturen bewirkt. Der Normalmensch und die Künstler .
1004 2116 1047 2153 n
1071 2118 2382 2201 natur schöpfen aus einem und demselben Vorgange ganz in
1077 2177 2309 2241 heterogene Eindrücke. Der Dichter, dem die Mutter gestorben ist,
1067 2244 2412 2294 röstet sich, wenn er in freiem Schaffen Vergessen finden darf, das
2284 2268 2408 2320 den
965 2247 2296 2340 Abon eichter, als der alte Freund, dessen Herzen die Verblichene
970 2303 1093 2363 Abon
1073 2328 2293 2395 gahe gestanden und der für sein Weh kein anderes Ausdrucksmittel
1068 2365 2405 2431 als die Todtenklage findet. Den Normalmenschen dünkt der anders s die
969 2406 2395 2472 Inha besaitete Künstler unmenschlich, empörend; er versteht ihn einfach gen¬
962 2466 2408 2534 blätzicht, kann und wird ihn auch kaum je verstehen. Dieser Gegensatz ung")
2264 2506 2409 2561 tliche
965 2511 2401 2598 wodurst in dem ersten Stücke des Cyklus sehr geistreich aufgestellt, ist auch Ait¬
972 2542 1118 2591 Leben“
965 2582 2280 2631 theilussychisch unbestreitbar, aber im Publikum, dessen überwiegende
1073 2630 2298 2679 Mehrheit aus Normalmenschen besteht, darf die These auf allzu
1066 2657 2295 2730 träftigen Widerhall nicht zählen. Die Schaffenden im Zuschauer¬
1066 2716 2294 2789 caume fühlen, wissen, daß der Dichter eine unumstößliche Wahrheit
1055 2762 2302 2820 vor uns hinstellt, die Form, in der er es thut, ist untadelig, nobel,
1067 2806 2279 2875 oielleicht gar zu gut gekleidet; aber die Meisten im Saale
1060 2873 2294 2918 glauben nicht recht an sie, denn moderne Wahrheiten erscheinen
1067 2907 2295 2973 sonst nackt und handgreiflich auf dem Theater. Die Schnitzler'sche ist
1062 2972 2288 3026 nicht zum Greisen. Ludwig Hevesi hat in diesen Blättern vor genau
1058 3004 2288 3079 oier Wochen in einem Feuilleton — auch eine lebendige halbe
1062 3055 2288 3121 Stunde — über die Wiener Novität der Berliner Künstler ein¬
1053 3119 2291 3172 gehend gesprochen und uns nur karge Nachlese übrig gelassen. Das
1050 3142 2287 3217 erste Stück konnte auch hier keine andere Wirkung haben als in
1063 3205 2284 3266 Wien, aber es wäre Unrecht, zu behaupten, daß die erste der
1067 3245 2281 3310 „Lebendigen Stunden“ auf die Fortsetzung nicht neugierig gemacht
1052 3290 2288 3357 habe. Und die Fortsetzung war gut, besser, am besten. „Die Frau
1061 3345 2280 3412 mit dem Dolche“ erschien dem Publikum wie ein Capriccio, das es
1059 3411 2281 3468 ja auch ist; ein bischen verschwommen, ein bischen gesucht, aber
1060 3442 2274 3503 fein gezeichnet, die Schöpfung einer Künsilerlaune, die vom
1058 3494 2276 3542 Landläusigen um keinen Preis der Welt etwas wissen,
1061 3536 2285 3609 mag. Das Spiel mit Wirklichkeit und Vision ist exzentrisch, verstiegenf
1049 3588 2291 3636 aber der Geist eines Dichters schwebt darüber und verweist uns an¬
1062 3637 2306 3702 die unerforschlichen Geheimnisse der Frauenseele. Wer dem Psychot¬
1050 3689 2287 3744 logen, der die Lösung eines solchen Geheimnisses versucht, glaubt, hat
1053 3730 2301 3795 den Genuß davon; wer ihm nicht folgen kann, dem bleibt immerhin
1054 3770 2290 3840 noch die Frende an szenischen Bildern und reizvollen Bersen.
1052 3838 2297 3895 Das Publikum fand an dem originellen Blendwerk
1060 3878 2283 3943 Gefallen und rief den anwesenden Dichter ein halb
1060 3926 2286 3982 Dutzend Male, mit ihm Frl. Irene Triesch; auch eine
1052 3972 2288 4046 Neue, deren Bekanntschaft als angenehm und werthvoll gelten durfte.
1049 4017 2287 4098 Sie war die visionäre Dame, die in zehn Minuten ein halbes Jahr¬
1051 4061 2284 4135 taufend wegzueslamotiren hat und sie machte dieses Hexenstück —
2118 4118 2313 4177 parat —.
1601 4129 1655 4179 LIf
