3436 4256
1289 204 1342 262 I1
306 182 2093 290 16.1. Lebendige Stunden zyklus
2115 204 2584 294 box 21/2
1686 1073 2121 1144 Telefon 12801.
1213 1143 2579 1266 Alex. Weigl’s Unternehmen für Zeitungs-Ausschnitte
2228 1245 2429 1308 Ausschnitt
2479 1275 2557 1339 4
1559 1241 2195 1387 „OBSERVER“
2484 1326 2531 1385 7
2265 1295 2479 1395 Nr. 7
1140 1371 2625 1476 I. österr. behördl. conc. Bureau für Zeitungsberichte u. Personalnachrichten
1338 1428 2457 1562 Wien, IX, Türkenstrasse 17.
1548 1510 2228 1623 Filiale in Budapest: „Figyeló“ —
1146 1596 2610 1706 Vertretungen in Berlin, Chicage, Genf, London, Newyork, Paris, Rom, Stockholm.
1138 1693 1679 1802 Ausschnitt aus:
1810 1780 2543 1946 Die Woche, Berlin.
1128 1843 1374 1931 vom
1397 1906 1638 1994 120—
2366 2203 2439 2269 m
1313 2196 2439 2317 „Deutschen Theater“ in Berlin ist am 4. Januar zum-Esenmal
1307 2266 2428 2355 ein Einakterepklus „Lebendige Stunden“ (Abh.=S. 47) von
1292 2304 2433 2393 Arthur Schnitzler (Abb. S. 54) aufgeführtworden, dessen
1303 2347 2425 2442 kritische Würdigung unsere Leser in der „Theaterwoche“
1294 2385 2435 2490 finden. Was immer die litterarischen Kunstrichter im
1293 2431 2434 2526 einzelnen an seinen Werken auszusetzen haben mögen,
1294 2470 2425 2570 seine künstlerische Potenz findet auf allen Seiten An¬
1287 2524 2425 2622 erkennung; der Erfolg ist ihm günstig, und seinen Stücken
1296 2571 2430 2660 wird gerade an den besten und vornehnsten Theatern Gast¬
1284 2615 2415 2714 recht gewährt. Arthur Schnitzler, der am 15. Mai 1862 ge¬
1144 2649 1286 2734 Für
1291 2653 2422 2752 boren wurde, ist seines Zeichens Arzt, seinen Namen aber
1286 2697 1924 2792 hat er sich als Dichter gemacht.)
1238 2711 1333 2764 10#
2016 2725 2540 2811 ded. Dre-uns lelusive
2100 2765 2166 2804 „
1226 2761 1338 2805 200
2356 2776 2513 2823 Porto.
2162 2780 2308 2836 50.—
2113 2802 2173 2849 „
1221 2799 1340 2841 500
2328 2813 2521 2864 Zahlbar
1937 2831 2004 2884 „
2142 2829 2291 2881 110.—
1168 2836 1338 2901 „ 1000
2095 2847 2553 2935 „ 200.—] im Voraus.
1231 2901 2579 2989 Im Gegensatze zu anderen Bureaux für Zeitungsausschnitte ist das
1118 2932 2570 3035 Abonneinent durch keine bestimmte Zeitdauer begrenzt; — auch steht es den
1110 2963 2416 3061 Abonnenten frei die aufgegebenen Themen zu ergänzen oder zu ändern.
1222 3059 2574 3157 Der „OBSERVER“ veranstaltet täglich einen Auszug enthaltend die
1111 3082 2574 3190 Inhaltsangabe aller wichtigen Mittheilungen der Wiener Morgen¬
1106 3151 2571 3234 blätter (Tagesjournale ausser „Neue Freie Presse“ und Wiener Zeitung“)
1108 3191 2562 3280 wodurch eine Uebersicht über das gesammte politische und wirthschaftliche Leben
1111 3220 2570 3308 des In- und Auslandes in drastischer Kürze geboten wird. Diese Mittheilungen
1103 3258 1914 3338 werden in Wien um 9 Uhr Früh verschickt.
1406 3341 2246 3431 Prospecte gratis und franco.
