3484 4256
346 140 2018 263 16.1. Lebendige Stunden Zyklus
2148 158 2598 266 box 21/2
711 1046 1791 1220 — Pilnle in Buduprst: „Fieren-
318 1086 1823 1255 Wen ie edie ilage, dint Knien Serpent, Pant, den Selten.
307 1215 1667 1384 Ausschnitt aus: 4# # Mm##er
310 1345 510 1445 vom
512 1387 891 1573 ##t vor¬
3093 1785 3172 1874 1
1518 1854 3382 1913 an dem Einalter Der grüne Katadn, an Freiwild, an Paracelsus Schaffen und Genießen — aber v
607 1843 1295 1938 Berliner Theaterbrief.
1526 1907 3376 1956 mit seiner Darlegung des Suggestionsproblems, an Liebelei, an Thema ausgeführt, das Problem
388 1881 1542 1981 7 Berlin, 5. Januar. Der Sonnabend und der Sonntag
2703 1947 3385 1999 einem Renaissance=Gemälde in der
1532 1946 2714 2005 die Novelle Sterben. Es ist kein Zufall, daß unter unseren
361 1932 1540 2029 brachteguns je eine Neuheit von litterarischem Werthe: die
2704 1992 3386 2055 Frau mit einem Dolche darstellt, erle
1544 1994 2700 2048 Dramendichtern keiner so viel Einakter geschrieben hat, wie er,
358 1986 1549 2060 Einaktkr=Reihe Lebendige Stunden von Arthur Schnitzler,
2706 2031 3381 2090 ihrem Anbeter dort zusammentrifft,
1539 2035 2706 2091 dessen scharf analysirender, tnapper, zu schneller Entwickelung
368 2037 1536 2112 das am Sonnabend dem Deutschen Theaier einen starken
362 2083 3382 2160 und unbestrittenen Erfolg brachte, ist im Jahre 1901 geschrieben; drängender Stil hier eine zusagende Form findet. Schnitzler vollen Traumzustande, die Geschich
2693 2110 3361 2178 Scene aus der Renaissancezeit, in
359 2122 2720 2222 1 am Sonntag folgte die Uraufführung eines Stückes, das schon versteht meisterhaft, einen packenden Dialog zu schreiben. Er ist
2705 2167 3380 2219 dem sie sich in einem Augenblick erch
293 2146 386 2233 Für
364 2173 2717 2245 über 66 Jahre gedruckt vorliegt,— Dantons Tod von Georg voll Witz und Schlagfertigkeit. Man langweilt sich nie bei ihm,
370 2246 3372 2276 Büchner. Der kritische Arespag, der über die Frage der Auf= aber — man wird auch nur selten warm, weil er selten ganz hat, erdolcht, als er ihrem heimgekeh
369 2263 3371 2328 führbarkeit dieses in letzter Zeit so vielberufenen Stückes zu unmittelbar, nur rein aus künstlerischem Gestaltungsdrange schafft. droht. Der Fall ist psychologisch zu
3321 2303 3378 2352 tu
1601 2301 3328 2354 Seltsamerweise ist es gerade das Problem der künstlerischen genau wiederzugeben; die Andeu
368 2291 1562 2379 Gericht saß, war das Publikum der Neuen Freien Volks¬
372 2350 3359 2417 bühne, die Stätte der Aufführung das Belle=Alliance= Gestaltung eines Seelen=Erlebnisses, das er, im Gegensatz zu selbe geheimnißvolle Zusammenhang
2698 2370 3377 2449 dem Bilde, das ihr so ähnlich sieht,
389 2376 2713 2460 [Theater, wo vor mehreren Jahren ein ähnliches Wagniß, die dem Empfinden der — sagen wir einmal der Alltagsmenschen,
240 2408 401 2478 Abonn
2701 2413 3365 2489 tasie erleben läßt, wird sie nun
379 2430 2717 2509 Aufführung von Grabbes Napoleon, unternommen war; das in seinen vier Einattern erörtert. Ganz einer Erörterung eines
238 2458 401 2539 Abonn
2700 2478 3364 2535 gehen, wie vor Jahrhunderten ihr
372 2471 2717 2546 Darstellerpersonal, das den litterarhistorisch bedeutungsvollen Akt philosophischen Themas gleicht zumal das erste Stück, „Leben¬
2695 2517 3381 2577 stand ihr klar die Gefahren zeigt, tr#
364 2516 2714 2606 vollzog, war aus allen möglichen Windrichtungen zusammengeweht. dige Stunden“, das der ganzen Reihe den Namen gegeben
2708 2558 3379 2623 und sich über die Empfindungen
235 2564 2711 2633 Inhalt, Freilich ließ dieser erste Versuch einer Aufführung kein unbedingt hat. Da sehen wir die verschiedene Wirkung, die der Tod eines
2705 2590 3380 2659 einflößt, keiner Täuschung hingieb
238 2610 2714 2671 blüttendgiltiges Urtheil zu, denn weder die Inscenirung, noch das geliebten Wesens auf zwei Menschen übt: auf einen Künstler, der
2705 2647 3372 2703 Novelle dieser „Fall“ uns menschlich
231 2658 2715 2716 wodurch Publikum, noch die Mitwirkenden waren von dem Range, mit aller Macht sucht, über den kräfteverzehrenden unfruchtbaren
2702 2694 3369 2742 den beschränkten Mitteln der drama
383 2683 2714 2774 wie sie für einen solchen Versuch unter allen Umständen nöthig Schmerz hinwegzukommen, indem er künstlerisch schafft, und auf
231 2709 403 2777 des In¬
1523 2731 2701 2784 einen — behalten wir der Bequemlichteit halber den Ausdruck
2698 2736 3373 2807 falls nicht gelungen. Wir folgen
238 2745 393 2824 werden
381 2764 521 2835 sind.
2702 2772 3161 2837 werden nicht überzengt.
454 2783 2718 2848 Arthur Schnitzlers litterarische Physiognomie ist u.bei — Alltagsmenschen, der sich ganz diesem Schmerze hingiebt!
2753 2798 3379 2872 Am reinsten wirkt das dritte S
375 2808 2713 2919 jetzt so weit bekannt, daß wir an ihr kaum noch neue Ent# und mit einer aus Neid und Grauen gemischten Empfindung auf
2708 2859 3372 2930 besonders eindringlich den höheren A
390 2875 2706 2938 deckungen erwarten können. Schnitzler ist der Mann der über pen anderen blickt. Der Künstler ist der Sohn der Verstorbenen,
393 2916 3346 2981 raschenden Einfälle, er scheut vor dem Theatralischen nicht der andere ist ihr langjähriger alter Freund, der sie und den sie Künstlers verkündet. Da ist ein
398 2944 3378 3033 zurück, er liebt es, eine These zu verfechten, ein Problem auf mit aller Kraft der Persönlichkeit geliebt hat. Sie war ihm einstigen, inzwischen mit allen Krät
376 2997 3381 3096 zurollen, psychologische Versuche zu machen. Nur selten wirtt ealles, und er glaubte, ihr alles zu sein. Und doch ist sie für Freund und Nebenbuhler noch ein
379 3031 3377 3123 unmittelbar, rein menichlich, ohne Tendens. Man denke 2.  den Sohn, dem unter den schweren Qualen ihres langen Siech= rufen läßt, um ihm endlich einma
1530 3078 2708 3137 thums die künstlerische Schaffenskraft erlahmte, freiwillig in den
2701 3079 3365 3137 schreien. Aber als er den berühmt
1522 3113 2708 3180 Tod gegangen. Dieses Geheimniß verräth der alte Freund
2709 3111 3373 3197 er sein banales, kleinliches Alltagsg
1530 3165 2712 3225 gegen den Willen der Toten dem Sohne, den er nicht begreifen
2708 3169 3375 3218 ihn die Erkenntniß des Reichthums
1530 3207 2712 3270 kann. Der aber wird durch diesen neuen Schlag nur einen
2710 3211 3370 3267 so armen, hungernden Leben allezeis
1532 3257 2711 3307 Augenblick gebeugt, dann richtet er das Haupt empor: Die
2698 3257 3362 3317 kenntniß der Armuth seines beneide
1528 3293 2703 3352 Mutter soll nicht vergebens gestorben sein, er wird sich des
2696 3304 3363 3356 Stärke, daß er leichten Herzens auf
1525 3331 2714 3399 Opfers würdig zeigen und suchen, etwas Großes zu vollbringen.
2696 3330 3368 3405 befriedeten Herzens stirbt. Was h
1523 3373 2712 3440 Für ihn ist der Sinn des Lebens, Leben zu schaffen. Diese
2708 3392 3361 3448 Wie viele „lebendige Stunden“ hat
1528 3441 2703 3486 These war es wohl, die Schnitzler verfechten wollte, und um das
2701 3425 3365 3485 nossen!? Ein schöner, eigenartiger,
1519 3477 2705 3529 möglichst wirksam zu thun, läßt er den Alten das Geheimniß
2711 3464 3371 3528 berührt nur die Art, wie Schnitzler
1527 3518 2702 3569 des Selbstmordes brutal dem Sohn verrathen — ein Motiv,
2695 3514 3366 3578 dessen vermittelt, was der Sterben
1521 3553 2704 3627 durch das der Scene sofort das Gepräge der Lebenswahrheit
2699 3562 3363 3621 gegenschlendern wollen. Es ist da
1524 3596 1890 3678 genommen wird.
2687 3608 3362 3666 ein Schauspieler, vor dem der Ste#
1603 3650 3363 3721 In dem zweiten Stück „Die Frau mit dem Dolche“ probe seine große Anklagerede hält
1518 3681 3140 3733 begegnet uns zwar auch die Gegenüberstellung der beiden Welt= rnmögliche Situation.
2761 3707 3354 3789 Das letzte Stück ist gewisserme
1526 3733 2712 3789 anschauungen, der Gegensatz zwischen dem, was dem einen und
1531 3763 3358 3845 nas dem anderen die lebendigen Stundan“ bedauten — nämlich Sroaüdie. Ee heißt, Litteratur“,
