3484 4320
2056 156 2525 264 box 21/3
254 174 1904 263 16. 1. Lebendige Stunden zuklus
817 819 1302 923 Telephon 12801.
446 911 1682 990 Alex. Weigl’s Unternehmen für Zeitungs-Ausschnitte
1456 971 1678 1049 Ausschnitt
1494 1029 1751 1121 Nr. 88
677 1001 1340 1140 „OBSERVER
328 1109 1794 1206 I. öster Obelrdl. conc. Bureau für Zeitungsberichte u. Personalnachrichten
569 1195 1572 1287 Wien, IX/1, Türkenstrasse 17.
744 1245 1385 1341 Filiale in Budapest: „Figyeló“ -
339 1295 1781 1413 Vertretungen in Berlin, Chicago, Genf, London, Newyork, Paris, Rom, Stoct###.
2184 1391 2641 1481 Telephon 12801.
923 1423 1591 1556 Bohene (Tragz
346 1459 921 1552 Ausschnitt aus:
1796 1472 3018 1584 Alex. Weigl’s Unternehmen für Zeitungs-Ausschnitte
2807 1533 3035 1606 Ausschnitt
340 1547 886 1698 vom T7#*
2843 1586 3092 1684 Nr. 86
2023 1563 2699 1700 „OBSERYER‘
1691 1652 3134 1770 I. österr. behördl. conc. Bureau für Zeitungsberichte u. Personalnachrichten
1931 1737 2939 1832 Wien, IX1, Türkenstrasse 17.
2097 1813 2740 1895 — Filiale in Budapest: „Figyelö“ -
692 1828 822 1897 —
1703 1860 3121 1953 Vertretungen in Berlin, Chicago, Genf, London, Newyork, Paris, Rom, Stockholm.
777 1886 1361 1998 Theaternachrichten.
661 1922 1554 2058 * Neues deutsches Theater. Die Einaeter
2335 1947 3043 2115 Neue Froie Kresse
593 2013 1544 2102 von Arthur Schnitzler hatten einen ungleichen
1695 2007 2246 2112 Ausschnitt aus:
589 2059 1540 2153 Erfolg; leider lag dies an der unzulänglichen Wie¬
587 2111 1537 2201 dergabe gerade des bedeutendsten Stückes. Durch¬
582 2161 1544 2265 geschlagen hat nur das letzte: „Literatur", das
1718 2146 2248 2251 vora 4 78-770 2
589 2213 1534 2304 von den Darstellern Frau Buska und den Herren
593 2249 1541 2349 John und Wymetal prächtig gespielt wurde.
576 2288 1522 2393 Namentlich Herr John bot eine glänzende Leistung.
577 2337 1532 2434 Frau Buska hätte in der Karikatur, die ihr immer
1560 2368 1686 2433 inch
357 2379 470 2447 Für
583 2384 1536 2476 so gut gelingt, entschiedener sein dürfen. „Die letz¬
577 2435 1519 2536 ten Masken", diese berrliche Arbeit, wurde von
478 2466 557 2521 200
482 2502 551 2546 50
570 2480 1651 2581 Herrn Moissi, dem Darsteller der Hauptrolle, voll¬ m
459 2544 569 2602 1000
401 2555 468 2620 „
574 2528 1656 2613 ständig im Stich gelassen. Es war zu bedauern, wie jhnitte
491 2585 565 2643 In
571 2585 1676 2676 die edle Poesie der Rolle an der Unverständlichkeit in ch stenf
371 2622 561 2684 Abonnen
2006 2590 3071 2699 — Aus Prag wird uns gemeldet: Heute gelangte im Neuen
568 2631 1684 2733 Brüche ging. Die Nebenrollen waren besser besetzt, ändery
387 2673 554 2738 Abonnen
1862 2664 3054 2740 Deutschen Theater Arthur Schnitzler's Einacter=Cyclus
555 2658 1676 2789 konnten aber begreiflicher Weise nichts retten. Herr, enthal
1872 2707 3051 2795 „Lebendige Stunden“ zur ersten Aufführung und errang
553 2723 1669 2816 Löwe machte seine Sache gut, Herr Leugbach er Me
1874 2773 3053 2812 trotz der nicht gerade glücklichen Besetzung einzelner tragender
378 2787 564 2848 Inhalts
559 2756 1672 2887 war herzlich warm und Herr Schöneberger Viener 2
1870 2806 3061 2867 Rollen einen warmen Erfolg. Amwirkungsvollsten hoben sich aus
374 2831 553 2884 blätt
1509 2849 1679 2901 virthse
1883 2829 3057 2906 dem Rahmen des Abends das spannende Schauspiel „Die Frau
574 2816 1664 2959 glaubwürdig, Dagegen reichte der Letztere für die ird. D1
386 2867 552 2936 wodure
1873 2873 3054 2950 mit dem Dolche“ und der übermüthige Schwank „Die Literatur“.
582 2873 1542 2993 schöne Partie in „Lebendige Stunden“ nicht
1880 2939 3125 3005 heraus. Der beste der vier Einacter, „Die letzten Masken“, litt ive
389 2915 543 3009 Lehnan
1709 2917 1830 3015 Für
582 2931 1540 3048 aus: Die Charakteristik des Hausdorfer muß viel
1830 2965 3068 3037 10 durch die undeutliche Sprechweise des Darstellers der Hauptrolle,
577 2969 1520 3088 tieker geben und schärfer sein, wenn der Zu¬
1823 3005 3121 3105 2 die einem jugendlichen Schauspieler anvertraut war. Trotz alldem zr
578 3016 1523 3126 börer nicht über den Hauptinbalt im Unklaren
1888 3046 3150 3123 gab es viel ehrlichen Beifall, und die Wirkung dürfte sich bei ius.
578 3055 1528 3181 bleiben soll. Auch Herr Wymetal verkannte die
1760 3105 1883 3170 „ 10
1886 3104 3066 3169 Wiederholung dieser dramatischen Aperaus über das Künstlerthum
562 3098 1524 3229 Farbe seiner Rolle: er sprach viel zu ehrlich und
1884 3124 3163 3214 bei sorgfältigerer Darstellung noch steigern. Johanna Buska, das
1724 3183 1917 3243 Abonne
1889 3168 3170 3268 jowie die Herren John und v. Wymetal hatten den Haupt= den
569 3148 1527 3277 hätte posiren müssen. Hier kann die berichtigte Auf¬
2858 3216 3083 3296 K-4.
1722 3234 1898 3294 Abonne,
557 3194 1517 3338 bosung bel den Koisen noch vil aut machen.
1889 3231 2560 3320 antheil an dem Erfolge des Abends.
557 3241 1518 3371 Glücklicher wurde das zweite, gerade schwierigere
1845 3275 3179 3353 Der „OBSERVER“ veranstaltet täglich einen Auszug enthaltend die
556 3285 1505 3415 Stück gespielt; sowohl Frl. Immisch als Herr
1730 3324 3168 3400 Inhaltsangabe aller wichtigen Mittheilungen der Wiener Morgen¬
1738 3365 3170 3445 blätter (Tagesjournale ausser „Neue Freie Presse“ und „Wiener Zeitung“)
545 3332 1515 3480 Seon Mlten in Gagenwan und Bergmgnteg
1734 3409 3174 3470 wodurch eine Uebersicht über das gesammte politische und wirthschaftliche
545 3393 1501 3519 einen lebendigen Ton fest. Das kurze Nachspiel ver¬
1731 3446 3174 3507 Leben des In- und Auslandes in drastischer Kürze geboten wird. Diese Mit¬
547 3443 1494 3555 langt von der Dame mehr straffe Energie. Herr
1725 3507 2765 3554 theilungen werden in Wien um 9 Uhr Früh verschickt.
543 3483 1493 3613 Steil darf nicht heroisch erscheinen wollen; im
530 3518 1501 3655 Gegentheil, bohl und kalt. Dieses zweite Stück „Die
2053 3569 2841 3642 Prospecte dratis und fnanco.
529 3587 1476 3705 Frau mit dem Dolch“, äußerlich gut ausgestattet,
527 3629 1480 3743 fand eine freundliche Aufnahme. Da die „Letzten
518 3681 1481 3810 Masken“ zu den besten Einactern der Gegenwart
526 3725 1469 3838 zählen, darf das Werk nicht so verloren gehen; eine
527 3773 1486 3906 Umbesetzung ist ein Gebot der Achtung vor dem
515 3819 692 3893 Dichter.
1250 3879 1434 3951 F. A.
