<?xml version="1.0" encoding="UTF-8" standalone="yes"?>
<PcGts xmlns="http://schema.primaresearch.org/PAGE/gts/pagecontent/2013-07-15" xmlns:xsi="http://www.w3.org/2001/XMLSchema-instance" xsi:schemaLocation="http://schema.primaresearch.org/PAGE/gts/pagecontent/2013-07-15 http://schema.primaresearch.org/PAGE/gts/pagecontent/2013-07-15/pagecontent.xsd">
    <Metadata>
        <Creator>prov=University of Rostock/Institute of Mathematics/CITlab/Gundram Leifert/gundram.leifert@uni-rostock.de:name=ONB_Newseye_GT_M1+(htr_id=10810)::::v=2.4.2
prov=University of Rostock/Institute of Mathematics/CITlab/Tobias Gruening/tobias.gruening@uni-rostock.de:name=de.uros.citlab.module.baseline2polygon.B2PSeamMultiOriented:v=2.4.2
prov=University of Rostock/Institute of Mathematics/CITlab/Tobias Gruening/tobias.gruening@uni-rostock.de:name=/mnt/transkribus/LA/DEA/URO/LA_news_onb_att.pb:de.uros.citlab.segmentation.CITlab_LA_ML:v=2.4.2
Transkribus</Creator>
        <Created>2019-10-07T11:36:37.828+02:00</Created>
        <LastChange>2019-10-08T20:25:45.154+02:00</LastChange>
        <TranskribusMetadata docId="223975" pageId="9502902" pageNr="631" tsid="16608858" status="IN_PROGRESS" userId="40391" imgUrl="https://files.transkribus.eu/Get?id=HWXALLVPETTZARDJPDTKHYDS&amp;fileType=view" xmlUrl="https://files.transkribus.eu/Get?id=KEEBPJWYLTKLROPYPROZKKQY" imageId="6193116"/>
    </Metadata>
    <Page imageFilename="223975_0631.jpeg" imageWidth="3484" imageHeight="4224">
        <ReadingOrder>
            <OrderedGroup id="ro_1711450013059" caption="Regions reading order">
                <RegionRefIndexed index="0" regionRef="r1"/>
                <RegionRefIndexed index="1" regionRef="r2"/>
                <RegionRefIndexed index="2" regionRef="r3"/>
            </OrderedGroup>
        </ReadingOrder>
        <TextRegion orientation="0.0" id="r1" custom="readingOrder {index:0;}">
            <Coords points="19,2080 19,2232 36,2232 36,2080"/>
            <TextLine id="r1l1" custom="readingOrder {index:0;}">
                <Coords points="2,2193 31,2189 35,2193 57,2190 50,2142 28,2145 25,2149 18,2150 15,2155 -3,2157"/>
                <Baseline points="19,2182 36,2180"/>
                <TextEquiv>
                    <Unicode>an</Unicode>
                </TextEquiv>
            </TextLine>
            <TextEquiv>
                <Unicode>an</Unicode>
            </TextEquiv>
        </TextRegion>
        <TextRegion orientation="0.0" id="r2" custom="readingOrder {index:1;}">
            <Coords points="36,1993 36,2146 50,2146 50,1993"/>
            <TextLine id="r2l1" custom="readingOrder {index:0;}">
                <Coords points="36,1277 50,1280 50,2103 36,2100"/>
                <Baseline points="36,2093 50,2096"/>
                <TextEquiv>
                    <Unicode></Unicode>
                </TextEquiv>
            </TextLine>
            <TextEquiv>
                <Unicode></Unicode>
            </TextEquiv>
        </TextRegion>
        <TextRegion orientation="0.0" id="r3" custom="readingOrder {index:2;}">
            <Coords points="196,220 196,3330 3162,3330 3162,220"/>
            <TextLine id="r3l1" custom="readingOrder {index:0;}">
                <Coords points="295,252 2470,249 2469,172 2392,168 1959,226 295,189"/>
                <Baseline points="312,241 418,249 525,255 632,260 739,263 846,266 953,267 1060,268 1167,267 1274,266 1381,265 1487,262 1594,260 1701,258 1808,255 1915,252 2022,250 2129,247 2236,245 2343,244 2450,243"/>
                <TextEquiv>
                    <Unicode>16.1. Lebendige Stunden zuklus box 21/5</Unicode>
                </TextEquiv>
            </TextLine>
            <TextLine id="r3l2" custom="readingOrder {index:1;}">
                <Coords points="777,1486 3150,1510 3023,1448 780,1387"/>
                <Baseline points="797,1460 913,1460 1030,1462 1147,1463 1263,1466 1380,1468 1497,1471 1613,1475 1730,1478 1847,1481 1964,1485 2080,1489 2197,1492 2314,1496 2430,1499 2547,1502 2664,1505 2780,1507 2897,1509 3014,1510 3131,1511"/>
                <TextEquiv>
                    <Unicode>galerie, wo, in einem nachgedunkelten Renaissance=Porträt: „Frau bedürftiger, einer mit dem großen Kunstwert der </Unicode>
                </TextEquiv>
            </TextLine>
            <TextLine id="r3l3" custom="readingOrder {index:2;}">
                <Coords points="187,1505 220,1497 234,1508 245,1497 278,1497 300,1512 330,1512 341,1501 359,1508 381,1500 410,1475 433,1474 432,1445 399,1442 385,1453 359,1431 330,1442 315,1427 296,1424 186,1428"/>
                <Baseline points="204,1487 230,1487 256,1487 282,1487 308,1487 334,1487 360,1487 386,1486 413,1486"/>
                <TextEquiv>
                    <Unicode>leton.</Unicode>
                </TextEquiv>
            </TextLine>
            <TextLine id="r3l4" custom="readingOrder {index:3;}">
                <Coords points="789,1489 3084,1565 2978,1507 790,1452"/>
                <Baseline points="808,1502 926,1504 1045,1507 1164,1509 1283,1511 1402,1514 1521,1517 1640,1520 1759,1523 1878,1525 1996,1528 2115,1532 2234,1535 2353,1538 2472,1541 2591,1544 2710,1548 2829,1551 2948,1554 3067,1558"/>
                <TextEquiv>
                    <Unicode>mit dem Dolche — unbekannter Meister“, eine moderne, sinnliche zweiflung —, dafür wird man dem Menschenerwecker Basser</Unicode>
                </TextEquiv>
            </TextLine>
            <TextLine id="r3l5" custom="readingOrder {index:4;}">
                <Coords points="796,1542 1996,1587 1998,1525 797,1502"/>
                <Baseline points="813,1545 871,1546 929,1547 987,1548 1046,1549 1104,1551 1162,1552 1221,1553 1279,1555 1337,1556 1396,1557 1454,1559 1512,1560 1570,1561 1629,1562 1687,1564 1745,1565 1804,1566 1862,1568 1920,1569 1979,1570"/>
                <TextEquiv>
                    <Unicode>Dame sich selbst wieder erkennt, ihre einstige Erscheinungsform, ihr</Unicode>
                </TextEquiv>
            </TextLine>
            <TextLine id="r3l6" custom="readingOrder {index:5;}">
                <Coords points="1976,1582 3107,1605 3108,1576 2943,1552 1978,1527"/>
                <Baseline points="1995,1572 2049,1573 2104,1574 2158,1575 2213,1577 2268,1579 2322,1580 2377,1582 2431,1584 2486,1586 2541,1588 2595,1590 2650,1591 2704,1593 2759,1595 2814,1597 2868,1598 2923,1600 2977,1601 3032,1601 3087,1602"/>
                <TextEquiv>
                    <Unicode>lange dankbar sein. Er hat einen Edlen unserer Zeit gesche</Unicode>
                </TextEquiv>
            </TextLine>
            <TextLine id="r3l7" custom="readingOrder {index:6;}">
                <Coords points="183,1606 216,1607 234,1621 249,1610 271,1622 285,1611 300,1626 337,1611 352,1619 377,1611 436,1627 436,1553 385,1545 367,1556 352,1541 315,1563 264,1541 249,1552 227,1537 183,1540"/>
                <Baseline points="201,1598 227,1599 254,1600 281,1600 308,1600 335,1600 362,1600 389,1600 416,1601"/>
                <TextEquiv>
                    <Unicode>Theater.</Unicode>
                </TextEquiv>
            </TextLine>
            <TextLine id="r3l8" custom="readingOrder {index:7;}">
                <Coords points="790,1581 2831,1655 3101,1606 792,1541"/>
                <Baseline points="809,1591 922,1592 1036,1595 1150,1597 1263,1599 1377,1601 1491,1604 1604,1607 1718,1610 1832,1613 1946,1616 2059,1619 2173,1622 2287,1625 2400,1628 2514,1631 2628,1634 2741,1637 2855,1640 2969,1643 3083,1646"/>
                <TextEquiv>
                    <Unicode>dunkles, wogendes Schicksal vor vielen hundert Jahren. Der und das Material dazu hatte er in seinem eigenen Inner</Unicode>
                </TextEquiv>
            </TextLine>
            <TextLine id="r3l9" custom="readingOrder {index:8;}">
                <Coords points="201,1675 663,1664 700,1683 748,1672 748,1594 685,1620 513,1594 494,1609 421,1594 384,1620 201,1612"/>
                <Baseline points="218,1657 243,1658 269,1659 294,1660 320,1660 345,1661 371,1661 396,1661 422,1661 447,1661 473,1661 498,1661 524,1661 549,1661 575,1661 600,1661 626,1660 651,1660 677,1659 702,1659 728,1658"/>
                <TextEquiv>
                    <Unicode>sebendige Stunden“.)</Unicode>
                </TextEquiv>
            </TextLine>
            <TextLine id="r3l10" custom="readingOrder {index:9;}">
                <Coords points="788,1633 3108,1703 2971,1630 790,1582"/>
                <Baseline points="806,1633 920,1636 1034,1638 1148,1641 1263,1643 1377,1646 1491,1648 1605,1651 1720,1653 1834,1656 1948,1659 2062,1662 2177,1665 2291,1668 2405,1672 2519,1675 2634,1678 2748,1681 2862,1685 2976,1689 3091,1692"/>
                <TextEquiv>
                    <Unicode>schmale Saal mit den Gemälden; die Dame und ihr Liebhaber, beide funden... (In zwei anderen Rollen machte Bassermann,</Unicode>
                </TextEquiv>
            </TextLine>
            <TextLine id="r3l11" custom="readingOrder {index:10;}">
                <Coords points="788,1704 987,1678 1897,1717 1996,1697 1997,1664 789,1631"/>
                <Baseline points="808,1679 866,1680 925,1681 983,1682 1042,1683 1100,1685 1159,1686 1217,1687 1276,1689 1334,1690 1393,1691 1451,1692 1510,1694 1568,1695 1627,1696 1685,1696 1744,1697 1802,1698 1861,1698 1919,1698 1978,1698"/>
                <TextEquiv>
                    <Unicode>gefährdet (auch der jungen Renate Fuchs Liebesgeschichte begann</Unicode>
                </TextEquiv>
            </TextLine>
            <TextLine id="r3l12" custom="readingOrder {index:11;}">
                <Coords points="196,1717 813,1731 814,1668 759,1653 714,1671 457,1676 197,1651"/>
                <Baseline points="216,1710 245,1711 274,1711 303,1712 332,1713 361,1713 390,1714 419,1714 448,1714 477,1715 506,1715 535,1715 564,1715 593,1716 622,1716 651,1716 680,1716 709,1716 738,1716 767,1716 796,1716"/>
                <TextEquiv>
                    <Unicode>em man wie zu einem Abenteuer</Unicode>
                </TextEquiv>
            </TextLine>
            <TextLine id="r3l13" custom="readingOrder {index:12;}">
                <Coords points="1982,1710 2999,1743 3102,1732 3104,1691 1984,1666"/>
                <Baseline points="2002,1701 2056,1703 2110,1705 2164,1707 2218,1709 2272,1711 2326,1713 2381,1715 2435,1716 2489,1718 2543,1719 2597,1721 2651,1722 2705,1724 2760,1725 2814,1726 2868,1728 2922,1729 2976,1730 3030,1731 3085,1733"/>
                <TextEquiv>
                    <Unicode>Routinier, lächelnd und nebenbei, zwei brillante Studien.).</Unicode>
                </TextEquiv>
            </TextLine>
            <TextLine id="r3l14" custom="readingOrder {index:13;}">
                <Coords points="796,1727 1986,1754 1987,1703 797,1672"/>
                <Baseline points="813,1721 870,1722 928,1723 986,1725 1043,1726 1101,1727 1159,1729 1216,1730 1274,1731 1332,1732 1390,1734 1447,1734 1505,1736 1563,1737 1620,1738 1678,1739 1736,1740 1793,1741 1851,1741 1909,1742 1967,1743"/>
                <TextEquiv>
                    <Unicode>in der Pinakothek, eines Sommertags gegen Abend); dann dies</Unicode>
                </TextEquiv>
            </TextLine>
            <TextLine id="r3l15" custom="readingOrder {index:14;}">
                <Coords points="187,1758 811,1770 812,1707 790,1703 477,1729 188,1707"/>
                <Baseline points="204,1753 233,1754 262,1755 292,1755 321,1756 351,1757 380,1757 409,1758 439,1758 468,1759 498,1759 527,1760 556,1760 586,1760 615,1760 645,1761 674,1761 703,1761 733,1761 762,1760 792,1760"/>
                <TextEquiv>
                    <Unicode>Emoking —, von Arthur Schnitzler</Unicode>
                </TextEquiv>
            </TextLine>
            <TextLine id="r3l16" custom="readingOrder {index:15;}">
                <Coords points="1985,1751 3120,1776 3121,1728 1986,1707"/>
                <Baseline points="2003,1745 2058,1747 2113,1748 2168,1749 2223,1751 2278,1753 2333,1755 2388,1756 2443,1759 2498,1760 2553,1762 2608,1764 2663,1765 2718,1767 2773,1768 2828,1770 2883,1771 2938,1772 2993,1773 3048,1774 3103,1775"/>
                <TextEquiv>
                    <Unicode>Emanuel Reicher, der immer die Qual und das Pathos</Unicode>
                </TextEquiv>
            </TextLine>
            <TextLine id="r3l17" custom="readingOrder {index:16;}">
                <Coords points="796,1777 1986,1790 1986,1753 1895,1737 797,1729"/>
                <Baseline points="815,1769 872,1769 930,1769 987,1769 1045,1769 1102,1770 1160,1771 1217,1771 1275,1772 1332,1773 1390,1774 1448,1775 1505,1776 1563,1778 1620,1779 1678,1780 1735,1782 1793,1783 1850,1785 1908,1786 1966,1787"/>
                <TextEquiv>
                    <Unicode>plötzliche Wiedererkennen der Situation, diese dvajuchpei, dies Sich¬</Unicode>
                </TextEquiv>
            </TextLine>
            <TextLine id="r3l18" custom="readingOrder {index:17;}">
                <Coords points="199,1803 345,1816 434,1798 533,1826 559,1800 804,1815 805,1763 427,1769 199,1747"/>
                <Baseline points="218,1795 246,1796 274,1797 303,1799 331,1800 360,1801 388,1801 417,1802 445,1802 474,1803 502,1803 530,1804 559,1804 587,1804 616,1804 644,1804 673,1804 701,1804 730,1804 758,1804 787,1804"/>
                <TextEquiv>
                    <Unicode>nteuer: ein wenig verwirrt und</Unicode>
                </TextEquiv>
            </TextLine>
            <TextLine id="r3l19" custom="readingOrder {index:18;}">
                <Coords points="1979,1806 2908,1835 3110,1822 3111,1778 1980,1748"/>
                <Baseline points="1997,1790 2051,1791 2106,1793 2161,1794 2216,1795 2271,1796 2325,1798 2380,1799 2435,1800 2490,1802 2545,1803 2599,1805 2654,1806 2709,1808 2764,1809 2819,1811 2873,1813 2928,1815 2983,1816 3038,1818 3093,1821"/>
                <TextEquiv>
                    <Unicode>letzten Stunden darzustellen hat, wird schwer den Verdacht von</Unicode>
                </TextEquiv>
            </TextLine>
            <TextLine id="r3l20" custom="readingOrder {index:19;}">
                <Coords points="796,1809 1993,1829 1994,1781 797,1769"/>
                <Baseline points="814,1807 872,1809 930,1810 988,1812 1046,1813 1104,1814 1162,1816 1220,1817 1278,1818 1336,1819 1394,1820 1452,1821 1510,1822 1568,1823 1626,1823 1684,1824 1742,1825 1800,1825 1858,1826 1916,1826 1974,1826"/>
                <TextEquiv>
                    <Unicode>besinnen: „Das muß ich doch schon einmal erlebt haben“ —, und</Unicode>
                </TextEquiv>
            </TextLine>
            <TextLine id="r3l21" custom="readingOrder {index:20;}">
                <Coords points="189,1866 348,1843 480,1864 590,1851 623,1870 752,1854 825,1874 826,1800 540,1788 415,1808 191,1789"/>
                <Baseline points="208,1833 237,1836 267,1838 297,1840 327,1842 357,1843 387,1844 417,1844 447,1845 477,1845 507,1845 536,1845 566,1845 596,1845 626,1846 656,1846 686,1846 716,1847 746,1847 776,1849 806,1850"/>
                <TextEquiv>
                    <Unicode>nnde enttäuscht. Dieser Wiener</Unicode>
                </TextEquiv>
            </TextLine>
            <TextLine id="r3l22" custom="readingOrder {index:21;}">
                <Coords points="1986,1843 3094,1880 3118,1822 1987,1788"/>
                <Baseline points="2004,1830 2058,1833 2113,1835 2167,1838 2222,1840 2277,1842 2331,1844 2386,1845 2441,1846 2495,1848 2550,1850 2605,1851 2659,1852 2714,1853 2769,1854 2823,1856 2878,1857 2933,1858 2987,1859 3042,1860 3097,1862"/>
                <TextEquiv>
                    <Unicode>abwehren können, daß er nicht allzusehr dabei leidet. Ein ern</Unicode>
                </TextEquiv>
            </TextLine>
            <TextLine id="r3l23" custom="readingOrder {index:22;}">
                <Coords points="802,1859 1973,1882 2000,1828 802,1815"/>
                <Baseline points="821,1855 879,1855 937,1855 995,1856 1053,1856 1111,1857 1169,1858 1227,1860 1285,1861 1343,1862 1401,1864 1459,1865 1517,1867 1575,1868 1633,1869 1691,1871 1749,1871 1807,1872 1865,1873 1923,1873 1982,1873"/>
                <TextEquiv>
                    <Unicode>wie dann aus der finsteren Goldflut der Vergangenheit das</Unicode>
                </TextEquiv>
            </TextLine>
            <TextLine id="r3l24" custom="readingOrder {index:23;}">
                <Coords points="247,1889 357,1906 390,1892 485,1905 534,1883 588,1903 721,1887 809,1903 810,1852 615,1863 457,1838 248,1845"/>
                <Baseline points="264,1881 290,1883 316,1884 342,1885 369,1886 395,1887 421,1888 447,1888 474,1889 500,1889 526,1890 552,1890 579,1890 605,1891 631,1891 657,1891 684,1892 710,1892 736,1892 762,1892 789,1893"/>
                <TextEquiv>
                    <Unicode>soltairianer zu sein, und der</Unicode>
                </TextEquiv>
            </TextLine>
            <TextLine id="r3l25" custom="readingOrder {index:24;}">
                <Coords points="1982,1883 3127,1922 3129,1855 1983,1843"/>
                <Baseline points="1999,1876 2054,1876 2110,1877 2165,1878 2221,1880 2276,1882 2332,1883 2387,1885 2443,1888 2498,1890 2554,1892 2609,1894 2665,1897 2720,1898 2776,1900 2831,1901 2887,1902 2942,1903 2998,1904 3053,1904 3109,1903"/>
                <TextEquiv>
                    <Unicode>voller, männlicher Spieler — gewiß; aber doch nie einer mit</Unicode>
                </TextEquiv>
            </TextLine>
            <TextLine id="r3l26" custom="readingOrder {index:25;}">
                <Coords points="797,1901 3136,1978 3097,1907 799,1853"/>
                <Baseline points="817,1895 932,1897 1047,1899 1162,1901 1277,1904 1392,1906 1507,1909 1622,1911 1737,1914 1852,1917 1967,1920 2082,1923 2197,1926 2312,1929 2427,1932 2542,1935 2657,1939 2772,1942 2887,1945 3002,1948 3117,1952"/>
                <TextEquiv>
                    <Unicode>Parallel=Schicksal aufleuchtet —, diese große Miniatur=Kühnheit, wahren Aengsten der Zeit. So auch in der Rolle des sterbem</Unicode>
                </TextEquiv>
            </TextLine>
            <TextLine id="r3l27" custom="readingOrder {index:26;}">
                <Coords points="189,1932 810,1947 811,1895 535,1883 484,1904 378,1880 278,1900 190,1877"/>
                <Baseline points="208,1925 237,1926 266,1928 295,1928 324,1929 353,1930 382,1931 411,1932 440,1932 469,1933 499,1933 528,1934 557,1934 586,1935 615,1935 644,1935 673,1935 702,1936 731,1936 760,1936 790,1935"/>
                <TextEquiv>
                    <Unicode>en mit psychopathischen Wundern</Unicode>
                </TextEquiv>
            </TextLine>
            <TextLine id="r3l28" custom="readingOrder {index:27;}">
                <Coords points="795,1944 1915,1981 1996,1961 1997,1917 796,1897"/>
                <Baseline points="812,1938 870,1939 928,1940 986,1941 1044,1943 1103,1944 1161,1946 1219,1947 1277,1948 1335,1950 1394,1951 1452,1953 1510,1954 1568,1955 1626,1956 1685,1957 1743,1957 1801,1958 1859,1958 1917,1959 1976,1959"/>
                <TextEquiv>
                    <Unicode>die an Tiefen rührt, klingend und lockend und abweisend —, sie</Unicode>
                </TextEquiv>
            </TextLine>
            <TextLine id="r3l29" custom="readingOrder {index:28;}">
                <Coords points="1979,1988 2086,1969 2369,1996 2472,1984 2473,1932 2311,1943 1981,1926"/>
                <Baseline points="1998,1963 2023,1962 2048,1962 2074,1962 2099,1963 2124,1964 2150,1964 2175,1966 2200,1967 2226,1968 2251,1969 2276,1970 2302,1971 2327,1972 2352,1972 2378,1972 2403,1972 2428,1972 2454,1970"/>
                <TextEquiv>
                    <Unicode>Journalisten Rademacher.</Unicode>
                </TextEquiv>
            </TextLine>
            <TextLine id="r3l30" custom="readingOrder {index:29;}">
                <Coords points="197,1980 2000,2022 2001,1952 1920,1947 198,1925"/>
                <Baseline points="214,1970 302,1972 390,1974 478,1976 567,1978 655,1980 743,1982 832,1983 920,1986 1008,1987 1097,1989 1185,1991 1273,1993 1361,1995 1450,1996 1538,1998 1626,1999 1715,2000 1803,2001 1891,2002 1980,2002"/>
                <TextEquiv>
                    <Unicode>angeur mit den weichen Händss wird sich länger im Gedächtnis der Menschen erhalten als die</Unicode>
                </TextEquiv>
            </TextLine>
            <TextLine id="r3l31" custom="readingOrder {index:30;}">
                <Coords points="2043,2010 2697,2023 2850,2060 3144,2045 3146,1979 2044,1969"/>
                <Baseline points="2060,2005 2113,2008 2166,2011 2219,2014 2273,2015 2326,2018 2379,2020 2432,2022 2486,2024 2539,2025 2592,2026 2645,2027 2699,2028 2752,2029 2805,2030 2858,2031 2912,2031 2965,2032 3018,2033 3071,2033 3125,2034"/>
                <TextEquiv>
                    <Unicode>Klare Leistungen gaben die Herren Stieler, Forest u</Unicode>
                </TextEquiv>
            </TextLine>
            <TextLine id="r3l32" custom="readingOrder {index:31;}">
                <Coords points="188,2009 1799,2060 1988,2016 188,1976"/>
                <Baseline points="207,2017 295,2017 383,2018 471,2019 559,2020 647,2022 735,2024 823,2026 911,2028 999,2030 1087,2032 1175,2034 1263,2036 1351,2038 1439,2040 1527,2041 1615,2043 1703,2044 1791,2046 1879,2047 1967,2047"/>
                <TextEquiv>
                    <Unicode>#is unserer Einsicht und unser übrigen Szenen (die die Gestaltung von Einfällen, Aphorisrnen</Unicode>
                </TextEquiv>
            </TextLine>
            <TextLine id="r3l33" custom="readingOrder {index:32;}">
                <Coords points="194,2066 282,2074 312,2048 334,2071 363,2056 536,2080 815,2071 815,2024 195,2014"/>
                <Baseline points="214,2055 243,2058 272,2059 301,2060 330,2062 360,2062 389,2063 418,2063 447,2063 476,2063 506,2063 535,2063 564,2062 593,2062 622,2062 652,2062 681,2063 710,2063 739,2064 768,2065 798,2066"/>
                <TextEquiv>
                    <Unicode>erde — auch den Willen tieferer</Unicode>
                </TextEquiv>
            </TextLine>
            <TextLine id="r3l34" custom="readingOrder {index:33;}">
                <Coords points="1979,2056 3158,2081 3118,2036 1980,2005"/>
                <Baseline points="1999,2048 2056,2052 2113,2054 2170,2056 2227,2059 2284,2061 2341,2062 2398,2064 2455,2066 2512,2067 2569,2069 2626,2070 2683,2071 2740,2073 2797,2074 2854,2075 2911,2076 2968,2078 3025,2079 3082,2081 3139,2082"/>
                <TextEquiv>
                    <Unicode>Marx. Alles etwas philologische Leistungen. (Wie denn di</Unicode>
                </TextEquiv>
            </TextLine>
            <TextLine id="r3l35" custom="readingOrder {index:34;}">
                <Coords points="796,2088 1982,2104 1983,2053 797,2036"/>
                <Baseline points="816,2069 873,2070 930,2071 987,2073 1045,2074 1102,2075 1159,2077 1217,2078 1274,2079 1331,2081 1389,2082 1446,2083 1503,2084 1560,2085 1618,2086 1675,2087 1732,2088 1790,2089 1847,2090 1904,2090 1962,2091"/>
                <TextEquiv>
                    <Unicode>sind, mit dem Konzentrationswert einer enthüllenden Viertelstunde)</Unicode>
                </TextEquiv>
            </TextLine>
            <TextLine id="r3l36" custom="readingOrder {index:35;}">
                <Coords points="195,2110 353,2102 602,2127 709,2107 775,2124 812,2114 813,2066 196,2058"/>
                <Baseline points="214,2098 243,2099 272,2100 301,2101 330,2102 359,2103 388,2104 417,2106 446,2106 475,2107 504,2108 533,2109 562,2110 591,2110 620,2111 649,2111 678,2111 707,2111 736,2111 765,2111 794,2110"/>
                <TextEquiv>
                    <Unicode>len die Sättigung (muß sie, kraft</Unicode>
                </TextEquiv>
            </TextLine>
            <TextLine id="r3l37" custom="readingOrder {index:36;}">
                <Coords points="1988,2098 2994,2137 3152,2127 3153,2090 1989,2054"/>
                <Baseline points="2005,2091 2061,2094 2117,2097 2174,2100 2230,2102 2287,2105 2343,2107 2399,2109 2456,2112 2512,2113 2569,2115 2625,2116 2681,2118 2738,2119 2794,2120 2851,2121 2907,2122 2963,2122 3020,2122 3076,2122 3133,2121"/>
                <TextEquiv>
                    <Unicode>Charakterunterschied zwischen der Bühne des Germanisten und di</Unicode>
                </TextEquiv>
            </TextLine>
            <TextLine id="r3l38" custom="readingOrder {index:37;}">
                <Coords points="851,2120 1949,2151 1979,2103 852,2072"/>
                <Baseline points="869,2116 923,2117 978,2117 1032,2118 1087,2119 1142,2120 1196,2121 1251,2122 1305,2123 1360,2124 1415,2125 1469,2126 1524,2127 1578,2128 1633,2129 1688,2130 1742,2131 1797,2132 1851,2133 1906,2134 1961,2135"/>
                <TextEquiv>
                    <Unicode>In der Darstellung trug nicht „Die Frau mit dem Dolche“ den</Unicode>
                </TextEquiv>
            </TextLine>
            <TextLine id="r3l39" custom="readingOrder {index:38;}">
                <Coords points="208,2148 807,2162 807,2114 209,2104"/>
                <Baseline points="227,2144 255,2146 283,2147 311,2148 339,2149 367,2150 395,2150 424,2151 452,2152 480,2153 508,2153 536,2153 564,2153 592,2154 621,2154 649,2154 677,2154 705,2154 733,2154 761,2154 790,2155"/>
                <TextEquiv>
                    <Unicode>verliebt ist, versagen). Bei Oscar</Unicode>
                </TextEquiv>
            </TextLine>
            <TextLine id="r3l40" custom="readingOrder {index:39;}">
                <Coords points="1986,2143 3161,2181 3155,2114 1988,2098"/>
                <Baseline points="2004,2134 2060,2138 2117,2141 2174,2144 2231,2146 2288,2149 2345,2151 2402,2153 2459,2155 2516,2156 2573,2157 2629,2159 2686,2160 2743,2161 2800,2162 2857,2163 2914,2163 2971,2164 3028,2165 3085,2166 3142,2167"/>
                <TextEquiv>
                    <Unicode>des Komödianten jetzt ganz rein destilliert ist: nördliche und süt</Unicode>
                </TextEquiv>
            </TextLine>
            <TextLine id="r3l41" custom="readingOrder {index:40;}">
                <Coords points="792,2166 1989,2194 1954,2135 793,2118"/>
                <Baseline points="810,2157 868,2159 926,2160 984,2162 1042,2163 1100,2164 1158,2166 1216,2167 1274,2168 1332,2170 1390,2171 1448,2172 1506,2173 1564,2174 1622,2175 1680,2175 1738,2176 1796,2176 1854,2176 1912,2176 1970,2176"/>
                <TextEquiv>
                    <Unicode>Hauptton. Irene Triesch ist nicht dazu da, seelischem Erschauert:</Unicode>
                </TextEquiv>
            </TextLine>
            <TextLine id="r3l42" custom="readingOrder {index:41;}">
                <Coords points="1970,2190 3174,2217 3150,2165 1971,2150"/>
                <Baseline points="1990,2177 2048,2180 2106,2182 2164,2185 2222,2188 2281,2190 2339,2192 2397,2194 2455,2196 2513,2197 2572,2199 2630,2201 2688,2202 2746,2203 2804,2205 2863,2206 2921,2207 2979,2208 3037,2209 3095,2210 3154,2211"/>
                <TextEquiv>
                    <Unicode>östliche Kunst; Schule und Welttheater; das Preußen Friedrichs de¬</Unicode>
                </TextEquiv>
            </TextLine>
            <TextLine id="r3l43" custom="readingOrder {index:42;}">
                <Coords points="205,2201 3131,2277 3180,2212 206,2150"/>
                <Baseline points="225,2191 371,2193 518,2196 665,2198 812,2201 959,2204 1106,2207 1252,2210 1399,2213 1546,2216 1693,2219 1840,2222 1987,2226 2134,2229 2280,2233 2427,2237 2574,2240 2721,2244 2868,2247 3015,2252 3162,2255"/>
                <TextEquiv>
                    <Unicode>Aussicht auf den Green Park, sagt bannkräftige Nachhaltigkeit zu leihen. Das Sichere dieser einwands= Großen und das Sachsen Augusts des Starken; Sparta und Alhen;</Unicode>
                </TextEquiv>
            </TextLine>
            <TextLine id="r3l44" custom="readingOrder {index:43;}">
                <Coords points="201,2241 774,2254 799,2251 800,2207 202,2194"/>
                <Baseline points="218,2231 246,2232 274,2232 302,2233 331,2234 359,2234 387,2235 415,2236 444,2237 472,2237 500,2238 528,2239 557,2239 585,2240 613,2241 641,2241 670,2242 698,2242 726,2242 754,2242 783,2242"/>
                <TextEquiv>
                    <Unicode>en wenigstens einen Reiz: sie lassen</Unicode>
                </TextEquiv>
            </TextLine>
            <TextLine id="r3l45" custom="readingOrder {index:44;}">
                <Coords points="804,2254 1994,2280 1995,2229 1958,2225 805,2206"/>
                <Baseline points="822,2245 879,2247 937,2249 995,2250 1052,2251 1110,2253 1168,2254 1225,2255 1283,2256 1341,2257 1399,2257 1456,2258 1514,2259 1572,2260 1629,2260 1687,2261 1745,2262 1802,2263 1860,2264 1918,2265 1976,2266"/>
                <TextEquiv>
                    <Unicode>freien Kompromißkünstlerin liegt in allem, was nahe der Sinnlichkeit</Unicode>
                </TextEquiv>
            </TextLine>
            <TextLine id="r3l46" custom="readingOrder {index:45;}">
                <Coords points="197,2285 718,2303 799,2293 800,2246 198,2237"/>
                <Baseline points="214,2275 242,2276 270,2277 298,2278 327,2278 355,2279 383,2280 412,2281 440,2281 468,2282 497,2282 525,2283 553,2283 581,2284 610,2284 638,2285 666,2285 695,2286 723,2286 751,2286 780,2287"/>
                <TextEquiv>
                    <Unicode>ter, hat mehr Reize als selbst solche</Unicode>
                </TextEquiv>
            </TextLine>
            <TextLine id="r3l47" custom="readingOrder {index:46;}">
                <Coords points="1975,2300 3144,2301 3145,2257 2796,2233 1977,2223"/>
                <Baseline points="1994,2268 2050,2270 2107,2271 2163,2273 2220,2275 2276,2278 2333,2279 2389,2281 2446,2283 2502,2285 2559,2286 2615,2288 2672,2290 2728,2291 2785,2292 2841,2293 2898,2294 2954,2294 3011,2295 3067,2295 3124,2295"/>
                <TextEquiv>
                    <Unicode>schw Suppe und bunte Schlüssel; Brahm und Reinhardt.) Ha.</Unicode>
                </TextEquiv>
            </TextLine>
            <TextLine id="r3l48" custom="readingOrder {index:47;}">
                <Coords points="796,2292 1990,2317 1990,2284 1921,2271 797,2244"/>
                <Baseline points="815,2290 872,2292 930,2293 988,2295 1046,2296 1104,2297 1162,2298 1220,2299 1278,2300 1336,2301 1394,2302 1451,2303 1509,2304 1567,2305 1625,2306 1683,2307 1741,2308 1799,2309 1857,2310 1915,2311 1973,2312"/>
                <TextEquiv>
                    <Unicode>liegt (was denn bei den Frauen freilich viel ist): in der Katzenhaftig¬</Unicode>
                </TextEquiv>
            </TextLine>
            <TextLine id="r3l49" custom="readingOrder {index:48;}">
                <Coords points="184,2321 265,2341 441,2325 511,2345 544,2323 562,2342 724,2326 794,2342 795,2287 545,2298 446,2281 427,2296 185,2269"/>
                <Baseline points="202,2319 230,2319 259,2320 288,2321 316,2322 345,2323 374,2323 402,2324 431,2325 460,2325 489,2326 517,2327 546,2327 575,2327 603,2328 632,2328 661,2328 689,2328 718,2328 747,2328 776,2327"/>
                <TextEquiv>
                    <Unicode>che Attachés ihren Freunden aus</Unicode>
                </TextEquiv>
            </TextLine>
            <TextLine id="r3l50" custom="readingOrder {index:49;}">
                <Coords points="2922,2324 2944,2323 2963,2342 2996,2337 3007,2345 3040,2333 3062,2344 3146,2343 3146,2292 3116,2292 3105,2281 3087,2289 3072,2282 3050,2297 3025,2282 2995,2304 2955,2279 2922,2283"/>
                <Baseline points="2940,2332 2966,2330 2993,2329 3020,2327 3047,2326 3074,2326 3101,2328 3128,2333"/>
                <TextEquiv>
                    <Unicode>216t</Unicode>
                </TextEquiv>
            </TextLine>
            <TextLine id="r3l51" custom="readingOrder {index:50;}">
                <Coords points="798,2341 1888,2369 1987,2363 1988,2311 798,2293"/>
                <Baseline points="817,2334 874,2336 932,2337 989,2338 1047,2340 1104,2341 1162,2342 1219,2343 1277,2344 1334,2345 1392,2346 1450,2347 1507,2347 1565,2348 1622,2349 1680,2350 1737,2350 1795,2351 1852,2351 1910,2352 1968,2352"/>
                <TextEquiv>
                    <Unicode>keit der großen Dame, in dem Geschmeidigen, dem feuchten Blick, den</Unicode>
                </TextEquiv>
            </TextLine>
            <TextLine id="r3l52" custom="readingOrder {index:51;}">
                <Coords points="192,2368 802,2384 803,2333 193,2327"/>
                <Baseline points="210,2361 238,2362 267,2362 296,2363 325,2365 353,2365 382,2366 411,2367 440,2369 468,2369 497,2370 526,2371 555,2372 583,2373 612,2374 641,2374 670,2374 698,2375 727,2375 756,2375 785,2374"/>
                <TextEquiv>
                    <Unicode>en —; aber das eigentliche seiner</Unicode>
                </TextEquiv>
            </TextLine>
            <TextLine id="r3l53" custom="readingOrder {index:52;}">
                <Coords points="791,2388 1985,2409 1985,2362 1905,2353 792,2329"/>
                <Baseline points="810,2378 867,2380 925,2382 983,2383 1041,2385 1099,2386 1157,2387 1214,2388 1272,2388 1330,2389 1388,2390 1446,2390 1504,2391 1562,2391 1619,2392 1677,2393 1735,2394 1793,2394 1851,2396 1909,2397 1967,2399"/>
                <TextEquiv>
                    <Unicode>feuchten Lippen, dem Leuchten der Augen. Aber selbst ihre</Unicode>
                </TextEquiv>
            </TextLine>
            <TextLine id="r3l54" custom="readingOrder {index:53;}">
                <Coords points="188,2414 284,2405 371,2433 431,2419 595,2449 651,2424 683,2447 757,2427 805,2443 806,2376 189,2366"/>
                <Baseline points="206,2406 235,2407 264,2408 293,2408 322,2410 351,2411 380,2411 409,2412 438,2413 467,2414 497,2415 526,2416 555,2416 584,2417 613,2418 642,2418 671,2418 700,2418 729,2418 758,2418 788,2417"/>
                <TextEquiv>
                    <Unicode>des, seiner Eigenwilligkeit, seiner</Unicode>
                </TextEquiv>
            </TextLine>
            <TextLine id="r3l55" custom="readingOrder {index:54;}">
                <Coords points="793,2424 1990,2455 1990,2408 1888,2395 794,2376"/>
                <Baseline points="810,2422 868,2424 926,2425 984,2427 1042,2428 1100,2429 1158,2430 1217,2431 1275,2432 1333,2433 1391,2433 1449,2434 1507,2435 1565,2435 1624,2436 1682,2436 1740,2437 1798,2438 1856,2438 1914,2439 1973,2440"/>
                <TextEquiv>
                    <Unicode>Mondänität ist bürgerlich, vielleicht großbürgerlich, plutokratisch.</Unicode>
                </TextEquiv>
            </TextLine>
            <TextLine id="r3l56" custom="readingOrder {index:55;}">
                <Coords points="186,2460 212,2460 219,2468 271,2461 278,2469 285,2462 300,2477 392,2452 392,2423 359,2415 315,2422 297,2410 268,2421 257,2413 187,2416"/>
                <Baseline points="206,2453 233,2454 261,2455 289,2455 316,2456 344,2456 372,2455"/>
                <TextEquiv>
                    <Unicode>friedigt.</Unicode>
                </TextEquiv>
            </TextLine>
            <TextLine id="r3l57" custom="readingOrder {index:56;}">
                <Coords points="784,2488 1992,2499 1993,2440 785,2422"/>
                <Baseline points="802,2469 860,2470 919,2470 977,2471 1036,2472 1095,2473 1153,2473 1212,2474 1271,2475 1329,2476 1388,2477 1447,2478 1505,2479 1564,2480 1623,2481 1681,2481 1740,2483 1799,2484 1857,2485 1916,2486 1975,2487"/>
                <TextEquiv>
                    <Unicode>Frau Triesch hat mit der Moderne nichts zu schaffen. Sie kommt</Unicode>
                </TextEquiv>
            </TextLine>
            <TextLine id="r3l58" custom="readingOrder {index:57;}">
                <Coords points="192,2505 482,2525 637,2506 805,2535 806,2469 718,2456 645,2466 528,2441 483,2463 193,2457"/>
                <Baseline points="210,2501 238,2502 267,2502 296,2502 325,2503 354,2503 383,2504 412,2504 441,2505 470,2505 499,2505 527,2506 556,2506 585,2507 614,2508 643,2508 672,2509 701,2510 730,2510 759,2512 788,2513"/>
                <TextEquiv>
                    <Unicode>wenn man uns Früheres von ihm</Unicode>
                </TextEquiv>
            </TextLine>
            <TextLine id="r3l59" custom="readingOrder {index:58;}">
                <Coords points="797,2514 1861,2562 1998,2535 1999,2498 798,2470"/>
                <Baseline points="814,2511 872,2511 930,2511 989,2512 1047,2513 1105,2514 1164,2515 1222,2516 1280,2518 1339,2520 1397,2521 1455,2523 1514,2524 1572,2526 1630,2527 1689,2528 1747,2529 1805,2530 1864,2530 1922,2530 1981,2529"/>
                <TextEquiv>
                    <Unicode>von den Makart=Buketts und hat sich bis zu dem eleganten Pfeudo¬</Unicode>
                </TextEquiv>
            </TextLine>
            <TextLine id="r3l60" custom="readingOrder {index:59;}">
                <Coords points="181,2557 490,2550 798,2572 799,2521 638,2506 490,2525 182,2495"/>
                <Baseline points="200,2544 229,2545 258,2545 287,2546 316,2547 345,2548 374,2549 403,2550 432,2551 461,2552 490,2553 519,2555 548,2555 577,2556 606,2556 635,2557 664,2557 693,2557 722,2556 751,2555 780,2554"/>
                <TextEquiv>
                    <Unicode>Frühere hat zu altern begonnen,</Unicode>
                </TextEquiv>
            </TextLine>
            <TextLine id="r3l61" custom="readingOrder {index:60;}">
                <Coords points="793,2572 1558,2566 1558,2522 1525,2518 794,2514"/>
                <Baseline points="812,2554 848,2555 884,2555 921,2556 957,2556 994,2557 1030,2558 1067,2558 1103,2558 1140,2559 1176,2560 1212,2560 1249,2561 1285,2561 1322,2562 1358,2563 1395,2563 1431,2564 1468,2564 1504,2565 1541,2566"/>
                <TextEquiv>
                    <Unicode>Mystizismus von Gabriel Max entwickelt.</Unicode>
                </TextEquiv>
            </TextLine>
            <TextLine id="r3l62" custom="readingOrder {index:61;}">
                <Coords points="189,2587 394,2617 420,2592 637,2616 666,2594 813,2627 814,2569 763,2560 190,2539"/>
                <Baseline points="208,2586 237,2587 266,2589 296,2590 325,2592 355,2592 384,2594 413,2595 443,2596 472,2597 502,2598 531,2599 560,2600 590,2600 619,2600 649,2600 678,2600 707,2600 737,2600 766,2599 796,2598"/>
                <TextEquiv>
                    <Unicode>Teil) auf eine köstliche Weise.</Unicode>
                </TextEquiv>
            </TextLine>
            <TextLine id="r3l63" custom="readingOrder {index:62;}">
                <Coords points="851,2603 1824,2640 2005,2599 2006,2551 852,2574"/>
                <Baseline points="869,2598 924,2599 980,2600 1036,2601 1092,2603 1148,2604 1204,2605 1260,2607 1316,2608 1372,2608 1428,2610 1483,2611 1539,2612 1595,2612 1651,2613 1707,2614 1763,2614 1819,2614 1875,2614 1931,2614 1987,2614"/>
                <TextEquiv>
                    <Unicode>Alles, was der Irene Triesch fehlt: die Fülle innerer patho¬</Unicode>
                </TextEquiv>
            </TextLine>
            <TextLine id="r3l64" custom="readingOrder {index:63;}">
                <Coords points="190,2637 370,2646 400,2628 421,2648 627,2639 663,2655 730,2635 806,2663 808,2604 192,2585"/>
                <Baseline points="208,2629 237,2631 266,2632 295,2633 324,2635 353,2636 382,2638 411,2639 440,2640 469,2641 499,2643 528,2644 557,2645 586,2646 615,2646 644,2646 673,2647 702,2646 731,2646 760,2646 790,2645"/>
                <TextEquiv>
                    <Unicode>Duft von Edelfäulnis, fast so,</Unicode>
                </TextEquiv>
            </TextLine>
            <TextLine id="r3l65" custom="readingOrder {index:64;}">
                <Coords points="796,2655 2000,2681 2001,2600 1817,2635 797,2581"/>
                <Baseline points="816,2642 874,2644 932,2646 991,2648 1049,2649 1107,2650 1166,2651 1224,2652 1282,2652 1341,2653 1399,2654 1457,2654 1516,2655 1574,2655 1632,2656 1691,2656 1749,2657 1807,2658 1866,2658 1924,2659 1983,2660"/>
                <TextEquiv>
                    <Unicode>logischer Möglichkeiten, das hat Albert Bassermann. Dieser</Unicode>
                </TextEquiv>
            </TextLine>
            <TextLine id="r3l66" custom="readingOrder {index:65;}">
                <Coords points="185,2684 1988,2724 1989,2676 1850,2659 186,2636"/>
                <Baseline points="202,2674 290,2677 378,2680 467,2682 555,2684 644,2686 732,2688 820,2690 909,2691 997,2693 1086,2695 1174,2696 1262,2697 1351,2698 1439,2699 1528,2700 1616,2701 1704,2702 1793,2702 1881,2702 1970,2702"/>
                <TextEquiv>
                    <Unicode>sentimentalen Dichter des ancien große Künstler bot gestern, als „Puppenspieler“, eine Gestalt, die</Unicode>
                </TextEquiv>
            </TextLine>
            <TextLine id="r3l67" custom="readingOrder {index:66;}">
                <Coords points="183,2725 1990,2747 1968,2706 184,2681"/>
                <Baseline points="203,2721 291,2722 380,2724 468,2726 557,2728 645,2730 734,2731 822,2733 911,2734 999,2736 1088,2738 1176,2739 1265,2740 1353,2742 1442,2743 1530,2744 1619,2745 1707,2747 1796,2748 1884,2748 1973,2749"/>
                <TextEquiv>
                    <Unicode>chnitzler, geboren in Wien, lebt man als einen Freund bewahren wird. Er zeigte (über den</Unicode>
                </TextEquiv>
            </TextLine>
            <TextLine id="r3l68" custom="readingOrder {index:67;}">
                <Coords points="179,2769 1900,2808 1990,2747 179,2728"/>
                <Baseline points="196,2762 284,2764 373,2766 462,2768 551,2770 639,2772 728,2774 817,2776 906,2777 994,2779 1083,2780 1172,2782 1261,2783 1349,2785 1438,2786 1527,2787 1616,2788 1704,2789 1793,2789 1882,2790 1971,2790"/>
                <TextEquiv>
                    <Unicode>er der „Lebendigen Stunden“, die Dichter hinauswachsend) die kleine Pose, zu der die intellektuelle</Unicode>
                </TextEquiv>
            </TextLine>
            <TextLine id="r3l69" custom="readingOrder {index:68;}">
                <Coords points="180,2809 1983,2844 1954,2795 1554,2774 181,2762"/>
                <Baseline points="197,2806 285,2808 373,2810 462,2812 550,2814 639,2816 727,2817 815,2819 904,2821 992,2822 1081,2824 1169,2826 1257,2827 1346,2828 1434,2830 1523,2831 1611,2832 1699,2833 1788,2834 1876,2835 1965,2836"/>
                <TextEquiv>
                    <Unicode>keine, immer etwas haushälterische Dämonie sich heute verurteilt sieht; einen Ramponierten, der sich</Unicode>
                </TextEquiv>
            </TextLine>
            <TextLine id="r3l70" custom="readingOrder {index:69;}">
                <Coords points="188,2860 1998,2888 1999,2822 189,2813"/>
                <Baseline points="205,2852 293,2854 382,2855 471,2857 560,2858 649,2860 737,2862 826,2863 915,2865 1004,2866 1093,2868 1181,2869 1270,2871 1359,2872 1448,2873 1537,2874 1625,2875 1714,2876 1803,2877 1892,2877 1981,2878"/>
                <TextEquiv>
                    <Unicode>nt auch den aus einem anderen krampfhaft und bitter=glücklich in seinen hellgelben Sommerpaletot</Unicode>
                </TextEquiv>
            </TextLine>
            <TextLine id="r3l71" custom="readingOrder {index:70;}">
                <Coords points="180,2906 368,2896 804,2925 806,2863 328,2866 182,2844"/>
                <Baseline points="197,2894 226,2895 256,2896 285,2896 315,2897 344,2897 374,2898 403,2899 433,2900 462,2901 492,2901 521,2902 551,2903 580,2903 610,2904 639,2905 669,2906 698,2906 728,2907 757,2907 787,2908"/>
                <TextEquiv>
                    <Unicode>nspieler“. Und man erinnert sich:</Unicode>
                </TextEquiv>
            </TextLine>
            <TextLine id="r3l72" custom="readingOrder {index:71;}">
                <Coords points="785,2913 1849,2939 1989,2930 1990,2886 785,2861"/>
                <Baseline points="803,2909 861,2909 919,2909 978,2909 1036,2910 1095,2911 1153,2912 1211,2913 1270,2914 1328,2915 1387,2916 1445,2918 1503,2918 1562,2919 1620,2920 1679,2921 1737,2922 1795,2922 1854,2922 1912,2922 1971,2922"/>
                <TextEquiv>
                    <Unicode>versteckt (vielleicht hat er keinen Rock darunter); einen, der, allen</Unicode>
                </TextEquiv>
            </TextLine>
            <TextLine id="r3l73" custom="readingOrder {index:72;}">
                <Coords points="178,2952 1989,2983 1990,2931 179,2886"/>
                <Baseline points="196,2937 284,2940 373,2941 462,2943 550,2945 639,2947 728,2949 816,2951 905,2952 994,2954 1083,2955 1171,2957 1260,2958 1349,2959 1437,2961 1526,2962 1615,2963 1703,2964 1792,2965 1881,2966 1970,2967"/>
                <TextEquiv>
                    <Unicode>Letzten Masken“, ein Sterbender überlegen —, in Lebensdingen allen unterlegen, sich doch seinen</Unicode>
                </TextEquiv>
            </TextLine>
            <TextLine id="r3l74" custom="readingOrder {index:73;}">
                <Coords points="180,2985 1993,3033 1995,2959 181,2934"/>
                <Baseline points="199,2981 287,2983 376,2986 465,2988 554,2991 643,2993 732,2995 820,2997 909,2998 998,3000 1087,3001 1176,3003 1265,3004 1354,3005 1442,3006 1531,3007 1620,3008 1709,3008 1798,3009 1887,3009 1976,3010"/>
                <TextEquiv>
                    <Unicode>des sagen will — und wie er,] Duft gerettet hat, seine höhnisch=vibrierende Note, sein Apartes,</Unicode>
                </TextEquiv>
            </TextLine>
            <TextLine id="r3l75" custom="readingOrder {index:74;}">
                <Coords points="185,3033 1985,3054 1985,3010 186,2989"/>
                <Baseline points="202,3026 290,3028 378,3032 466,3034 555,3037 643,3039 731,3041 819,3043 908,3044 996,3045 1084,3047 1172,3048 1261,3049 1349,3049 1437,3050 1525,3051 1614,3051 1702,3051 1790,3051 1878,3052 1967,3052"/>
                <TextEquiv>
                    <Unicode>enden, davon absteht; wie, in der seine graziös=verzerrte Vornehmheit, das Bewußtsein, ein innerer</Unicode>
                </TextEquiv>
            </TextLine>
            <TextLine id="r3l76" custom="readingOrder {index:75;}">
                <Coords points="187,3077 2000,3122 2001,3059 187,3029"/>
                <Baseline points="206,3069 294,3073 383,3075 472,3078 561,3080 650,3083 739,3085 827,3087 916,3088 1005,3089 1094,3091 1183,3092 1272,3093 1361,3093 1449,3094 1538,3095 1627,3095 1716,3096 1805,3096 1894,3097 1983,3097"/>
                <TextEquiv>
                    <Unicode>anstatt in die Liebes=Mansarden Verschwörer gegen alle Konsolidierten zu sein, gegen alle die, die</Unicode>
                </TextEquiv>
            </TextLine>
            <TextLine id="r3l77" custom="readingOrder {index:76;}">
                <Coords points="184,3111 796,3145 798,3090 185,3063"/>
                <Baseline points="201,3112 229,3113 258,3113 287,3114 316,3115 345,3116 374,3116 402,3117 431,3118 460,3118 489,3119 518,3120 547,3121 576,3122 604,3123 633,3125 662,3125 691,3127 720,3128 749,3130 778,3131"/>
                <TextEquiv>
                    <Unicode>lieber im warmen Stall des ganz</Unicode>
                </TextEquiv>
            </TextLine>
            <TextLine id="r3l78" custom="readingOrder {index:77;}">
                <Coords points="784,3128 1103,3160 1992,3141 1992,3093 784,3087"/>
                <Baseline points="801,3132 859,3132 918,3132 977,3132 1035,3133 1094,3133 1153,3134 1211,3134 1270,3135 1329,3136 1388,3137 1446,3137 1505,3138 1564,3138 1622,3139 1681,3139 1740,3139 1798,3139 1857,3139 1916,3139 1975,3138"/>
                <TextEquiv>
                    <Unicode>an weißgedeckten Tischen sitzen und sich von einem Dienstmädchen be¬</Unicode>
                </TextEquiv>
            </TextLine>
            <TextLine id="r3l79" custom="readingOrder {index:78;}">
                <Coords points="189,3175 233,3157 251,3173 355,3160 376,3176 607,3185 681,3168 795,3186 796,3130 190,3116"/>
                <Baseline points="209,3157 237,3158 265,3159 294,3160 322,3161 351,3162 379,3162 407,3163 436,3164 464,3164 493,3165 521,3166 549,3166 578,3167 606,3167 635,3168 663,3168 691,3169 720,3170 748,3171 777,3172"/>
                <TextEquiv>
                    <Unicode>t (Nähe Hartlebens); wie einer,</Unicode>
                </TextEquiv>
            </TextLine>
            <TextLine id="r3l80" custom="readingOrder {index:79;}">
                <Coords points="782,3175 1990,3196 1991,3141 783,3127"/>
                <Baseline points="802,3171 860,3172 919,3172 977,3173 1036,3173 1094,3174 1153,3175 1211,3176 1270,3176 1328,3177 1387,3178 1446,3179 1504,3179 1563,3180 1621,3181 1680,3181 1738,3182 1797,3183 1855,3183 1914,3183 1973,3184"/>
                <TextEquiv>
                    <Unicode>dienen lassen... Wie dieser scheinbar gescheiterte Puppenspieler sich</Unicode>
                </TextEquiv>
            </TextLine>
            <TextLine id="r3l81" custom="readingOrder {index:80;}">
                <Coords points="199,3206 1968,3254 2010,3207 199,3158"/>
                <Baseline points="216,3199 304,3203 393,3206 482,3208 571,3210 659,3211 748,3213 837,3214 926,3215 1014,3216 1103,3216 1192,3217 1281,3218 1369,3219 1458,3220 1547,3221 1636,3223 1724,3225 1813,3227 1902,3230 1991,3233"/>
                <TextEquiv>
                    <Unicode>Puppenspieler andere zu lenken verkriecht und sich genießt und einer Rührung anheimfällt und doch der</Unicode>
                </TextEquiv>
            </TextLine>
            <TextLine id="r3l82" custom="readingOrder {index:81;}">
                <Coords points="177,3261 1998,3289 1999,3234 178,3198"/>
                <Baseline points="196,3243 285,3247 374,3251 463,3253 552,3256 641,3258 730,3260 820,3262 909,3264 998,3265 1087,3266 1176,3267 1265,3268 1354,3269 1444,3269 1533,3270 1622,3271 1711,3272 1800,3273 1889,3274 1979,3276"/>
                <TextEquiv>
                    <Unicode>te, Determinierteste, auch Glück= Stärkste ist —, wie er sich selbst erledigt mit Ironie und doch auf¬</Unicode>
                </TextEquiv>
            </TextLine>
            <TextLine id="r3l83" custom="readingOrder {index:82;}">
                <Coords points="198,3308 1916,3342 2002,3262 199,3253"/>
                <Baseline points="215,3292 303,3295 391,3298 479,3301 568,3303 656,3304 744,3305 833,3306 921,3307 1009,3307 1098,3308 1186,3308 1274,3308 1362,3309 1451,3309 1539,3310 1627,3311 1716,3313 1804,3315 1892,3317 1981,3320"/>
                <TextEquiv>
                    <Unicode>unn dies. Szene in der Bilder=reckt als ein Freier, ein Eroberer, ein Schönheits= und Erregungs¬</Unicode>
                </TextEquiv>
            </TextLine>
            <TextEquiv>
                <Unicode>16.1. Lebendige Stunden zuklus box 21/5
galerie, wo, in einem nachgedunkelten Renaissance=Porträt: „Frau bedürftiger, einer mit dem großen Kunstwert der 
leton.
mit dem Dolche — unbekannter Meister“, eine moderne, sinnliche zweiflung —, dafür wird man dem Menschenerwecker Basser
Dame sich selbst wieder erkennt, ihre einstige Erscheinungsform, ihr
lange dankbar sein. Er hat einen Edlen unserer Zeit gesche
Theater.
dunkles, wogendes Schicksal vor vielen hundert Jahren. Der und das Material dazu hatte er in seinem eigenen Inner
sebendige Stunden“.)
schmale Saal mit den Gemälden; die Dame und ihr Liebhaber, beide funden... (In zwei anderen Rollen machte Bassermann,
gefährdet (auch der jungen Renate Fuchs Liebesgeschichte begann
em man wie zu einem Abenteuer
Routinier, lächelnd und nebenbei, zwei brillante Studien.).
in der Pinakothek, eines Sommertags gegen Abend); dann dies
Emoking —, von Arthur Schnitzler
Emanuel Reicher, der immer die Qual und das Pathos
plötzliche Wiedererkennen der Situation, diese dvajuchpei, dies Sich¬
nteuer: ein wenig verwirrt und
letzten Stunden darzustellen hat, wird schwer den Verdacht von
besinnen: „Das muß ich doch schon einmal erlebt haben“ —, und
nnde enttäuscht. Dieser Wiener
abwehren können, daß er nicht allzusehr dabei leidet. Ein ern
wie dann aus der finsteren Goldflut der Vergangenheit das
soltairianer zu sein, und der
voller, männlicher Spieler — gewiß; aber doch nie einer mit
Parallel=Schicksal aufleuchtet —, diese große Miniatur=Kühnheit, wahren Aengsten der Zeit. So auch in der Rolle des sterbem
en mit psychopathischen Wundern
die an Tiefen rührt, klingend und lockend und abweisend —, sie
Journalisten Rademacher.
angeur mit den weichen Händss wird sich länger im Gedächtnis der Menschen erhalten als die
Klare Leistungen gaben die Herren Stieler, Forest u
#is unserer Einsicht und unser übrigen Szenen (die die Gestaltung von Einfällen, Aphorisrnen
erde — auch den Willen tieferer
Marx. Alles etwas philologische Leistungen. (Wie denn di
sind, mit dem Konzentrationswert einer enthüllenden Viertelstunde)
len die Sättigung (muß sie, kraft
Charakterunterschied zwischen der Bühne des Germanisten und di
In der Darstellung trug nicht „Die Frau mit dem Dolche“ den
verliebt ist, versagen). Bei Oscar
des Komödianten jetzt ganz rein destilliert ist: nördliche und süt
Hauptton. Irene Triesch ist nicht dazu da, seelischem Erschauert:
östliche Kunst; Schule und Welttheater; das Preußen Friedrichs de¬
Aussicht auf den Green Park, sagt bannkräftige Nachhaltigkeit zu leihen. Das Sichere dieser einwands= Großen und das Sachsen Augusts des Starken; Sparta und Alhen;
en wenigstens einen Reiz: sie lassen
freien Kompromißkünstlerin liegt in allem, was nahe der Sinnlichkeit
ter, hat mehr Reize als selbst solche
schw Suppe und bunte Schlüssel; Brahm und Reinhardt.) Ha.
liegt (was denn bei den Frauen freilich viel ist): in der Katzenhaftig¬
che Attachés ihren Freunden aus
216t
keit der großen Dame, in dem Geschmeidigen, dem feuchten Blick, den
en —; aber das eigentliche seiner
feuchten Lippen, dem Leuchten der Augen. Aber selbst ihre
des, seiner Eigenwilligkeit, seiner
Mondänität ist bürgerlich, vielleicht großbürgerlich, plutokratisch.
friedigt.
Frau Triesch hat mit der Moderne nichts zu schaffen. Sie kommt
wenn man uns Früheres von ihm
von den Makart=Buketts und hat sich bis zu dem eleganten Pfeudo¬
Frühere hat zu altern begonnen,
Mystizismus von Gabriel Max entwickelt.
Teil) auf eine köstliche Weise.
Alles, was der Irene Triesch fehlt: die Fülle innerer patho¬
Duft von Edelfäulnis, fast so,
logischer Möglichkeiten, das hat Albert Bassermann. Dieser
sentimentalen Dichter des ancien große Künstler bot gestern, als „Puppenspieler“, eine Gestalt, die
chnitzler, geboren in Wien, lebt man als einen Freund bewahren wird. Er zeigte (über den
er der „Lebendigen Stunden“, die Dichter hinauswachsend) die kleine Pose, zu der die intellektuelle
keine, immer etwas haushälterische Dämonie sich heute verurteilt sieht; einen Ramponierten, der sich
nt auch den aus einem anderen krampfhaft und bitter=glücklich in seinen hellgelben Sommerpaletot
nspieler“. Und man erinnert sich:
versteckt (vielleicht hat er keinen Rock darunter); einen, der, allen
Letzten Masken“, ein Sterbender überlegen —, in Lebensdingen allen unterlegen, sich doch seinen
des sagen will — und wie er,] Duft gerettet hat, seine höhnisch=vibrierende Note, sein Apartes,
enden, davon absteht; wie, in der seine graziös=verzerrte Vornehmheit, das Bewußtsein, ein innerer
anstatt in die Liebes=Mansarden Verschwörer gegen alle Konsolidierten zu sein, gegen alle die, die
lieber im warmen Stall des ganz
an weißgedeckten Tischen sitzen und sich von einem Dienstmädchen be¬
t (Nähe Hartlebens); wie einer,
dienen lassen... Wie dieser scheinbar gescheiterte Puppenspieler sich
Puppenspieler andere zu lenken verkriecht und sich genießt und einer Rührung anheimfällt und doch der
te, Determinierteste, auch Glück= Stärkste ist —, wie er sich selbst erledigt mit Ironie und doch auf¬
unn dies. Szene in der Bilder=reckt als ein Freier, ein Eroberer, ein Schönheits= und Erregungs¬</Unicode>
            </TextEquiv>
        </TextRegion>
    </Page>
</PcGts>
