3436 4256
2108 176 2578 283 box 21/2
305 164 2084 284 16.1. Lebendige Stunden Zvklus
148 1658 3203 1777 Katadu, an Freiwild, an Paruceljus Schaffen und Genießen —, aber viel breiter ist ein anderes mik glänzendem Witze das Zerrbild der Lebensführung des
160 1708 3209 1834 Suggestionsproblems, an Liebelei, an Thema ausgeführt, das Problem der Seelenwanderung. Vor Genies — die Bohôme. Die künstlerische Selbstbefreiung von
168 1753 3200 1824 ist lein Zufall, daß unter unseren einem Renaissance=Gemälde in der Gemäldegalerie, das eine einen. seelischen Erlebnisse wird hier zur seelischen Preisgebung
160 1803 857 1863 viel Einakter geschrieben hat, wie er,
836 1803 3196 1919 Frau mit einem Dolche parsteilt, erlebt eine junge Frau, die mit und die Auffassung der Alltagsmoral mit ihren Anstands¬
169 1840 3198 1954 , knapper, zu schneller Entwickelung ihrem Anbeter dort zusammentrifft, plötzlich in einem geheimniß= begriffen, daß Velenntnisse dieser Art schlimmer sind als Tricot¬
170 1885 3197 1989 zusagende Form findet. Schnitzlersvollen Traumzustande, die Geschichte dieses Bildes, — eine Schaustellungen, behält recht. Der Reiz dieses Einakters ruht
153 1930 3200 1987 backenden Dialog zu schreiben. Er ist Scene aus der Renaissaneezeit, in der eine Frau den Mann, ganz auf dem geinreichen, sein zugespitzten Dialog und läßt sich
158 1975 856 2048 keit. Man langweilt sich nie bei ihm,
833 1984 3197 2073 dem sie sich in einem Augenblick erotischen Rausches hingegeben aljo nicht wiedergeben. Er wurde von Fräulein Triesch und
149 2013 3188 2072 r selten warm, weil er selten ganz hat, erdolcht, als er ihrem heimgekehrten Gatten mit dem Tode den Herren Ritiner und Bassermann mit genialer Laune
149 2062 3195 2160 instlerischem Gestaltungsdrange schafft. droht. Der Fall ist psychologisch zu verwickelt, um ihn hier ganz gespielt und wirkte igemein stark. Auch in den anderen drei
150 2100 3188 2223 erade das Problem der künstlerischen genau wiederzugeben; die Andeutungen mögen genügen. Der= Stücken war die Darstellung jast durchweg ersten Ranges.
140 2145 2011 2238 Erlebnisses, das er, im Gegensatz zu selbe geheimnißvolle Zusammenhang, der die junge Frau vor
1997 2187 2641 2268 Schnitzler wurde sehr oft gerusen.
137 2186 846 2259 gen wir einmal der Alltagsmenschen,
840 2209 2016 2281 dem Bilde, das ihr so ähnlich sieht, diese Geschichte in der Phan¬
147 2239 842 2300 Frtert. Ganz einer Erörierung eines
830 2247 2018 2325 tasie erleben läßt, wird sie nun zwingen, denselben Weg zu
138 2288 836 2342 icht zumal das erste Stück, „Leben¬
2053 2256 3183 2357 Ueber Georg Büchners Drama „Dantons Tod“ und
830 2294 3189 2380 gehen, wie vor Jahrhunderten ihr Ebenbild, trotzdem ihr Ver=seinen litterarischen Werth mich zu äußern, kann mir natürlich
173 2322 2012 2418 r ganzen Reihe den Namen gegeben stand ihr klar die Gefahren zeigt, trotzdem sie ihren Gatten liebt
135 2355 845 2430 schiedene Wirkung, die der Tod eines
1990 2353 3185 2430 nicht einfallen. Nur von der Aufführbarkeit kann hier die Rede
823 2378 3191 2476 und sich über die Empfindungen, die ihr der Liebhaber sein. Nun sagte ich schon, daß die Aufführung — abgesehen
137 2409 3192 2461 Menschen übt: auf einen Künstler, der keinflößt, keiner Täuschung hingiebt. Möglich, daß in einerletwa von der Darstellung des Danton durch Herrn Gürtler
143 2450 841 2511 den kräfteverzehrenden unfruchtbaren
834 2467 2000 2538 Novelle dieser „Fall“ uns menschlich nahe gerückt würde — mit
146 2492 837 2552 indem er künstlerisch schafft, und auf
1988 2495 3184 2571 und des St. Just durch Herrn Beck — trotz aller Begeisterung
830 2505 1999 2584 den beschräntten Mitteln der dramatischen Technik ist es jeden¬
1994 2529 3190 2616 und Liebe nur sehr geringwerthig und also für das Ur¬
150 2545 1995 2646 r Bequemlichkeit halber den Ausdruck falls nicht gelungen. Wir folgen nur äußerlich gespannt und
1982 2567 3178 2651 theil nicht maßgebend war. Trotzdem glaube ich behaupten
139 2585 1297 2657 kr sich ganz diesem Schmerze hingiebt lwerden nicht überzengt.
136 2617 838 2691 d Grauen gemischten Cmpfindung auf
1964 2616 3179 2695 zu dürfen, daß selbst bei glanzendster Wiedergabe nur
885 2639 3191 2749 Am reinsten wirkt das dritte Stück „Letzte Masken“, dassehr wenige Scenen unmittelbar künsilerisch stark wirken
137 2653 835 2736 ünstler ist der Sohn der Verstorbenen,
823 2680 3176 2739 besonders eindringlich den höheren Werth der Lebensführung des werden, und daß „Dantons Tod“ für die heutige Bühme nicht
132 2717 830 2779 iger alter Freund, der sie und den sie
827 2728 3180 2782 Künstlers vertündet. Da ist ein sterbender Dichter, der seinen! zu retten ist. Die Formlosigkeit des in bedrängter Eile unter
128 2752 3180 2878 könlichkeit geliebt hat. Sie war ihm jeinstigen, inzwischen mit allen Kränzen des Erfolges gekrönten stödlichen Qualen von einem vielleicht genial veranlagten einund¬
156 2805 835 2871 alles zu sein. Und doch ist sie für
816 2814 3176 2870 Freuno und Nebenbuhler noch einmal vor seinem Tode zu sich zwanzigjährigen Jüngling hingeworfenen Werkes, die Phrasen¬
139 2845 836 2903 schweren Qualen ihres langen Siech¬
829 2848 3186 2913 rufen läßt, um ihm endlich einmal seinen Haß ins Gesicht zuhaftigteit, die sich aus der Zeit und aus der Jugend des Ver¬
131 2887 833 2952 haffenskraft erlahmte, freiwillig in den
817 2901 3176 3007 schreien. Aber als er den berühmten Tichter vor sich sieht, als fassers erklärt, die abschreckende Derbheit des Ausdrucks, die
137 2928 831 2993 beheimniß verräth der alte Freund
830 2950 3171 3001 er sein banales, kleinliches Alltagsgeschwätz hört, da überkommt wiederum doch auch gerade die eigenthümliche Kraft des Dichters
130 2982 3176 3026 kn dem Sohne, den er nicht begreifen ihn die Ertenntni# des Reichthums, den er in seinem äußerlich bekundet, sind allzustarke Hindernisse für den Plan, das Werk
132 3015 3163 3143 lirch diesen neuen Schlag nur einen so armen, hungernden Leben allezeit in sich gehabt, und die Er= ins Leben zurückzurufen. Büchners Loos ist tragisch, aber diese
145 3061 3176 3171 richtet er das Haupt empor: Die kenntniß der Armuth seines beneideten Nebenbuhlers mit solcher! Tragik gehört zum Bilde seiner Perjönlichkeit, und die Nachwelt
128 3102 3174 3206 us gestorben sein, er wird sich des Stärte, daß er leichten Herzens auf seine Absicht verzichtet und sollte es unterlassen, der Tragödie seines Lebens durch eine ver¬
140 3152 3176 3279 suchen, etwas Großes zu vollbringen. befriedeten Herzens stirbt. Was hat er mit jenem zu schaffen?  spätete Anpastung seines Hauptdramas an die Anforderungen
139 3189 2922 3317 s Lebens, Leben zu schaffen. Diese Wie viele „lebendige Stunden“ hat er, wie viele wohl jener ge= der Bühne einen „versöhnenden Schluß“ zu geben!
114 3226 2003 3334 Gnitzler verfechten wollte, und um das nossen!? Ein schöner, eigenartiger, tiefer Gedanke! Unangenehm
132 3271 823 3350 , läßt er den Alten das Geheimniß
2762 3277 3130 3368 Victor Lézier.
810 3291 1990 3372 berührt nur die Art, wie Schnitzter dem Zuhöhrer die Kenntniß
130 3328 824 3387 dem Sohn verrathen — ein Motiv,
813 3340 1994 3413 dessen vermittelt, was der Sterbende seinem Feinde hatte ent¬
132 3366 1996 3473 hrt das Gepräge der Lebenswahrheit gegenschleudern wollen. Es ist da nämlich im Spital ein Patient,
802 3424 2005 3503 ein Schauspieler, vor dem der Sterbende in einer Art General¬
133 3427 824 3530 „Die Frau mit dem Dolche“
801 3473 1993 3555 probe seine große Anklagerede hält — eine menschlich durchaus
131 3476 815 3555 e Gegenüberstellung der beiden Welt¬
813 3508 1247 3582 rnmögliche Sitnation.
146 3529 822 3612 t zwischen dem, was dem einen und
873 3541 2008 3631 Das letzte Stück ist gewissermaßen das Satyrspiel nach der
128 3577 2007 3677 digen Studan“ hedauten — nämlich Sragödie. Ge heißt Litteratur“, und der Dichter saichnet hier
