3436 4384
2109 155 2566 257 box 21/3
291 147 1954 266 16.1. Lebendige Stundenzuklus
763 978 1229 1074 Telephon 12801.
394 1059 1626 1153 Alex. Weigl’s Unternehmen für Zeitungs-Ausschnitte
1403 1129 1636 1200 Ausschnitt
1227 1148 1342 1230 Oc
1453 1170 1691 1275 Nr. 17
2247 1196 2706 1298 Telephon 12801.
616 1175 1312 1291 „OBSERYEN
305 1263 1725 1370 L. österr. behördl. conc. Bureau für Zeitungsberichte u. Personalnachrichten
1869 1285 3091 1377 Alex. Weigl’s Unternehmen für Zeitungs-Ausschnitte
511 1324 1526 1418 Wien, IX/1, Türkenstrasse 17.
2865 1360 3093 1443 Ausschnitt
684 1400 1338 1494 — Filiale in Budapest: „Figyeló“ -
2091 1388 2820 1510 „OBSERYER“
2923 1422 3158 1512 Nr. 81
296 1450 1717 1560 Vertretungen in Berlin, Chicago, Genf, London, Newyork, Paris, Rom, Stockholm.
1768 1483 3206 1576 I. österr. behördl. conc. Bureau für Zeitungsberichte u. Personalnachrichten
1982 1562 2994 1651 Wien, IX/1, Türkenstrasse 17.
292 1602 820 1690 Ausschnitt aus:
2167 1625 2799 1702 Filiale in Budapest: „Figyelö“-
1761 1677 3204 1763 Vertretungen in Berlin, Chicago, Genf, London, Newyork, Paris, Rom. Stockholm.
539 1720 993 1860 ATE
979 1707 1731 1872 Sport u. Salon Wien
303 1743 545 1838 vom: 2
1767 1807 2297 1921 Ausschnitt aus:
2537 1812 3211 2030 Neues Maver lngeleg
1766 1962 2388 2107 80 / 1790 2—
430 2102 1715 2235 * Hamburg. Dem Begabtesten unter den Jungwienern,
372 2189 1706 2256 Arthur Schnitzler, gelang es, sich die Gunst des Pu¬
2759 2220 2991 2285 —
366 2233 1703 2317 blicums im Deutschen Schauspielhause durch seine -Le¬
2042 2255 2982 2347 * Aus Hamburg wird uns telegraphirt: Arthur
360 2272 1701 2366 bendige Stundene voll und ganz zu erobern. Auf den In¬
1949 2328 2977 2395 Schnitzler's „Lebendige Stunden“ hatten im
362 2335 1703 2419 halt und Werth der vier Einacter, welche die soo. Vor¬
1946 2368 2987 2432 Deutschen Schauspielhause einen entschiedenen literarischen
367 2386 1709 2471 stellung seit Eröffnung des Theaters bildeten, braucht an
1941 2426 2990 2484 Erfolg, welcher im Schlußtheil zu lebhaftestem allgemeinen
371 2436 1703 2512 dieser Stelle nicht näher eingegangen zu werden, da
1949 2476 2989 2556 Erfolg anwuchs. Director Baron Verger dankte namens
362 2476 1699 2556 beides bereits in diesem Blatte gewürdigt wurde. Das Ham¬
1941 2511 2212 2578 des Dichters.
363 2523 1706 2607 burger Publicum war gleich dem anderer Städte mit Recht
362 2574 1702 2649 der Meinung, dass es der schlechteste Beruf nicht ist, le¬
370 2626 1703 2713 bendigen Stunden solche Erinnerung zu verleihen. Ich
2234 2663 2730 2752 Bezugs-Bedingungen:
354 2672 1743 2759 habe mich auf Regie und Darstellung zu beschränken. as
350 2743 1860 2816 Ein Ukas der Direction verbietet es von jetzt ab, den en Für
1874 2728 2924 2820 50 Zeitungsausschnitte (Artikel oder Notizen) Kr. 15.—)
2942 2760 3151 2821 inclusive
1852 2778 1957 2824 100
2786 2793 2924 2847 28.—
354 2781 1696 2859 Namen des Regisseurs dem Publicum mitzutheilen, so dass
2744 2806 2783 2855 9
2970 2812 3134 2858 Porto.
1855 2817 1969 2863 200
2785 2829 2911 2878 50.—
2377 2798 2430 2883 7
350 2818 1761 2917 Herr Unbekannt sich mit dem uneingeschränktesten Lobe jje
2947 2842 3144 2899 Zahlbar
1854 2856 1966 2899 500
2739 2868 2911 2927 „ 110.—
2498 2850 2550 2924 2
351 2880 1682 2961 begnügen muss. Die Darstellung war nur in Nr. 2 und 4.
1779 2891 1958 2950 „ 1000
2739 2883 3161 2967 200.—) im Voraus.
2494 2919 2538 2962 „
1666 2912 1759 2996 20
362 2917 1723 2990 „Die Frau mit dem Dolcher und -Literaturg, meisterhaft. s
1864 2939 3191 3009 Im Gegensatze zu anderen Bureaux für Zeitungsausschnitte ist das
1677 2989 1746 3037 che
1761 2964 2772 3049 Abonnement durch keine bestimmte Zeitdauer begrenzt;
356 2978 1754 3082 Adele Dosi, Max Montor und Robert Nhil als „Pau- lit¬
2765 3000 3193 3054 — auch steht es den
1764 3030 3080 3097 Abonnenten frei die aufgegebenen Themen zu ergänzen oder zu ändern.
350 3036 1689 3106 line“, „Leonhard- und „Remigio“, sowie Nelly Hönigswald
356 3079 1678 3160 (Margarethe“), Eugen Burg („Clemens') und Paul Biens¬
1859 3089 3188 3181 Der „OBSERVER“ veranstaltet täglich einen Auszug enthaltend die
354 3129 1683 3212 feldt (Gilbert') waren zwei Terzette, wie sie sich der
1752 3137 3181 3212 Inhaltsangabe aller wichtigen Mittheilungen der Wiener Morgen¬
3122 3197 3176 3229 4#
352 3165 1680 3259 Dichter nicht besser denken kann. In Nr. 1, das dem
1763 3186 3168 3250 blätter (Tagesjournale ausser „Neue Freie Presse“ und „Wiener Zeitung“)
1767 3231 3182 3288 wodurch eine Uebersicht über das gesammte politische und wirthschaftliche
355 3224 1678 3305 Ganzen den Namen gab, wurden weder Leo Forst als
1747 3266 3186 3334 Leben des In- und Auslandes in drastischer Kürze geboten wird. Diese Mit¬
349 3276 1682 3361 Hausdorfer“ noch Heinrich Schroth als „Heinrich“ ihren
1761 3303 2766 3370 theilungen werden in Wien um 9 Uhr Früh verschickt.
345 3331 1680 3413 Rollen so gerecht, wie man es gerade bei diesem, der
343 3376 1686 3451 grossen Menge nicht recht zugänglichen Stücke hätte ver¬
2073 3372 2849 3466 Prospecte gratis und fnanco.
344 3423 1678 3509 langen müssen. In den -Letzten Maskens war Nhil ein
336 3464 1672 3552 meisterhafter „Rademacher“, während Brahm den Hinweis,
334 3517 1687 3601 dass er in acht Tagen unter der Erde liegen würde, bei
334 3571 1686 3657 der Ausgestaltung des Jackwerth“ übersehen hatte. Die in
331 3621 1682 3699 diesem Stücke mitwirkenden anderen Personen, die sämmt¬
329 3661 1677 3760 lich unbedeutende Rollen inne hatten, waren zufrieden¬
335 3713 572 3772 stellend.
