3392 4256
1214 273 1335 351 d
215 266 2394 368 16.1. Lebendige Stunn zuk'us box 21/5
519 419 1291 544 alnlitzer Zeitung
734 548 1151 649 eelgezogen waren.
486 744 1422 851 Teplitzer Stadttheglet“
731 830 1138 902 Lebendige Stunden.
547 870 1330 969 Vier Akte von Arthur Schnitzler.
521 934 1457 1010 Mit der Wiederaufnahme des anmütigen, gra¬
426 984 1456 1062 ziösen Einakter=Cyklus in den Spielplan unserer
1573 988 2573 1083 Schich als Remigio. Ausgezeichnet war das Zu¬
436 1038 1431 1096 Bühne hat sich Direktor Richter den Dank aller
1568 1058 2568 1128 sammenspiel in den „Letzten Masken“. Herr Ege¬
434 1081 1437 1157 Leute von gutem Geschmack erworben. Daß unser
1576 1109 2565 1180 rer brachte den sterbenden Journalisten mit wir¬
431 1125 1451 1198 Theaterpublikum auch das Werk eines wahrhaften
1573 1165 2570 1221 kungsvoller Steigerung und visionärer Kraft zur Dar¬
431 1195 1443 1255 Dichters zu würdigen weiß, zeigte der erfreuliche Be¬
1584 1208 2576 1274 stellung und Herr Hennig spielte den Komödianten
407 1231 1437 1301 Auch des Hauses, der wohl kaum auf den Irrtum der
1568 1263 2581 1321 mit der ihm eigenen leichten und dennoch immer
429 1286 1430 1343 Theaterkanzlei zurückzuführen war, durch welchen die
1573 1307 2570 1366 auf das Wesen gehenden Art. Auch Herrn Hof¬
431 1330 1426 1386 Vorstellung als Erstaufführung angekündigt wurde.
1571 1346 2574 1414 städter lag Ton und äußere Haltung des Arztes hier
432 1384 1437 1456 Schnitzlers „Lebendige Stunden“ sind im Jahre 1902
1570 1401 2559 1478 besser. In der köstlichen Satire „Literatur" mit
432 1424 1430 1506 erschienen und auch an unserer Bühne bereits in
1582 1460 2566 1515 ihrer sprühenden und befreienden Komik bot Herr
422 1475 1428 1537 Szene gegangen. Sie haben seither an literarischem
1570 1491 2557 1558 Egerer eine glänzende Leistung als schnoddriger Bo¬
417 1536 1423 1592 Wert bedeutend gewonnen. Aus der Masse des Min¬
1581 1552 2562 1608 hemien. Frl. Sommer und Herr Hennig wurder
418 1584 1437 1648 derwertigen, das uns gerade auf dem Gebiete des
1571 1593 2569 1671 den hohen Anforderungen des scharf geschliffenen
426 1626 1426 1697 Einakters und der dramatischen Skizze in den letzten
1581 1641 2361 1714 feinpointierten Dialoges vollauf gerecht.
420 1667 1431 1745 Jahren beschert wurde, tritt ihre bezaubernde Anmut
1652 1681 2579 1759 Für die Regie der ersten zwei Stücke zeichnete
440 1731 1429 1803 #nd ihr starker Gehalt umso bedeutsamer hervor.
1579 1729 2563 1823 Herr Hofstädter, für jene der zwei letzten Her¬
428 1771 1429 1825 Sie sind das Werk eines echten Dichters und lassen
1580 1781 2564 1857 Egerer. Die Ausstattung der Galerieszene in den
423 1821 1423 1896 den Reiz von Schnitzlers Form und Weltanschauung
1587 1843 2558 1905 Stück „Die Frau mit dem Dolche“ ließ leider alles
433 1878 1425 1932 vortrefflich erkennen. Die zarte Melancholie seiner
1585 1888 2553 1963 zu wvünschen übrig. Nicht nur die „Kunstwerke“.
428 1923 1429 1994 Grübeleien über den Tod, eine wundersame Mischung
1569 1913 2567 2003 sondern vor allem der zur Galeriewand umgewandelte
429 1962 1432 2040 von Ironie und Resignation, liegt über den vier
1576 1987 2584 2076 rosenbekränzte Plafond erregten lebhafte Heitepkeit
433 2017 1426 2084 feinempfundenen Stücken, die sich gleich den Teilen
2323 2038 2549 2134 S Sch¬
427 2076 1423 2138 einer Symphonie zu einem Ganzen zusammenschlie¬
1879 2041 2070 2141 1
437 2120 1430 2188 ßen — Variationen über das unerschöpfliche Thema
428 2162 1415 2237 von den letzten, dunklen Rätseln des Lebens, wo
432 2221 1422 2292 Traum und Wachen, Wahrheit und Lüge unkennbar
440 2270 1421 2324 ineinander fließen. Komödianten des Lebens sind
435 2319 1417 2381 sie alle, die an unserem Auge vorüberziehen: Der
435 2360 1425 2427 junge Dichter mit seinem Hochmut, der die Kunst über
434 2401 1424 2487 das Leben und sein herbes Leid setzen will, die Frau,
417 2459 1425 2534 deren schäumendes Blut durch ein Traumbild aus
424 2515 1430 2576 vergangenen Jahrhunderten in Wallung gerät, der
424 2564 1409 2638 sterbende Journalist, der einem vom Erfolg begün¬
433 2612 1417 2673 stigten Hohlkopfe die Maske vom Gesicht zu reißen
419 2660 1414 2729 gedenkt und angesichts der Harmlosigkeit seines Op¬
423 2709 1419 2775 fers erkennen muß, daß es sich nicht lohnt, neidisch
416 2748 1414 2823 gewesen zu sein und endlich die wundervollen Kari¬
424 2809 1409 2869 katuren der Literaturmenschen, die ihre Gefühle kon¬
423 2838 1415 2934 struieren wie sie ihre leidenschaftlichen Briefe vorher
422 2902 667 2979 „aufsetzen“.
500 2927 1407 3020 Jedes der vier Stücke erfordert sorgfältigste
418 2999 1405 3061 Kunst der Regie. Ja, das zweite von ihnen, „Die
404 3053 1404 3124 Frau mit dem Dolche“, hat seine beste Wirkung nicht
408 3096 1403 3171 zuletzt in einigen technischen Finessen der Bühne.
412 3142 1407 3212 An der Größe dieser Anforderungen scheiterte denn
404 3196 1410 3253 uuch der volle Erfolg der beiden ersten Stücke. Die
1502 3206 1926 3307 chein im ersten A.
406 3249 1406 3308 lauten Störungen durch einige Zuspätkommende zer¬
1487 3245 2762 3334 prächtige „Ich sah im Traum ein Mädchen im Schlußalle serler das
409 3288 1404 3361 rissen die erstrebte zarte, herbstlich müde Stimmung
1495 3302 2770 3367 flotte Lied „Du mein schönes Wien", Die Novität entfesselte reichen
408 3334 1406 3396 der ersten Szene in der brutalsten Weise. Auch die
1490 3365 1664 3423 Beifall.
1574 3355 2773 3448 * Triest. „Lebendige Stunden“. Man wird dem Dichter das
401 3395 1402 3465 Darstellung kann nicht als einheitlich bezeichnet wer¬
1499 3433 2776 3493 Zeugniß nicht absprechen können, die Menschen zu kennen. Arthur
407 3447 1405 3522 den. In den „Lebendigen Stunden“ bemühte sich
1495 3467 2773 3529 Schnitzler liebt es, seine Menschenkenntniß mit bitterer Ironie zu
399 3492 1402 3549 Herr Hofstädter vergeblich, den aus starken Ge¬
1498 3521 2775 3569 würzen, so daß die Stücke einem Spiegel gleichen, der Klarheit zeigt.
405 3532 1390 3596 fühlen hervorbrechenden packenden und dennoch
1501 3548 2773 3606 Mit feinem Spotte zeichnet er seine Gestalten und hat schließlich doch
1491 3586 2777 3667 das Geschick, uns herzlich lachen zu machen über all die menschliche Tor¬
407 3588 1386 3659 spröden Ton des alten Hausdorfer zu treffen. Auch
1463 3622 2150 3717 heit. Und das ist das Beste dabei.
395 3635 1400 3711 das übermäßige Gestikulieren der Hände wirkte stö¬
1627 3640 2794 3739 Dem Berliner Börsen=Courier“ meldet ein Telegramm.
401 3695 1393 3751 rend. Ebenso ließ Herr Döring als junger Dich¬
1989 3703 2414 3786 Uraufführung ain
399 3734 1392 3809 ter mancherlei zu wünschen übrig. Die ungemein
400 3780 1398 3839 schwierige Rolle kann restlos nur von innen aus be¬
397 3832 1397 3907 wältigt werden. Im zweiten Stück, „Die Frau mit
390 3891 1388 3954 dem Dolche", stand Herr Döring auf dem ihm von
396 3929 1386 4016 Natur aus zugewiesenen Platze. Hier gelang ihm
395 3988 1382 4055 in Gemeinschaft mit Frl. Skal, die sich auch dies¬
396 4046 1389 4105 mal glänzend bewährte, sowohl die mit kühler Verve
393 4089 1385 4149 zu spielende Szene vor dem Bilde, als auch die große
393 4124 1385 4191 Geste und das heiße, wilde Feuer des Jünglings
383 4182 1389 4241 der Renaissance. Eine brillante Leistung bot Herr
