3484 4224
296 237 1969 353 16. 1. Lebendige Stunden zuklus
1132 1096 1514 1193 Telephon 12.801.
573 1195 1344 1359 „OBSERVER“
419 1317 1521 1430 1. österr. beh. konz. Unternehmen für Zeitungs¬
619 1384 1308 1455 Ausschnitte und Bibliographie.
603 1418 1378 1526 Wien, I., Concordiaplatz 4.
819 1503 1161 1573 Vertretungen
436 1539 1520 1620 in Berlin, Brüssel, Budapest, Chicago, Cleveland, Christiania,
437 1593 1520 1646 Genf, Kopenhagen, London, Madrid, Mailand, Minneapolis,
428 1636 1521 1703 New-York, Paris, Rom, San Francisco, Stockholm, St. Peters¬
830 1679 1141 1734 burg, Toronto.
796 1705 1193 1783 (Quellenangabe ohne Gewähr.)
422 1776 834 1861 Ausschnitt aus:
546 1833 1418 1938 155 (Prager Tagblatt
444 1899 603 1961 vom:
526 1991 1425 2100 *.— Neues Theater. Ein S#hAbend
419 2038 1459 2150 als Vorbereitung zum angekündigten Zyklus: die s#
430 2118 1454 2189 zwei kleinen Schauspiele „Lebendige Stunden“ und sx
424 2154 1391 2232 „Die letzten Masken“ gehören mit dem jüngst ge¬
423 2202 1394 2270 gebenen „Puppenspieler“ in eine Reihe. Sie schöpfen
422 2249 1391 2305 ihre Wahrheiten und Erkenntnisse am Rande des
1388 2271 1432 2323 19
420 2278 1459 2358 Lebens; immer steht Einer mit einem Fuße schonin
416 2325 1454 2414 drüben und schaut zurück, wobei sich Korrekturen§
420 2366 1458 2458 des Lebensgefühls und der Lebenslügen ergeben. in
415 2419 1394 2474 Oder der Tod selber schreitet über die Bühne und
416 2461 1424 2534 verhilft den Zurückbleibenden zu neuen Ausblicken.r
414 2494 1453 2575 In den lebendigen Stunden kommt er dabei über b
424 2542 1411 2615 Feuilletonistisches kaum heraus; in den letzten Mas¬(
423 2584 1453 2663 ken läßt er den schönen Haß=Gedanken lebendig wer-H
411 2639 1417 2706 den. Die „Frau mit dem Dolche“ ist ein schwer be¬
413 2679 1440 2751 ladener und artig aufgeputzter Atelierscherz. Dies?
416 2711 1448 2801 drei Akte werden jetzt mit Sorgfalt inszeniert, in
410 2764 1385 2819 neuer Besetzung gegeben. In den lebendigen Stun¬
407 2794 1391 2875 den hat Herr Max Schütz für den Schmerz des
417 2836 1398 2901 unartistischen Mannes einen verinnerlichten ein¬
408 2876 1432 2976 fachen Von ohne jedes falsche Nebengeräusch. In der I
415 2928 619 2989 „Frau mi
683 2939 1445 3006 em Dolch“ spielt Frl. Steinheil
417 2973 612 3029 die Pauli¬
721 2968 1419 3050 keit und pathetisch; Herr Tillere
406 3014 609 3078 den jung
710 3034 1392 3097 kann. In der Spitalsszene weiß
411 3051 1383 3124 Herr Dr. Manning durch nüandiertes Mienen¬
404 3099 1378 3175 spiel zusfesseln, Herr Huttig als tuberkulöser
400 3152 1382 3227 Schauspieler zu interessieren. An der „Komtesse
406 3193 1383 3266 Mizzi“ hat sich bis auf die Rolle Löwes nichts ge,
403 3234 1370 3325 ändert. Aber Herr Frieberg ist auch kein
399 3272 563 3339 Graf.
1187 3288 1395 3373 tsch.
1968 232 2458 325 box 21/5
2715 1496 3061 1597 Telephon 12891
2166 1632 2795 1726 „UDSERTER
1956 1721 3050 1795 f. Jeterr. bebördl. konz. Unternehmen für Zeitungs-Ausschnitte
2139 1770 2885 1849 Wien, I., Concordiaplatz 4.
2343 1828 2674 1898 Vertretungen
1951 1858 3058 1940 in Berlin, Basel, Budapest, Chicago, Cleveland, Christiania
1949 1918 3042 2005 Genf, Kopenhagen, London, Madrid, Mailand, Minneapolla
1945 1940 3029 2042 New-Vork, Paris, Rom, San Francisce, Stockholm, St. Peters
2337 2000 2657 2055 burg, Toronto.
2263 2034 2733 2107 (Gusfienangatn ehne Gswähl.
1933 2089 2321 2167 Ausschnitt abe:
2192 2148 3078 2251 Montagsblatt aus Böhmen, Prag
1949 2198 2025 2290 42
2021 2222 2460 2327 1.5 JAN. 1911
1985 2399 2742 2511 Theater und Musik.
1875 2511 2551 2596 Schnitzlers „Lebendige Stunden“,
1890 2571 2884 2657 , Die Frau mit dem Dolche“, „Die letzten
1876 2613 2865 2680 Masken“ und das kleine Schauspiel, das dem Abend den
1894 2663 2870 2733 Titel leiht, kamen im Verein mit „Komtesse Mizzi“ Sams¬
1890 2715 2872 2783 tag im Neuen Theater zur Aufführung, die einen guten
1900 2763 2880 2836 Vorgeschmack des angekündigten Schnitzler=Zyklus gab.
1901 2810 2871 2880 Man spürte etwas von Regie und auch das Bemühen,
1894 2876 2885 2942 dem äußern Bild Charakter zu geben. Die Herren Max
1900 2905 2888 2980 Schütz (Lebendige Stunden), Rittig (Letzte Masken?
1907 2973 2880 3040 und Komtesse Mizzi), Dr. Manning (Masken), Herr
1901 3001 2885 3080 Tiller (Frau mit dem Dolche), Herr Huttig und
1911 3041 2886 3133 Frl. Steinheil boten saubere Leistungen. Noch ein
1900 3111 2805 3186 paar Proben und ### besäßen ein nuanciertes Spiel.
2671 3141 2912 3239 —
1935 3169 2304 3265 eee
