3484 4320
295 266 2457 383 16.1. Lebendige Stunden zukius box 21/5
1532 1487 1623 1587 —0
2343 1504 2468 1594 S
1542 1568 2673 1638 verschmaht es der Gute dennoch, sie vor de: Welt zum
591 1564 1298 1668 Theater und Konzerte.
1550 1609 2667 1663 Vorschein zu bringen, denn das Leben ist nach seiner An¬
1105 1629 1477 1708 Berlin, 5. März.
1555 1649 2670 1717 schauung ein albernes Puppenspiel, und die Menschen sind
431 1660 1515 1751 Das Lessing=Theater veranstaltete gestern zur Ab¬
1546 1690 2664 1766 nicht viel mehr wert als Puppen, die man an den Drähten
398 1721 1518 1799 wechselung einmal wieder einen Schnitzler=Abend.
1548 1744 2666 1810 tanzen läßt. Diese Anschauung, in die Tat umgesetzt, be¬
396 1765 1519 1846 Gegeben wurden die vier Einakter Arthur Schnitzlers:
1533 1771 2659 1849 kommt ihm aber übel, denn am Ende entpuppt er sich selbst
399 1828 1525 1878 „Der Puppenspieler“, „Die letzten Masken“, „Die
1541 1817 2669 1896 als eine haltlose Puppe, von der Hand des Schicksals
385 1852 1533 1925 Frau mit dem Dolche" und „Literatur“, anrsemt
1537 1876 2665 1929 herumgeworfen, niedergeschlagen und zerzaust. ... In den
399 1904 1516 1964 schnhrriger Weise vereint unter dem Gesamttitel Leben¬
1545 1921 2662 1982 „Masken“ sehen wir einen Journalisten, der noch in der
389 1942 1518 2010 dige Stunde“, der ein einaktiges Stück Schnitzlers be¬
1545 1962 2671 2023 Todesstunde voll grenzenlosem Haß gegen den erfolg¬
383 1971 1520 2043 zeichnet, welches gar nicht in die Erscheinung trat. Es
1539 2001 2666 2065 reicheren Rivalen, diesen zerschmettern will, aber vor dessen
394 2034 1517 2096 paßte dieser Titel also sozusagen wie die Faust aufs Auge.
1547 2047 2670 2110 ahnungsloser Borniertheit und stupender Minderwertigkeit
391 2080 1523 2137 Dat gilt auch noch im anderen Sinne. Denn diese leben¬
1547 2083 2675 2154 kapituliert: eine quälmde, beklemmende Szene, nach
399 2121 1524 2178 digen Stunden“, die der Verfasser höchst anspruchsvoll
1545 2129 1950 2190 deren Ende sich
1967 2136 2677 2201 der Brust unwillkürlich ein
392 2158 1521 2222 dem Publikum suggerieren will, bedeuteten ein paar ver¬
1534 2158 2199 2238 befreiender Seufzer entringt.
2302 2180 2673 2241 „Die Frau mit
395 2205 1515 2275 lorend, tote Stunden. Die Langeweile soll ja bekanntlich
1536 2213 2663 2291 dem Dolche“ ist wohl das wirksamste der Sächelchen. Der
393 2242 675 2309 töten können.
1533 2260 2662 2333 Verfasser spielt hier, wie er das auch sonst so gerne tut,
434 2284 1517 2349 Herr Schnitzler hat schon viele Einakter geschrieben. Das
1537 2306 2660 2366 mit dem Seelenwanderungsproblem und kokettiert in wider¬
396 2326 1525 2407 Aphoristische, leise Andeutende, das gelinde Säuseln und
1541 2347 2658 2409 wärtiger Weise mit philosophischer Tiefgründigkeit. Eine
398 2365 1524 2445 schleierhafte Vertuschen, aus dem die Phantasie des Zu¬
1540 2387 2655 2442 Frau fällt vor einem Galeriebild, vor der Dame mit dem
390 2414 1519 2468 schauers sich doch nach Belieben alles mögliche herausholen
1534 2438 2657 2501 Dolche in hysterische Träumereien und wähnt sich tief ins
387 2456 1513 2529 kann — das ist es, was seiner schriftstellerischen Wesenheit
1544 2475 2659 2543 Mittelalter zurückversetzt, wo ihre Seele in anderer Hülle
395 2512 1512 2574 am besten „liegt". Zu schwächlich und seelenschwindsüchtig,
1536 2515 2654 2590 schon einmal auf Erden wandelte, suchend nach galanten
394 2546 1526 2614 um einen graßen Wurf wagen zu können, möchte er uns
1536 2561 2670 2629 Abenteuern und sich in solchen „auslebend“. Nach dem Er¬
395 2597 1512 2652 weismachen daß er in seinen kleinen Sachen den großen
1536 2596 2664 2673 wachen findet sie natürlich ihren zum Ehebruch bereiten
396 2640 1525 2717 Gehalt erschütternder Dramen ausschöpft und ihn gleichsam
1533 2653 2661 2698 Galan, um mit ihm den seit Jahrhunderten zerrissenen
398 2675 1421 2745 kondensiert — eine Art dramatischer Fleischextrakt —
1531 2696 2663 2749 Faden wieder festzuknüpfen. — „Litteratur“ behandelt in
390 2725 1516 2792 Kurs bringt. Vielleicht macht er sich das auch selbst weis.
1536 2739 2659 2794 burlesk=komischer Weise die Auseinandersetzung des leichten
394 2765 1511 2831 Dann aber ist es eine gewaltige Selbsttäuschung. Denn
1537 2779 2651 2851 Literatums mit einem kunstfeindlichen Aristokraten — ein
396 2811 1519 2861 niemals werden raffiniert pointierte Dialoge mit in Geist¬
1531 2815 2654 2897 Stück, in dem das Wiener Kaffeehausmilieu ebenso drastisch
400 2855 1523 2921 reichigkeit schillernden Bonmots eine dramatische Handlung
1532 2859 2644 2938 wie drollig gezeichnet ist. — Ziehen wir die Summe aus
401 2900 1510 2969 irsetzen. Daß Schnitzler hierfür aber kein Organ besitzt,
1527 2900 2658 2986 dem gesamten „Erlebnis“, so bleibt dramatisch eine große
395 2934 1518 3007 jat er in seinen „abendfüllenden“ Stücken, beispielsweise in
1538 2952 2650 3022 Null, gedanklich ein Konglomerat von Spitzfindigkeiten, die
392 2965 1515 3052 dem „Zwischenspiel“ zur Genüge erkennen lassen. Wenn
1527 2995 2653 3083 in einer Sammlung „Schnitzel und Späne“ vereinigt, unter¬
399 3023 1511 3091 dies auf allen Bühnen durchgefallene Werk mit dem
1527 3041 2483 3108 haltsamer sein würde, als in der gegebenen Form.
388 3073 1526 3136 Hrillparzerpreise gekrönt wurde, so beweist das durchans
1582 3074 2655 3149 Gespiolt wurde von den ersten Kräften der Lessingbühne
384 3125 1518 3198 zichts für Herrn Schnitzler, vielmehr alles gegen die
1532 3125 2650 3191 meisterlich. Herr Bassermann zeigte wieder glänzend
391 3148 682 3214 samose Jury.
1539 3167 2665 3243 die geniale Vielseitigkeit und schöpferische Gestaltungkraft
432 3206 1516 3264 Im „Puppenspieler“ zeigt uns der Verfasser einen seiner
1529 3218 2649 3279 seiner künstlerischen Natur, die ihresgleichen in der Gegen¬
394 3218 2656 3348 Uebermenschen. Voll von den genialsten dichterischen Ideen I wart kaum finden dürfte. Herr Reicher war der vollendete,
3092 1477 3375 1551 A eu
3002 1503 3076 1594 1
2680 1575 3385 1648 scharf und sicher zeichnende Charch
2683 1608 3379 1680 Triesch verband mit ihrem warm
2682 1672 3384 1721 eine tief eindrucksvolle Innerlichkei
2684 1707 3385 1788 Forest und Stieler, sowie Fra
2687 1756 3371 1820 auf angemessener künstlerischer Höhe.
2674 1797 3348 1858 hielt sich teils zurückhaltend, teils
2698 1841 3383 1923 am Schluß gelangte ein lebhafter Au
2728 1891 2906 2016 Schille
