<?xml version="1.0" encoding="UTF-8" standalone="yes"?>
<PcGts xmlns="http://schema.primaresearch.org/PAGE/gts/pagecontent/2013-07-15" xmlns:xsi="http://www.w3.org/2001/XMLSchema-instance" xsi:schemaLocation="http://schema.primaresearch.org/PAGE/gts/pagecontent/2013-07-15 http://schema.primaresearch.org/PAGE/gts/pagecontent/2013-07-15/pagecontent.xsd">
    <Metadata>
        <Creator>prov=University of Rostock/Institute of Mathematics/CITlab/Gundram Leifert/gundram.leifert@uni-rostock.de:name=ONB_Newseye_GT_M1+(htr_id=10810)::::v=2.4.2
prov=University of Rostock/Institute of Mathematics/CITlab/Tobias Gruening/tobias.gruening@uni-rostock.de:name=de.uros.citlab.module.baseline2polygon.B2PSeamMultiOriented:v=2.4.2
prov=University of Rostock/Institute of Mathematics/CITlab/Tobias Gruening/tobias.gruening@uni-rostock.de:name=/mnt/transkribus/LA/DEA/URO/LA_news_onb_att.pb:de.uros.citlab.segmentation.CITlab_LA_ML:v=2.4.2
Transkribus</Creator>
        <Created>2019-10-07T11:34:56.774+02:00</Created>
        <LastChange>2019-10-08T16:12:25.975+02:00</LastChange>
        <TranskribusMetadata docId="223975" pageId="9501354" pageNr="320" tsid="16599153" status="IN_PROGRESS" userId="40391" imgUrl="https://files.transkribus.eu/Get?id=PZXJGQTLBXNHOYHDYULHUFCN&amp;fileType=view" xmlUrl="https://files.transkribus.eu/Get?id=AIWOTMACMKPWGDWNBUDDGYQP" imageId="6191576"/>
    </Metadata>
    <Page imageFilename="223975_0320.jpeg" imageWidth="3392" imageHeight="4256">
        <ReadingOrder>
            <OrderedGroup id="ro_1711449830912" caption="Regions reading order">
                <RegionRefIndexed index="0" regionRef="r1"/>
            </OrderedGroup>
        </ReadingOrder>
        <TextRegion orientation="0.0" id="r1" custom="readingOrder {index:0;}">
            <Coords points="128,215 128,3714 3345,3714 3345,215"/>
            <TextLine id="r1l1" custom="readingOrder {index:0;}">
                <Coords points="280,269 1953,286 1954,211 1895,194 282,170"/>
                <Baseline points="302,238 383,243 465,247 546,251 628,253 710,255 791,257 873,258 955,258 1036,259 1118,259 1200,259 1281,259 1363,260 1445,261 1526,262 1608,263 1690,265 1771,268 1853,271 1935,275"/>
                <TextEquiv>
                    <Unicode>16.1. Lebendige Stunden zuklus</Unicode>
                </TextEquiv>
            </TextLine>
            <TextLine id="r1l2" custom="readingOrder {index:1;}">
                <Coords points="2092,266 2214,287 2253,287 2277,268 2376,289 2415,273 2482,290 2502,274 2549,291 2550,212 2491,191 2400,190 2377,206 2325,193 2282,216 2093,195"/>
                <Baseline points="2111,255 2137,255 2163,256 2189,256 2216,258 2242,258 2268,260 2294,260 2321,261 2347,262 2373,262 2399,262 2426,262 2452,261 2478,260 2504,258 2531,256"/>
                <TextEquiv>
                    <Unicode>box 21/3</Unicode>
                </TextEquiv>
            </TextLine>
            <TextLine id="r1l3" custom="readingOrder {index:2;}">
                <Coords points="198,1383 218,1383 222,1379 238,1382 265,1374 309,1376 306,1301 255,1299 224,1327 197,1328"/>
                <Baseline points="218,1372 254,1370 290,1370"/>
                <TextEquiv>
                    <Unicode>äut in</Unicode>
                </TextEquiv>
            </TextLine>
            <TextLine id="r1l4" custom="readingOrder {index:3;}">
                <Coords points="526,1386 3365,1481 3363,1382 527,1347"/>
                <Baseline points="545,1384 685,1389 825,1393 965,1398 1105,1401 1245,1405 1385,1408 1525,1412 1665,1415 1805,1418 1945,1421 2085,1424 2225,1427 2365,1430 2505,1434 2645,1437 2785,1441 2925,1445 3065,1450 3205,1455 3345,1460"/>
                <TextEquiv>
                    <Unicode> In einem Falle aber, wie der Schnitzler'sche, wäre sie sehr gut anzu= der grotesken Posenrednerei seines Freundes zuhört und auf alle</Unicode>
                </TextEquiv>
            </TextLine>
            <TextLine id="r1l5" custom="readingOrder {index:4;}">
                <Coords points="167,1437 3362,1509 169,1370"/>
                <Baseline points="188,1412 345,1422 503,1430 661,1437 819,1443 976,1449 1134,1453 1292,1458 1450,1462 1607,1465 1765,1469 1923,1472 2081,1475 2238,1478 2396,1481 2554,1484 2712,1488 2869,1492 3027,1497 3185,1503 3343,1509"/>
                <TextEquiv>
                    <Unicode>Ingr. scher mennhmmnunman nmurn wenden. Abgesehen davon, daß auch mit zwei oder drei Florvorhängen Rache verzichtet, war das Beste an ihm. Ganz glänzend wür Herr</Unicode>
                </TextEquiv>
            </TextLine>
            <TextLine id="r1l6" custom="readingOrder {index:5;}">
                <Coords points="183,1477 1973,1540 2143,1537 2145,1466 184,1434"/>
                <Baseline points="204,1466 299,1471 395,1475 491,1479 587,1484 683,1488 779,1491 875,1495 971,1498 1067,1501 1163,1504 1258,1506 1354,1509 1450,1511 1546,1512 1642,1514 1738,1516 1834,1517 1930,1519 2026,1520 2122,1521"/>
                <TextEquiv>
                    <Unicode>##tie Egec e  die Sache weit besser zu machen wäre. Die sind auch ein so altes</Unicode>
                </TextEquiv>
            </TextLine>
            <TextLine id="r1l7" custom="readingOrder {index:6;}">
                <Coords points="2117,1534 3280,1570 3351,1560 3353,1508 2119,1471"/>
                <Baseline points="2137,1520 2196,1523 2256,1525 2316,1527 2376,1530 2435,1533 2495,1535 2555,1537 2615,1540 2674,1542 2734,1543 2794,1545 2854,1547 2913,1548 2973,1549 3033,1550 3093,1551 3152,1551 3212,1551 3272,1551 3332,1550"/>
                <TextEquiv>
                    <Unicode>Bassermann als Weihgast, die Prachtausgabe einer auf¬</Unicode>
                </TextEquiv>
            </TextLine>
            <TextLine id="r1l8" custom="readingOrder {index:7;}">
                <Coords points="176,1536 3364,1566 178,1461"/>
                <Baseline points="196,1513 353,1521 510,1528 668,1534 825,1540 982,1546 1140,1551 1297,1555 1454,1559 1612,1563 1769,1567 1926,1570 2084,1574 2241,1577 2398,1581 2556,1584 2713,1588 2870,1592 3028,1596 3185,1601 3343,1606"/>
                <TextEquiv>
                    <Unicode> Requisit, daß das Puhlikum gleich von selbst weiß, um was es sich geblasenen Nullität. Die Schwindsucht des Komödianten dagegen</Unicode>
                </TextEquiv>
            </TextLine>
            <TextLine id="r1l9" custom="readingOrder {index:8;}">
                <Coords points="401,1574 1990,1616 1980,1568 402,1527"/>
                <Baseline points="422,1571 499,1575 577,1579 654,1582 732,1585 809,1588 887,1591 964,1594 1042,1596 1119,1599 1197,1601 1274,1603 1352,1605 1429,1607 1507,1609 1584,1610 1662,1612 1739,1613 1817,1614 1894,1615 1972,1617"/>
                <TextEquiv>
                    <Unicode> handelt. Es wird also mindestens um Florvorhänge gebeten.</Unicode>
                </TextEquiv>
            </TextLine>
            <TextLine id="r1l10" custom="readingOrder {index:9;}">
                <Coords points="189,1625 872,1644 873,1597 491,1588 405,1545 192,1538"/>
                <Baseline points="210,1613 242,1614 274,1616 306,1617 338,1618 370,1619 402,1620 434,1621 466,1623 498,1624 531,1625 563,1626 595,1627 627,1628 659,1629 691,1630 723,1631 755,1632 787,1633 819,1634 852,1635"/>
                <TextEquiv>
                    <Unicode>Wiennck genger inden un</Unicode>
                </TextEquiv>
            </TextLine>
            <TextLine id="r1l11" custom="readingOrder {index:10;}">
                <Coords points="2118,1615 3356,1683 3358,1608 2120,1571"/>
                <Baseline points="2140,1616 2199,1618 2259,1621 2319,1623 2379,1625 2439,1628 2499,1629 2558,1631 2618,1634 2678,1635 2738,1637 2798,1639 2858,1640 2918,1642 2977,1644 3037,1645 3097,1647 3157,1648 3217,1649 3277,1651 3337,1652"/>
                <TextEquiv>
                    <Unicode>wurde von Herrn Fischer mit einer Strammheit gespielt, daß</Unicode>
                </TextEquiv>
            </TextLine>
            <TextLine id="r1l12" custom="readingOrder {index:11;}">
                <Coords points="1021,1656 3068,1706 3136,1652 1022,1605"/>
                <Baseline points="1039,1649 1142,1650 1246,1652 1350,1653 1454,1655 1558,1657 1662,1658 1766,1660 1870,1662 1974,1664 2078,1666 2181,1668 2285,1671 2389,1673 2493,1676 2597,1679 2701,1682 2805,1685 2909,1689 3013,1693 3117,1696"/>
                <TextEquiv>
                    <Unicode>Ganz brillant, und mit durchschlagendem Erfolge, wurden die man ihr die achttägige Kündigung nicht glauben konnte.</Unicode>
                </TextEquiv>
            </TextLine>
            <TextLine id="r1l13" custom="readingOrder {index:12;}">
                <Coords points="309,1677 2127,1719 2128,1668 1888,1650 310,1626"/>
                <Baseline points="328,1666 417,1671 506,1675 595,1679 684,1683 773,1686 862,1689 951,1692 1040,1694 1129,1697 1218,1699 1307,1701 1396,1703 1485,1705 1574,1706 1663,1708 1752,1709 1841,1710 1930,1711 2019,1712 2108,1713"/>
                <TextEquiv>
                    <Unicode>ns. Der Burstebeiden letzten Stücke gespielt. Das eine heißt „Die letzten Masken“.</Unicode>
                </TextEquiv>
            </TextLine>
            <TextLine id="r1l14" custom="readingOrder {index:13;}">
                <Coords points="203,1719 778,1743 779,1696 748,1687 204,1679"/>
                <Baseline points="222,1713 248,1714 275,1716 302,1717 329,1718 356,1719 383,1720 409,1720 436,1721 463,1721 490,1722 517,1722 544,1723 571,1724 597,1724 624,1725 651,1726 678,1727 705,1729 732,1730 759,1732"/>
                <TextEquiv>
                    <Unicode>die Verliner Scanspsellt </Unicode>
                </TextEquiv>
            </TextLine>
            <TextLine id="r1l15" custom="readingOrder {index:14;}">
                <Coords points="2242,1730 3200,1772 3354,1760 3356,1686 2243,1687"/>
                <Baseline points="2261,1720 2314,1722 2368,1723 2422,1725 2475,1727 2529,1728 2583,1730 2636,1731 2690,1733 2744,1734 2798,1735 2851,1737 2905,1738 2959,1740 3012,1741 3066,1743 3120,1744 3173,1745 3227,1747 3281,1748 3335,1750"/>
                <TextEquiv>
                    <Unicode>Das letzte Stück heißt „Literatur“ und ist eine der drolligsten</Unicode>
                </TextEquiv>
            </TextLine>
            <TextLine id="r1l16" custom="readingOrder {index:15;}">
                <Coords points="899,1741 1999,1785 2129,1772 2130,1717 899,1702"/>
                <Baseline points="919,1744 978,1745 1037,1746 1097,1746 1156,1747 1216,1748 1275,1749 1335,1750 1394,1751 1454,1753 1513,1754 1572,1755 1632,1757 1691,1758 1751,1759 1810,1760 1870,1761 1929,1762 1989,1763 2048,1764 2108,1765"/>
                <TextEquiv>
                    <Unicode>und spielt im allgemeinen Krankenhause, dessen Spitalsluft der</Unicode>
                </TextEquiv>
            </TextLine>
            <TextLine id="r1l17" custom="readingOrder {index:16;}">
                <Coords points="172,1769 830,1799 858,1792 860,1725 173,1718"/>
                <Baseline points="193,1762 225,1762 257,1763 289,1763 322,1764 354,1765 386,1766 418,1766 451,1768 483,1769 515,1770 547,1771 580,1772 612,1773 644,1774 676,1775 709,1776 741,1776 773,1777 805,1777 838,1777"/>
                <TextEquiv>
                    <Unicode>mische Geisoll trondern nicht ausbsiah.</Unicode>
                </TextEquiv>
            </TextLine>
            <TextLine id="r1l18" custom="readingOrder {index:17;}">
                <Coords points="2117,1772 3363,1803 3314,1754 2119,1725"/>
                <Baseline points="2137,1766 2197,1768 2257,1770 2317,1772 2378,1774 2438,1776 2498,1778 2559,1780 2619,1781 2679,1783 2740,1785 2800,1786 2860,1788 2920,1789 2981,1791 3041,1792 3101,1794 3162,1795 3222,1797 3282,1799 3343,1801"/>
                <TextEquiv>
                    <Unicode>Literaturkomödien, die je geschrieben wurden. Da ist eine gewisse</Unicode>
                </TextEquiv>
            </TextLine>
            <TextLine id="r1l19" custom="readingOrder {index:18;}">
                <Coords points="901,1800 2132,1818 2132,1767 902,1749"/>
                <Baseline points="919,1796 978,1797 1038,1798 1097,1798 1157,1799 1216,1800 1276,1801 1335,1801 1395,1802 1454,1803 1514,1804 1574,1805 1633,1806 1693,1807 1752,1808 1812,1809 1871,1810 1931,1810 1990,1812 2050,1812 2110,1813"/>
                <TextEquiv>
                    <Unicode>Dichter von seinen ärztlichen Jahren her genau kennt. In einem</Unicode>
                </TextEquiv>
            </TextLine>
            <TextLine id="r1l20" custom="readingOrder {index:19;}">
                <Coords points="178,1819 856,1849 915,1844 917,1797 179,1776"/>
                <Baseline points="197,1812 231,1811 266,1811 301,1811 336,1811 371,1812 406,1813 440,1815 475,1816 510,1819 545,1820 580,1822 615,1825 650,1826 684,1828 719,1829 754,1831 789,1831 824,1832 859,1832 894,1831"/>
                <TextEquiv>
                    <Unicode>#hiche Luben durst en, haben aber nuht</Unicode>
                </TextEquiv>
            </TextLine>
            <TextLine id="r1l21" custom="readingOrder {index:20;}">
                <Coords points="2118,1821 3265,1859 3357,1815 2119,1773"/>
                <Baseline points="2138,1815 2201,1817 2264,1819 2327,1820 2390,1822 2453,1824 2516,1827 2579,1828 2642,1831 2705,1832 2769,1834 2832,1836 2895,1838 2958,1839 3021,1841 3084,1842 3147,1843 3210,1844 3273,1844 3337,1845"/>
                <TextEquiv>
                    <Unicode>Margarethe, die ein Wiener Baron von etwas flachen Schädelverhält¬</Unicode>
                </TextEquiv>
            </TextLine>
            <TextLine id="r1l22" custom="readingOrder {index:21;}">
                <Coords points="895,1868 2110,1874 2135,1803 896,1793"/>
                <Baseline points="916,1845 976,1846 1036,1847 1096,1848 1156,1849 1216,1849 1276,1850 1336,1851 1396,1852 1456,1853 1516,1853 1576,1854 1636,1855 1696,1856 1756,1857 1816,1858 1876,1859 1936,1860 1996,1861 2056,1863 2116,1864"/>
                <TextEquiv>
                    <Unicode> „Extrakammerl“ beschäftigen sich der tuberkulose Schauspieler Florian</Unicode>
                </TextEquiv>
            </TextLine>
            <TextLine id="r1l23" custom="readingOrder {index:22;}">
                <Coords points="180,1870 910,1897 912,1845 888,1840 182,1819"/>
                <Baseline points="201,1859 235,1860 270,1860 304,1861 339,1862 373,1864 408,1865 442,1867 477,1869 511,1870 546,1872 580,1873 615,1875 649,1876 684,1878 718,1879 753,1879 787,1880 822,1880 856,1880 891,1879"/>
                <TextEquiv>
                    <Unicode> uns Südüicheren traumhofte, spalhaft¬</Unicode>
                </TextEquiv>
            </TextLine>
            <TextLine id="r1l24" custom="readingOrder {index:23;}">
                <Coords points="2119,1870 3353,1927 3355,1844 2121,1822"/>
                <Baseline points="2141,1864 2200,1866 2260,1869 2320,1870 2379,1872 2439,1875 2499,1876 2558,1879 2618,1880 2678,1883 2738,1884 2797,1886 2857,1887 2917,1889 2976,1890 3036,1891 3096,1893 3155,1894 3215,1894 3275,1895 3335,1896"/>
                <TextEquiv>
                    <Unicode>nissen aus einem Münchner Literaturkaffeehaus heraus heirathen will.</Unicode>
                </TextEquiv>
            </TextLine>
            <TextLine id="r1l25" custom="readingOrder {index:24;}">
                <Coords points="903,1899 2126,1918 2126,1866 1941,1856 903,1852"/>
                <Baseline points="923,1895 982,1895 1041,1896 1100,1896 1159,1896 1219,1897 1278,1898 1337,1898 1396,1899 1455,1900 1515,1901 1574,1901 1633,1903 1692,1904 1751,1904 1811,1906 1870,1907 1929,1908 1988,1910 2047,1911 2107,1913"/>
                <TextEquiv>
                    <Unicode>Jackwerth und der vermuthlich nierenleidende Journalist Karl Rade¬</Unicode>
                </TextEquiv>
            </TextLine>
            <TextLine id="r1l26" custom="readingOrder {index:25;}">
                <Coords points="263,1919 452,1937 548,1917 618,1939 686,1918 705,1938 917,1953 920,1886 265,1864"/>
                <Baseline points="284,1913 314,1914 345,1914 375,1915 406,1916 437,1916 467,1917 498,1918 529,1919 559,1920 590,1921 621,1922 651,1923 682,1924 713,1926 743,1926 774,1928 805,1929 835,1931 866,1932 897,1934"/>
                <TextEquiv>
                    <Unicode>[#hwarmenden Seele ver#nnüchen</Unicode>
                </TextEquiv>
            </TextLine>
            <TextLine id="r1l27" custom="readingOrder {index:26;}">
                <Coords points="2115,1932 3353,1972 3354,1917 3299,1903 2116,1873"/>
                <Baseline points="2136,1911 2195,1914 2255,1917 2315,1920 2375,1923 2435,1925 2494,1927 2554,1930 2614,1932 2674,1934 2734,1936 2793,1937 2853,1939 2913,1940 2973,1941 3033,1942 3092,1943 3152,1944 3212,1945 3272,1946 3332,1946"/>
                <TextEquiv>
                    <Unicode>Nur muß sie ihre Schriftstellerei aufgeben. Aber sie kann nicht umhin,</Unicode>
                </TextEquiv>
            </TextLine>
            <TextLine id="r1l28" custom="readingOrder {index:27;}">
                <Coords points="899,1948 3304,2012 3345,1957 900,1897"/>
                <Baseline points="917,1945 1037,1945 1157,1945 1278,1946 1398,1947 1519,1949 1639,1952 1759,1954 1880,1958 2000,1961 2121,1964 2241,1968 2361,1972 2482,1975 2602,1979 2723,1983 2843,1986 2963,1989 3084,1992 3204,1995 3325,1997"/>
                <TextEquiv>
                    <Unicode>macher mit Sterben. Der an „Tbe“ leidende (wie auf den schwarzen erst noch einen Roman zu schreiben, in dem sie ihre lebendigen Stun¬</Unicode>
                </TextEquiv>
            </TextLine>
            <TextLine id="r1l29" custom="readingOrder {index:28;}">
                <Coords points="272,1974 709,1995 749,1980 800,1998 828,1990 830,1935 707,1939 684,1919 577,1936 534,1918 514,1938 491,1921 451,1940 274,1919"/>
                <Baseline points="293,1961 318,1963 344,1964 370,1966 395,1967 421,1968 447,1968 472,1970 498,1970 524,1971 550,1972 575,1972 601,1973 627,1973 652,1974 678,1975 704,1976 729,1976 755,1977 781,1977 807,1979"/>
                <TextEquiv>
                    <Unicode>üte hier ais Darstellerin ber #</Unicode>
                </TextEquiv>
            </TextLine>
            <TextLine id="r1l30" custom="readingOrder {index:29;}">
                <Coords points="898,1999 3260,2061 3353,1992 899,1948"/>
                <Baseline points="917,1993 1037,1993 1158,1994 1279,1995 1399,1997 1520,1999 1641,2002 1761,2004 1882,2007 2003,2011 2124,2014 2244,2017 2365,2021 2486,2025 2606,2028 2727,2031 2848,2035 2968,2038 3089,2041 3210,2043 3331,2046"/>
                <TextEquiv>
                    <Unicode>Kopfbrettern aus Schonung abbreviirt zu werden pflegt) Komödiant den mit einem früheren Liebhaber schildert. Aber auch dieser Herr</Unicode>
                </TextEquiv>
            </TextLine>
            <TextLine id="r1l31" custom="readingOrder {index:30;}">
                <Coords points="283,2067 318,2072 330,2065 350,2066 369,2082 406,2060 417,2072 440,2077 449,2069 472,2070 474,2031 450,2030 431,2013 387,2032 364,2011 352,2018 285,2012"/>
                <Baseline points="304,2059 333,2060 363,2061 392,2063 422,2064 452,2063"/>
                <TextEquiv>
                    <Unicode>embie, vor¬</Unicode>
                </TextEquiv>
            </TextLine>
            <TextLine id="r1l32" custom="readingOrder {index:31;}">
                <Coords points="902,2042 3327,2116 3349,2045 903,1999"/>
                <Baseline points="923,2043 1043,2043 1163,2044 1283,2046 1403,2047 1524,2049 1644,2052 1764,2054 1884,2057 2004,2060 2125,2063 2245,2066 2365,2069 2485,2073 2605,2076 2726,2080 2846,2083 2966,2087 3086,2090 3206,2093 3327,2097"/>
                <TextEquiv>
                    <Unicode>hat keine Ahnung, daß er in acht Tagen unter der Erde liegen wird schreibt gleichzeitig einen Roman über seine intimen Beziehungen zu</Unicode>
                </TextEquiv>
            </TextLine>
            <TextLine id="r1l33" custom="readingOrder {index:32;}">
                <Coords points="901,2097 3358,2168 3261,2094 902,2042"/>
                <Baseline points="919,2093 1039,2093 1160,2093 1281,2094 1402,2096 1523,2098 1644,2100 1765,2103 1886,2106 2007,2109 2128,2113 2248,2116 2369,2119 2490,2123 2611,2126 2732,2130 2853,2133 2974,2136 3095,2139 3216,2142 3337,2144"/>
                <TextEquiv>
                    <Unicode>und macht nichts als Ull, kopirt die Sekundarärzte und die Schmerzen ihr. Und zwar treiben Beide die Diskretion so weit, daß Beide ihren</Unicode>
                </TextEquiv>
            </TextLine>
            <TextLine id="r1l34" custom="readingOrder {index:33;}">
                <Coords points="892,2153 2096,2164 2132,2114 893,2090"/>
                <Baseline points="913,2136 972,2137 1032,2139 1092,2141 1152,2142 1212,2144 1272,2145 1331,2146 1391,2146 1451,2147 1511,2148 1571,2149 1631,2150 1691,2150 1750,2151 1810,2152 1870,2153 1930,2154 1990,2155 2050,2156 2110,2157"/>
                <TextEquiv>
                    <Unicode>der Nachbarn und hofft in acht Tagen in Olmütz aufzutreten. Der</Unicode>
                </TextEquiv>
            </TextLine>
            <TextLine id="r1l35" custom="readingOrder {index:34;}">
                <Coords points="2110,2178 3324,2215 3357,2161 2111,2119"/>
                <Baseline points="2130,2161 2190,2163 2250,2164 2310,2166 2371,2168 2431,2170 2491,2172 2551,2174 2612,2176 2672,2179 2732,2181 2792,2183 2853,2185 2913,2187 2973,2189 3033,2190 3094,2191 3154,2192 3214,2193 3274,2193 3335,2192"/>
                <TextEquiv>
                    <Unicode>ganzen Brieswechsel in den Text aufnehmen. Dieses Zusammentressen</Unicode>
                </TextEquiv>
            </TextLine>
            <TextLine id="r1l36" custom="readingOrder {index:35;}">
                <Coords points="897,2192 3335,2240 899,2141"/>
                <Baseline points="917,2192 1037,2192 1157,2192 1277,2193 1397,2194 1517,2196 1637,2198 1757,2201 1877,2204 1997,2207 2117,2210 2237,2213 2357,2217 2477,2220 2597,2224 2717,2228 2837,2232 2957,2235 3077,2239 3197,2242 3317,2245"/>
                <TextEquiv>
                    <Unicode>Journalist, ein herabgekommener armer Teufel, plagt sich elendiglich muß zu einem kolossalen Skandal führen und mit der Heirath Marga¬</Unicode>
                </TextEquiv>
            </TextLine>
            <TextLine id="r1l37" custom="readingOrder {index:36;}">
                <Coords points="897,2232 3346,2303 3347,2228 898,2192"/>
                <Baseline points="915,2239 1035,2240 1156,2241 1276,2242 1397,2243 1517,2245 1638,2247 1758,2250 1879,2252 1999,2255 2120,2259 2240,2262 2361,2265 2481,2269 2602,2272 2722,2276 2843,2280 2963,2284 3084,2287 3204,2291 3325,2294"/>
                <TextEquiv>
                    <Unicode>und hat nur noch einen letzten Wunsch. Seinem ehemaligen Freunde, rethens dürfte es dann aus sein. Der Baron, in seiner Bornirtheit</Unicode>
                </TextEquiv>
            </TextLine>
            <TextLine id="r1l38" custom="readingOrder {index:37;}">
                <Coords points="894,2291 3347,2348 896,2232"/>
                <Baseline points="914,2289 1034,2289 1155,2289 1275,2290 1396,2292 1517,2294 1637,2296 1758,2298 1879,2302 1999,2305 2120,2308 2241,2311 2361,2315 2482,2319 2603,2323 2723,2326 2844,2330 2965,2333 3085,2337 3206,2340 3327,2343"/>
                <TextEquiv>
                    <Unicode>dem emporgeschwindelten Dichter Weihgast, möchte er vor seinem der einzige Gescheite in der Gesellschaft, hilft aber, indem er dem Ver¬</Unicode>
                </TextEquiv>
            </TextLine>
            <TextLine id="r1l39" custom="readingOrder {index:38;}">
                <Coords points="900,2323 3349,2413 3351,2346 3224,2338 901,2292"/>
                <Baseline points="921,2339 1041,2339 1162,2339 1282,2340 1403,2341 1523,2343 1644,2346 1764,2348 1885,2351 2005,2354 2126,2358 2246,2361 2367,2365 2487,2369 2608,2373 2728,2377 2849,2380 2969,2384 3090,2387 3210,2390 3331,2393"/>
                <TextEquiv>
                    <Unicode>Lode noch ins Gesicht sagen, daß er auch nur ein Literaturschwindler leger seiner Braut die ganze Auflage abkauft und zum Einstampfen</Unicode>
                </TextEquiv>
            </TextLine>
            <TextLine id="r1l40" custom="readingOrder {index:39;}">
                <Coords points="616,2379 643,2383 656,2373 660,2378 683,2381 691,2330 655,2325 647,2328 624,2324"/>
                <Baseline points="638,2362 666,2366"/>
                <TextEquiv>
                    <Unicode>stieg</Unicode>
                </TextEquiv>
            </TextLine>
            <TextLine id="r1l41" custom="readingOrder {index:40;}">
                <Coords points="902,2406 3344,2444 904,2343"/>
                <Baseline points="923,2387 1043,2386 1163,2387 1283,2388 1403,2389 1523,2391 1643,2394 1763,2397 1883,2400 2003,2403 2123,2407 2243,2411 2363,2414 2483,2418 2603,2422 2723,2425 2843,2429 2963,2432 3083,2435 3203,2437 3323,2439"/>
                <TextEquiv>
                    <Unicode>sei und daß seine Frau ihn auch immer dafür gehalten habe und daß verurtheilt. Das einzige Exemplar, das er gerettet, um es zu</Unicode>
                </TextEquiv>
            </TextLine>
            <TextLine id="r1l42" custom="readingOrder {index:41;}">
                <Coords points="459,2420 597,2426 617,2418 668,2435 704,2419 751,2420 752,2337 689,2336 657,2367 625,2375 515,2382 491,2369 460,2377"/>
                <Baseline points="478,2407 503,2409 528,2411 553,2412 578,2413 604,2413 629,2413 654,2413 679,2412 704,2412 730,2411"/>
                <TextEquiv>
                    <Unicode>eit uicht söschenr</Unicode>
                </TextEquiv>
            </TextLine>
            <TextLine id="r1l43" custom="readingOrder {index:42;}">
                <Coords points="902,2441 3347,2506 3314,2438 904,2390"/>
                <Baseline points="923,2437 1043,2436 1163,2437 1283,2438 1403,2439 1524,2441 1644,2443 1764,2446 1884,2449 2004,2452 2125,2456 2245,2459 2365,2463 2485,2467 2605,2470 2726,2474 2846,2477 2966,2481 3086,2484 3206,2487 3327,2489"/>
                <TextEquiv>
                    <Unicode>sie sogar zwei Jahre lang seine (Rademacher's) Geliebte gewesen sei. lesen, wirft sie ins Feuer, . . . um ihm zu beweisen, wie gründlich</Unicode>
                </TextEquiv>
            </TextLine>
            <TextLine id="r1l44" custom="readingOrder {index:43;}">
                <Coords points="619,2474 647,2473 695,2487 726,2474 742,2486 754,2477 766,2489 801,2488 799,2425 752,2430 692,2401 684,2401 661,2425 618,2423"/>
                <Baseline points="640,2464 668,2463 696,2461 724,2460 752,2459 781,2461"/>
                <TextEquiv>
                    <Unicode>Pi </Unicode>
                </TextEquiv>
            </TextLine>
            <TextLine id="r1l45" custom="readingOrder {index:44;}">
                <Coords points="902,2494 3079,2551 3349,2491 903,2443"/>
                <Baseline points="921,2482 1041,2482 1161,2482 1282,2483 1402,2484 1523,2486 1643,2488 1763,2491 1884,2494 2004,2497 2125,2501 2245,2505 2365,2509 2486,2513 2606,2516 2727,2520 2847,2524 2967,2528 3088,2532 3208,2535 3329,2539"/>
                <TextEquiv>
                    <Unicode>dieses Gift und diese Gasse müchte er ihm ins Gesicht expektoriren sie geheilt sei. Die Figuren und Vorgänge des Schwankes sind</Unicode>
                </TextEquiv>
            </TextLine>
            <TextLine id="r1l46" custom="readingOrder {index:45;}">
                <Coords points="424,2508 648,2514 675,2528 696,2513 778,2525 795,2513 814,2526 838,2523 840,2472 757,2464 729,2479 662,2480 609,2430 569,2444 534,2426 427,2429"/>
                <Baseline points="442,2497 467,2498 492,2498 517,2500 542,2501 567,2503 592,2505 617,2507 642,2508 667,2509 692,2511 717,2512 742,2512 767,2512 792,2511 818,2511"/>
                <TextEquiv>
                    <Unicode>Afpieserut gut d.n Fe</Unicode>
                </TextEquiv>
            </TextLine>
            <TextLine id="r1l47" custom="readingOrder {index:46;}">
                <Coords points="908,2522 3112,2604 3334,2551 909,2475"/>
                <Baseline points="929,2527 1048,2528 1167,2529 1286,2531 1406,2533 1525,2535 1644,2538 1764,2541 1883,2544 2002,2547 2122,2550 2241,2554 2360,2557 2479,2561 2599,2565 2718,2568 2837,2572 2957,2576 3076,2580 3195,2583 3315,2587"/>
                <TextEquiv>
                    <Unicode>nd dann zufrieden sterben. Inständigst fleht er den Sekundararzt voll Witz und Humor. Der Snobismus der Kafferkaus¬</Unicode>
                </TextEquiv>
            </TextLine>
            <TextLine id="r1l48" custom="readingOrder {index:47;}">
                <Coords points="389,2566 496,2557 558,2587 582,2564 641,2570 666,2555 736,2577 890,2574 891,2534 852,2521 391,2507"/>
                <Baseline points="410,2550 435,2551 461,2551 486,2552 512,2553 537,2554 563,2556 588,2557 614,2558 639,2559 665,2560 690,2560 716,2561 741,2562 767,2562 792,2563 818,2563 843,2562 869,2562"/>
                <TextEquiv>
                    <Unicode>sein, die aus undewußten</Unicode>
                </TextEquiv>
            </TextLine>
            <TextLine id="r1l49" custom="readingOrder {index:48;}">
                <Coords points="902,2566 3339,2636 3340,2580 903,2519"/>
                <Baseline points="921,2580 1040,2579 1160,2578 1280,2579 1400,2580 1520,2582 1640,2584 1760,2588 1880,2591 2000,2595 2120,2599 2239,2603 2359,2608 2479,2612 2599,2616 2719,2620 2839,2623 2959,2627 3079,2629 3199,2631 3319,2633"/>
                <TextEquiv>
                    <Unicode>n, ihm den Dichter zu holen, gleich jetzt in der Nacht, denn er habe literaten, namentlich aber gewisser Dichtermen, die von dem</Unicode>
                </TextEquiv>
            </TextLine>
            <TextLine id="r1l50" custom="readingOrder {index:49;}">
                <Coords points="434,2613 647,2611 702,2625 714,2613 809,2632 864,2622 866,2570 806,2581 704,2574 669,2557 641,2572 436,2558"/>
                <Baseline points="454,2599 480,2602 506,2603 532,2605 558,2606 584,2607 610,2608 636,2609 663,2609 689,2610 715,2610 741,2611 767,2611 793,2611 819,2612 846,2612"/>
                <TextEquiv>
                    <Unicode>##ein, aus Ahnungen 34</Unicode>
                </TextEquiv>
            </TextLine>
            <TextLine id="r1l51" custom="readingOrder {index:50;}">
                <Coords points="891,2609 3348,2697 3349,2637 893,2562"/>
                <Baseline points="911,2625 1031,2625 1152,2626 1273,2628 1394,2630 1515,2632 1636,2635 1757,2638 1878,2642 1999,2645 2120,2649 2240,2652 2361,2656 2482,2660 2603,2664 2724,2668 2845,2672 2966,2676 3087,2679 3208,2682 3329,2685"/>
                <TextEquiv>
                    <Unicode>hm noch hochwichtige Dinge mitzutheilen. Der Arzt läßt sich mit Publikum gleichsam „im Trikot als griechische Sratuen“ erscheitten, ist.,</Unicode>
                </TextEquiv>
            </TextLine>
            <TextLine id="r1l52" custom="readingOrder {index:51;}">
                <Coords points="437,2661 606,2662 649,2679 697,2660 764,2674 823,2664 824,2625 765,2627 746,2610 691,2601 600,2614 438,2602"/>
                <Baseline points="456,2649 482,2651 509,2652 536,2653 563,2653 590,2653 617,2654 643,2654 670,2655 697,2656 724,2656 751,2658 778,2660 805,2663"/>
                <TextEquiv>
                    <Unicode>aber verführeeich</Unicode>
                </TextEquiv>
            </TextLine>
            <TextLine id="r1l53" custom="readingOrder {index:52;}">
                <Coords points="894,2700 3333,2699 896,2609"/>
                <Baseline points="913,2674 1033,2675 1153,2675 1273,2677 1393,2679 1513,2681 1633,2684 1753,2687 1873,2690 1993,2694 2113,2697 2233,2701 2353,2705 2473,2709 2593,2713 2713,2717 2833,2721 2953,2724 3073,2727 3193,2730 3313,2732"/>
                <TextEquiv>
                    <Unicode>MMüh' und Noth dazu bewegen und Weihgast erscheint. Im mit prickelnder Laune gegeißelt. Es weht Ueberbrettlluft in diesem</Unicode>
                </TextEquiv>
            </TextLine>
            <TextLine id="r1l54" custom="readingOrder {index:53;}">
                <Coords points="430,2697 556,2714 576,2729 651,2702 678,2718 777,2715 797,2731 856,2719 856,2668 765,2656 635,2663 623,2651 604,2663 549,2650 537,2662 430,2658"/>
                <Baseline points="448,2701 473,2703 499,2703 525,2704 551,2704 577,2704 603,2704 629,2704 655,2704 681,2703 707,2703 733,2703 759,2704 785,2704 811,2706 837,2708"/>
                <TextEquiv>
                    <Unicode>augshörn Diese Eie</Unicode>
                </TextEquiv>
            </TextLine>
            <TextLine id="r1l55" custom="readingOrder {index:54;}">
                <Coords points="892,2728 3337,2799 3339,2724 893,2673"/>
                <Baseline points="911,2723 1031,2723 1151,2724 1272,2725 1392,2727 1513,2729 1633,2732 1753,2735 1874,2738 1994,2742 2115,2746 2235,2749 2355,2754 2476,2757 2596,2761 2717,2766 2837,2770 2957,2773 3078,2776 3198,2779 3319,2782"/>
                <TextEquiv>
                    <Unicode>brächtigen Stadtpelz und großartigen Vollbart, mit dünner hoher satirischen Scherzstück, allein über einem ernsteren Fond, der wirkliche</Unicode>
                </TextEquiv>
            </TextLine>
            <TextLine id="r1l56" custom="readingOrder {index:55;}">
                <Coords points="409,2759 456,2760 475,2777 575,2752 617,2777 638,2762 850,2776 878,2773 880,2717 722,2721 651,2703 516,2719 410,2700"/>
                <Baseline points="430,2747 455,2748 480,2748 505,2749 530,2749 556,2750 581,2750 606,2751 631,2752 657,2752 682,2753 707,2754 732,2755 758,2756 783,2756 808,2758 833,2759 859,2760"/>
                <TextEquiv>
                    <Unicode>defiiren, jeberfallt sett</Unicode>
                </TextEquiv>
            </TextLine>
            <TextLine id="r1l57" custom="readingOrder {index:56;}">
                <Coords points="880,2775 1445,2767 2114,2824 2116,2741 881,2716"/>
                <Baseline points="902,2765 961,2767 1021,2770 1081,2771 1140,2773 1200,2774 1260,2776 1319,2777 1379,2778 1439,2779 1499,2780 1558,2781 1618,2782 1678,2783 1737,2783 1797,2784 1857,2786 1916,2787 1976,2789 2036,2790 2096,2792"/>
                <TextEquiv>
                    <Unicode>Singstimme immer nur von sich, seinen Werken und seinen</Unicode>
                </TextEquiv>
            </TextLine>
            <TextLine id="r1l58" custom="readingOrder {index:57;}">
                <Coords points="509,2807 749,2820 765,2805 781,2813 797,2802 808,2814 867,2816 870,2761 511,2755"/>
                <Baseline points="529,2797 555,2798 582,2800 609,2801 635,2802 662,2804 689,2805 715,2807 742,2807 769,2808 795,2808 822,2808 849,2808"/>
                <TextEquiv>
                    <Unicode>auch stmtisch ar</Unicode>
                </TextEquiv>
            </TextLine>
            <TextLine id="r1l59" custom="readingOrder {index:58;}">
                <Coords points="2099,2809 3325,2850 3327,2783 3272,2769 2101,2754"/>
                <Baseline points="2119,2797 2178,2799 2237,2800 2297,2802 2356,2803 2416,2805 2475,2807 2534,2809 2594,2811 2653,2813 2713,2815 2772,2817 2831,2819 2891,2821 2950,2822 3010,2824 3069,2826 3128,2827 3188,2828 3247,2829 3307,2830"/>
                <TextEquiv>
                    <Unicode>Auswüchse der weiblichen Literatur wirklich geißelt. Seit Molière's</Unicode>
                </TextEquiv>
            </TextLine>
            <TextLine id="r1l60" custom="readingOrder {index:59;}">
                <Coords points="872,2842 3148,2893 3332,2819 874,2775"/>
                <Baseline points="893,2823 1013,2822 1134,2822 1255,2823 1376,2825 1497,2827 1617,2829 1738,2832 1859,2836 1980,2840 2101,2844 2221,2848 2342,2852 2463,2856 2584,2861 2705,2865 2825,2868 2946,2872 3067,2875 3188,2878 3309,2880"/>
                <TextEquiv>
                    <Unicode>Feinden säuselnd, im Uebrigen recht beschwichtigend, protegirend, précieuses ridicules hat die Literaturkomödie immer wiedet neue</Unicode>
                </TextEquiv>
            </TextLine>
            <TextLine id="r1l61" custom="readingOrder {index:60;}">
                <Coords points="552,2864 607,2857 623,2866 631,2858 658,2871 670,2859 745,2865 757,2857 860,2872 861,2817 818,2816 798,2803 786,2811 692,2808 664,2819 636,2807 554,2805"/>
                <Baseline points="573,2848 599,2848 626,2849 653,2850 679,2850 706,2851 733,2852 759,2852 786,2853 813,2854 840,2855"/>
                <TextEquiv>
                    <Unicode>kaodernen Biter</Unicode>
                </TextEquiv>
            </TextLine>
            <TextLine id="r1l62" custom="readingOrder {index:61;}">
                <Coords points="883,2862 2081,2906 2114,2859 883,2815"/>
                <Baseline points="902,2866 961,2867 1021,2868 1080,2869 1140,2870 1199,2870 1259,2871 1318,2872 1378,2873 1437,2874 1497,2875 1556,2876 1616,2877 1675,2879 1735,2880 1794,2881 1854,2883 1913,2885 1973,2887 2032,2889 2092,2891"/>
                <TextEquiv>
                    <Unicode>in Phrasen von seiner Frau schwärmend, dem einzigen Wesen,</Unicode>
                </TextEquiv>
            </TextLine>
            <TextLine id="r1l63" custom="readingOrder {index:62;}">
                <Coords points="635,2910 662,2903 697,2917 773,2912 784,2921 813,2902 836,2915 895,2914 898,2855 826,2868 780,2846 767,2857 724,2847 716,2854 637,2854"/>
                <Baseline points="656,2897 683,2896 710,2896 737,2896 765,2897 792,2899 819,2901 846,2904 874,2907"/>
                <TextEquiv>
                    <Unicode>* Rrssanre¬</Unicode>
                </TextEquiv>
            </TextLine>
            <TextLine id="r1l64" custom="readingOrder {index:63;}">
                <Coords points="2088,2895 3322,2953 3324,2890 3206,2871 2090,2852"/>
                <Baseline points="2107,2892 2166,2894 2226,2897 2286,2899 2346,2901 2406,2904 2465,2906 2525,2908 2585,2910 2645,2912 2705,2914 2764,2915 2824,2917 2884,2919 2944,2920 3004,2922 3063,2924 3123,2925 3183,2927 3243,2928 3303,2930"/>
                <TextEquiv>
                    <Unicode>Gestalten angenommen, die ästhetischen Posen und Moden des Tages</Unicode>
                </TextEquiv>
            </TextLine>
            <TextLine id="r1l65" custom="readingOrder {index:64;}">
                <Coords points="884,2923 3324,3015 3326,2944 3177,2924 886,2864"/>
                <Baseline points="905,2918 1025,2917 1145,2918 1265,2919 1385,2921 1505,2923 1625,2926 1745,2929 1865,2933 1985,2937 2105,2942 2225,2946 2345,2951 2465,2955 2585,2959 2705,2963 2825,2967 2945,2971 3065,2974 3185,2977 3306,2979"/>
                <TextEquiv>
                    <Unicode>das ihn verstehe. Ein solcher Komödiant! Und der sterbende arme sind gemeinverständliche Stoffe für dramatische Satire geworden.</Unicode>
                </TextEquiv>
            </TextLine>
            <TextLine id="r1l66" custom="readingOrder {index:65;}">
                <Coords points="605,2956 649,2955 696,2969 732,2955 751,2968 759,2960 767,2968 807,2962 814,2971 893,2967 896,2915 813,2903 781,2922 773,2913 746,2916 719,2895 643,2915 608,2913"/>
                <Baseline points="627,2946 654,2947 681,2948 709,2950 736,2951 763,2953 791,2954 818,2955 845,2956 873,2958"/>
                <TextEquiv>
                    <Unicode>wieder in die</Unicode>
                </TextEquiv>
            </TextLine>
            <TextLine id="r1l67" custom="readingOrder {index:66;}">
                <Coords points="886,2982 3325,2996 888,2923"/>
                <Baseline points="905,2967 1031,2966 1157,2966 1283,2967 1410,2969 1536,2972 1662,2976 1788,2979 1915,2983 2041,2989 2167,2994 2293,2998 2420,3003 2546,3007 2672,3012 2798,3016 2925,3019 3051,3022 3177,3024 3304,3025"/>
                <TextEquiv>
                    <Unicode>Teufel hört ihm nur immer zu und speit ihm jenes Gift und jene Sullivan's „Mikado“ und Pinero's „Niobe“ haben den Weg für die</Unicode>
                </TextEquiv>
            </TextLine>
            <TextLine id="r1l68" custom="readingOrder {index:67;}">
                <Coords points="429,3002 891,3015 893,2968 732,2956 699,2971 617,2951 432,2950"/>
                <Baseline points="451,2992 477,2992 503,2992 529,2993 556,2994 582,2995 608,2996 634,2997 661,2999 687,3001 713,3002 739,3004 766,3005 792,3006 818,3007 844,3008 871,3008"/>
                <TextEquiv>
                    <Unicode>Kostüme der Personen.</Unicode>
                </TextEquiv>
            </TextLine>
            <TextLine id="r1l69" custom="readingOrder {index:68;}">
                <Coords points="874,3010 3324,3043 875,2958"/>
                <Baseline points="892,3015 1012,3015 1133,3015 1253,3016 1374,3018 1494,3021 1615,3024 1735,3027 1856,3031 1976,3035 2097,3040 2218,3044 2338,3048 2459,3053 2579,3057 2700,3061 2820,3065 2941,3069 3061,3072 3182,3074 3303,3076"/>
                <TextEquiv>
                    <Unicode>Galle nicht ins Gesicht, .. es ist ihm Alles schon so Wurst. „Was Brettelleute gebahnt, Frank Wedekind schlägt in der köstlichen Jarce:</Unicode>
                </TextEquiv>
            </TextLine>
            <TextLine id="r1l70" custom="readingOrder {index:69;}">
                <Coords points="292,3048 892,3064 886,3012 295,2993"/>
                <Baseline points="311,3038 339,3038 367,3038 395,3039 423,3039 451,3040 479,3041 507,3042 535,3043 563,3044 592,3045 620,3046 648,3048 676,3049 704,3050 732,3052 760,3053 788,3054 816,3056 844,3058 873,3060"/>
                <TextEquiv>
                    <Unicode>lut in Zwischenvordang fallen,</Unicode>
                </TextEquiv>
            </TextLine>
            <TextLine id="r1l71" custom="readingOrder {index:70;}">
                <Coords points="875,3084 2098,3105 2099,3038 1985,3020 877,3009"/>
                <Baseline points="896,3063 955,3063 1014,3063 1073,3063 1132,3064 1191,3064 1250,3066 1309,3066 1368,3067 1427,3069 1487,3070 1546,3071 1605,3073 1664,3075 1723,3076 1782,3078 1841,3079 1900,3081 1959,3082 2018,3084 2078,3085"/>
                <TextEquiv>
                    <Unicode>Ihat unser einer mit den Leuten zu schaffen, die morgen noch auf der</Unicode>
                </TextEquiv>
            </TextLine>
            <TextLine id="r1l72" custom="readingOrder {index:71;}">
                <Coords points="220,3093 858,3120 860,3061 221,3046"/>
                <Baseline points="240,3085 270,3085 300,3086 330,3087 360,3088 390,3089 420,3090 450,3092 480,3092 510,3093 540,3094 570,3096 600,3097 630,3098 660,3098 690,3099 720,3100 750,3100 780,3100 810,3100 840,3100"/>
                <TextEquiv>
                    <Unicode>schneider. Das zweite Mal glaudtt dr</Unicode>
                </TextEquiv>
            </TextLine>
            <TextLine id="r1l73" custom="readingOrder {index:72;}">
                <Coords points="2080,3103 3334,3144 3336,3077 2082,3040"/>
                <Baseline points="2102,3095 2162,3095 2223,3097 2284,3098 2344,3099 2405,3100 2466,3102 2526,3104 2587,3105 2648,3107 2709,3109 2769,3111 2830,3114 2891,3116 2951,3117 3012,3119 3073,3121 3133,3123 3194,3125 3255,3126 3316,3127"/>
                <TextEquiv>
                    <Unicode>„Der Kammersänger“ den Ton einer vor nichts zurückscheuenden </Unicode>
                </TextEquiv>
            </TextLine>
            <TextLine id="r1l74" custom="readingOrder {index:73;}">
                <Coords points="873,3125 2025,3143 2100,3140 2101,3101 874,3062"/>
                <Baseline points="895,3110 954,3110 1013,3111 1073,3111 1132,3112 1191,3113 1251,3114 1310,3115 1369,3116 1429,3117 1488,3118 1547,3119 1607,3120 1666,3121 1725,3123 1785,3124 1844,3126 1903,3127 1963,3128 2022,3130 2082,3131"/>
                <TextEquiv>
                    <Unicode>Welt sein werden?“ Und Weihgast geht fort und Rademacher über¬</Unicode>
                </TextEquiv>
            </TextLine>
            <TextLine id="r1l75" custom="readingOrder {index:74;}">
                <Coords points="151,3137 864,3163 865,3115 810,3106 152,3090"/>
                <Baseline points="170,3139 203,3138 237,3137 271,3137 305,3137 338,3138 372,3138 406,3139 440,3140 473,3141 507,3142 541,3143 575,3145 608,3146 642,3147 676,3148 710,3149 743,3150 777,3150 811,3151 845,3151"/>
                <TextEquiv>
                    <Unicode>#ei schon zu Ende und begann zu Awlan¬</Unicode>
                </TextEquiv>
            </TextLine>
            <TextLine id="r1l76" custom="readingOrder {index:75;}">
                <Coords points="2087,3146 3273,3194 3323,3129 2089,3083"/>
                <Baseline points="2107,3142 2166,3143 2226,3145 2286,3147 2345,3149 2405,3151 2465,3153 2524,3155 2584,3157 2644,3158 2704,3161 2763,3162 2823,3164 2883,3166 2942,3168 3002,3169 3062,3171 3121,3173 3181,3174 3241,3176 3301,3177"/>
                <TextEquiv>
                    <Unicode>Groteske an. Das Alles klingt wie neu. Nun, man braucht blos an</Unicode>
                </TextEquiv>
            </TextLine>
            <TextLine id="r1l77" custom="readingOrder {index:76;}">
                <Coords points="878,3172 2097,3198 2067,3138 879,3117"/>
                <Baseline points="897,3158 959,3159 1021,3160 1083,3161 1145,3163 1207,3164 1269,3165 1331,3166 1393,3167 1455,3169 1517,3170 1579,3171 1641,3173 1703,3174 1765,3176 1827,3177 1889,3179 1951,3180 2013,3182 2076,3184"/>
                <TextEquiv>
                    <Unicode>schlägt sich und ist todt . . . Das ist Alles ganz meisterlich aus dem</Unicode>
                </TextEquiv>
            </TextLine>
            <TextLine id="r1l78" custom="readingOrder {index:77;}">
                <Coords points="139,3185 857,3209 858,3158 140,3134"/>
                <Baseline points="159,3182 193,3183 227,3184 261,3185 295,3186 329,3187 363,3188 397,3189 431,3190 465,3192 499,3192 533,3194 567,3194 601,3195 635,3196 669,3197 703,3198 737,3199 771,3199 805,3200 839,3200"/>
                <TextEquiv>
                    <Unicode>Mdentigens zur Ruhe gebracht werden</Unicode>
                </TextEquiv>
            </TextLine>
            <TextLine id="r1l79" custom="readingOrder {index:78;}">
                <Coords points="2090,3202 3321,3230 3299,3170 2092,3147"/>
                <Baseline points="2109,3193 2168,3194 2228,3196 2287,3197 2347,3198 2407,3200 2466,3202 2526,3204 2585,3206 2645,3208 2705,3210 2764,3211 2824,3213 2883,3215 2943,3217 3003,3219 3062,3220 3122,3222 3181,3223 3241,3224 3301,3224"/>
                <TextEquiv>
                    <Unicode>Nestroy zurückzudenken und merkt, daß solche Töne schon früher an¬</Unicode>
                </TextEquiv>
            </TextLine>
            <TextLine id="r1l80" custom="readingOrder {index:79;}">
                <Coords points="873,3214 2092,3239 2093,3188 2002,3182 874,3163"/>
                <Baseline points="893,3210 955,3210 1017,3210 1079,3210 1141,3210 1203,3211 1265,3212 1327,3213 1389,3214 1451,3216 1513,3217 1575,3219 1637,3220 1699,3222 1761,3224 1823,3225 1885,3227 1947,3229 2009,3230 2072,3232"/>
                <TextEquiv>
                    <Unicode>Leben herausgeschrieben. Und aus dem Tode. Der schwindsüchtige</Unicode>
                </TextEquiv>
            </TextLine>
            <TextLine id="r1l81" custom="readingOrder {index:80;}">
                <Coords points="137,3243 460,3267 650,3244 681,3265 886,3270 888,3206 138,3188"/>
                <Baseline points="158,3231 193,3234 228,3236 264,3239 299,3241 334,3242 370,3243 405,3243 440,3244 476,3244 511,3244 546,3245 582,3245 617,3245 652,3246 688,3247 723,3248 758,3249 794,3251 829,3254 865,3256"/>
                <TextEquiv>
                    <Unicode>orhang wäre doch gar nicht Archi n</Unicode>
                </TextEquiv>
            </TextLine>
            <TextLine id="r1l82" custom="readingOrder {index:81;}">
                <Coords points="2081,3249 3315,3293 3317,3226 2082,3198"/>
                <Baseline points="2102,3243 2161,3244 2221,3245 2280,3247 2340,3248 2400,3250 2459,3252 2519,3253 2579,3255 2638,3257 2698,3258 2758,3260 2817,3262 2877,3264 2937,3266 2996,3268 3056,3270 3116,3271 3175,3273 3235,3274 3295,3276"/>
                <TextEquiv>
                    <Unicode>geschlagen wurden. Heute ist man nur viel, viel gebildeter, der Ton</Unicode>
                </TextEquiv>
            </TextLine>
            <TextLine id="r1l83" custom="readingOrder {index:82;}">
                <Coords points="883,3250 2093,3292 2094,3236 884,3206"/>
                <Baseline points="901,3253 959,3254 1018,3255 1076,3256 1135,3257 1193,3259 1252,3260 1310,3262 1369,3264 1427,3265 1486,3267 1545,3268 1603,3270 1662,3271 1720,3273 1779,3274 1837,3275 1896,3277 1954,3278 2013,3279 2072,3280"/>
                <TextEquiv>
                    <Unicode>Schanspieler sucht noch lebendige Stunden und macht Komödie</Unicode>
                </TextEquiv>
            </TextLine>
            <TextLine id="r1l84" custom="readingOrder {index:83;}">
                <Coords points="106,3305 887,3305 888,3269 798,3255 458,3263 203,3217 108,3238"/>
                <Baseline points="128,3286 164,3287 201,3287 238,3288 275,3289 312,3290 349,3291 386,3292 423,3293 460,3294 497,3295 533,3296 570,3297 607,3298 644,3299 681,3300 718,3300 755,3301 792,3301 829,3302 866,3302"/>
                <TextEquiv>
                    <Unicode>uen Burgtheater her, wo in der ersten</Unicode>
                </TextEquiv>
            </TextLine>
            <TextLine id="r1l85" custom="readingOrder {index:84;}">
                <Coords points="2088,3296 3298,3335 3324,3276 2089,3249"/>
                <Baseline points="2109,3291 2168,3292 2228,3294 2287,3295 2347,3297 2407,3298 2466,3300 2526,3302 2585,3304 2645,3305 2705,3308 2764,3309 2824,3311 2883,3313 2943,3315 3003,3317 3062,3318 3122,3319 3181,3321 3241,3322 3301,3323"/>
                <TextEquiv>
                    <Unicode>ist literarischer geworden. Es gibt keinen Schmierenton mehr, Alles</Unicode>
                </TextEquiv>
            </TextLine>
            <TextLine id="r1l86" custom="readingOrder {index:85;}">
                <Coords points="883,3315 2094,3343 2095,3284 884,3256"/>
                <Baseline points="902,3305 960,3306 1019,3306 1077,3307 1136,3308 1195,3309 1253,3311 1312,3312 1370,3313 1429,3315 1488,3316 1546,3317 1605,3319 1663,3320 1722,3322 1781,3323 1839,3325 1898,3326 1956,3328 2015,3329 2074,3331"/>
                <TextEquiv>
                    <Unicode>daraus; der hart an der Schwelle des Grabes sitzt, dem ist die</Unicode>
                </TextEquiv>
            </TextLine>
            <TextLine id="r1l87" custom="readingOrder {index:86;}">
                <Coords points="134,3337 883,3373 881,3313 136,3286"/>
                <Baseline points="156,3331 191,3333 226,3335 262,3337 297,3338 332,3340 368,3341 403,3341 438,3342 474,3343 509,3343 544,3344 580,3344 615,3345 650,3345 686,3345 721,3346 756,3347 792,3347 827,3348 863,3350"/>
                <TextEquiv>
                    <Unicode>gei offener Szene unter den Augen des</Unicode>
                </TextEquiv>
            </TextLine>
            <TextLine id="r1l88" custom="readingOrder {index:87;}">
                <Coords points="2080,3340 3323,3370 3324,3334 3182,3318 2082,3296"/>
                <Baseline points="2101,3339 2161,3340 2221,3341 2281,3343 2341,3344 2401,3346 2461,3348 2521,3350 2581,3352 2641,3354 2701,3357 2761,3359 2821,3361 2881,3363 2941,3365 3001,3366 3061,3368 3121,3369 3181,3370 3241,3371 3301,3372"/>
                <TextEquiv>
                    <Unicode>ist der reinste Parnaß. Die Darsteller dieses Literaturschwankes waren</Unicode>
                </TextEquiv>
            </TextLine>
            <TextLine id="r1l89" custom="readingOrder {index:88;}">
                <Coords points="875,3368 2082,3390 2084,3335 877,3317"/>
                <Baseline points="896,3354 954,3354 1012,3354 1071,3354 1129,3354 1188,3355 1246,3356 1304,3358 1363,3359 1421,3361 1480,3362 1538,3364 1596,3366 1655,3368 1713,3370 1772,3371 1830,3373 1888,3375 1947,3377 2005,3378 2064,3379"/>
                <TextEquiv>
                    <Unicode>Komödie nicht einmal mehr die Komödie werth. Alle diese Figuren,</Unicode>
                </TextEquiv>
            </TextLine>
            <TextLine id="r1l90" custom="readingOrder {index:89;}">
                <Coords points="138,3386 520,3409 737,3395 879,3419 880,3367 790,3349 273,3354 195,3328 139,3347"/>
                <Baseline points="156,3377 191,3379 226,3382 261,3384 296,3386 332,3387 367,3388 402,3389 437,3391 472,3391 508,3392 543,3393 578,3393 613,3394 648,3395 684,3395 719,3396 754,3397 789,3398 824,3399 860,3400"/>
                <TextEquiv>
                    <Unicode>urden. Aber diese Augen sahen nichts,</Unicode>
                </TextEquiv>
            </TextLine>
            <TextLine id="r1l91" custom="readingOrder {index:90;}">
                <Coords points="2082,3406 3277,3444 3320,3433 3322,3370 2084,3343"/>
                <Baseline points="2102,3389 2161,3390 2221,3391 2281,3393 2341,3394 2401,3396 2461,3398 2520,3400 2580,3402 2640,3403 2700,3405 2760,3407 2820,3409 2880,3411 2939,3413 2999,3415 3059,3416 3119,3417 3179,3418 3239,3419 3299,3420"/>
                <TextEquiv>
                    <Unicode>Herr Bassermann, der als standesgemäß bornirter Baron</Unicode>
                </TextEquiv>
            </TextLine>
            <TextLine id="r1l92" custom="readingOrder {index:91;}">
                <Coords points="876,3401 2087,3439 2088,3392 2041,3383 877,3354"/>
                <Baseline points="896,3399 954,3401 1013,3402 1071,3404 1130,3405 1188,3407 1247,3408 1305,3409 1364,3411 1422,3412 1481,3413 1539,3414 1598,3415 1656,3417 1715,3418 1773,3419 1832,3420 1890,3422 1949,3423 2007,3424 2066,3426"/>
                <TextEquiv>
                    <Unicode>der handwerkliche Ton der Spitalsleute, das Gehaben der zum Tod</Unicode>
                </TextEquiv>
            </TextLine>
            <TextLine id="r1l93" custom="readingOrder {index:92;}">
                <Coords points="139,3441 526,3438 643,3465 676,3446 885,3451 886,3392 140,3385"/>
                <Baseline points="158,3428 193,3429 228,3430 264,3431 299,3432 335,3433 370,3434 405,3435 441,3436 476,3437 512,3438 547,3439 582,3440 618,3441 653,3441 689,3442 724,3443 759,3443 795,3444 830,3445 866,3445"/>
                <TextEquiv>
                    <Unicode>ne wurde jedesmal plötzlich verfinstert</Unicode>
                </TextEquiv>
            </TextLine>
            <TextLine id="r1l94" custom="readingOrder {index:93;}">
                <Coords points="2072,3444 3247,3479 3307,3469 3308,3426 2073,3393"/>
                <Baseline points="2091,3437 2150,3439 2210,3440 2270,3443 2330,3444 2390,3446 2449,3448 2509,3449 2569,3451 2629,3453 2689,3454 2748,3456 2808,3457 2868,3459 2928,3460 2988,3462 3047,3463 3107,3464 3167,3466 3227,3467 3287,3469"/>
                <TextEquiv>
                    <Unicode>wieder ganz vorzüglich war, Fräulein Triesch, die die quasi¬</Unicode>
                </TextEquiv>
            </TextLine>
            <TextLine id="r1l95" custom="readingOrder {index:94;}">
                <Coords points="879,3456 2093,3502 2095,3435 881,3404"/>
                <Baseline points="901,3446 959,3447 1018,3448 1076,3449 1135,3451 1194,3452 1252,3454 1311,3456 1370,3457 1428,3459 1487,3460 1546,3462 1604,3464 1663,3465 1722,3467 1780,3468 1839,3470 1898,3471 1956,3472 2015,3472 2074,3473"/>
                <TextEquiv>
                    <Unicode>Verurtheilten, diese Familiarität mit etwas, wovor man doch eine</Unicode>
                </TextEquiv>
            </TextLine>
            <TextLine id="r1l96" custom="readingOrder {index:95;}">
                <Coords points="136,3487 870,3503 871,3452 138,3436"/>
                <Baseline points="158,3480 192,3480 227,3481 261,3482 296,3483 331,3484 365,3485 400,3486 435,3487 469,3487 504,3488 539,3489 573,3490 608,3491 643,3491 677,3492 712,3492 747,3493 781,3493 816,3494 851,3494"/>
                <TextEquiv>
                    <Unicode>ng zur Finsterniß blendete für einige</Unicode>
                </TextEquiv>
            </TextLine>
            <TextLine id="r1l97" custom="readingOrder {index:96;}">
                <Coords points="2075,3497 3305,3528 3303,3468 2077,3441"/>
                <Baseline points="2096,3486 2155,3488 2215,3489 2274,3490 2334,3492 2393,3493 2453,3495 2512,3496 2572,3498 2631,3500 2691,3501 2751,3503 2810,3505 2870,3507 2929,3509 2989,3511 3048,3512 3108,3514 3167,3516 3227,3518 3287,3519"/>
                <TextEquiv>
                    <Unicode>sezessionistischen Manieren der Margarethe ganz wirksam zur Schau</Unicode>
                </TextEquiv>
            </TextLine>
            <TextLine id="r1l98" custom="readingOrder {index:97;}">
                <Coords points="871,3516 3142,3594 3235,3518 873,3449"/>
                <Baseline points="890,3499 1006,3500 1122,3501 1238,3503 1354,3506 1471,3509 1587,3512 1703,3516 1819,3519 1935,3524 2052,3528 2168,3532 2284,3537 2400,3540 2516,3545 2633,3548 2749,3552 2865,3555 2981,3558 3097,3560 3214,3562"/>
                <TextEquiv>
                    <Unicode>Höllenangst hat.. das macht in seinem pathoslosen, geschäfts, trug, und Herr Rittner als moderner Dichterling.:</Unicode>
                </TextEquiv>
            </TextLine>
            <TextLine id="r1l99" custom="readingOrder {index:98;}">
                <Coords points="126,3534 587,3562 655,3536 678,3560 879,3552 880,3493 442,3493 305,3466 277,3489 127,3483"/>
                <Baseline points="144,3526 179,3527 215,3528 251,3529 287,3530 323,3531 358,3532 394,3533 430,3533 466,3534 502,3534 537,3535 573,3535 609,3536 645,3536 681,3537 716,3538 752,3539 788,3539 824,3540 860,3541"/>
                <TextEquiv>
                    <Unicode>an die Manipulationen auf der Bühne</Unicode>
                </TextEquiv>
            </TextLine>
            <TextLine id="r1l100" custom="readingOrder {index:99;}">
                <Coords points="868,3557 3190,3628 3307,3564 869,3509"/>
                <Baseline points="887,3550 1007,3549 1127,3550 1247,3552 1367,3554 1487,3557 1607,3560 1727,3564 1847,3568 1967,3573 2087,3578 2207,3582 2327,3587 2447,3592 2567,3597 2687,3601 2807,3605 2927,3608 3047,3611 3167,3614 3287,3615"/>
                <TextEquiv>
                    <Unicode>mäßigen Hergang einen schauerlichen Eindruck. Den Rademacher herrschte ein homerisches Gelächter, . d. h. wenn die grümn</Unicode>
                </TextEquiv>
            </TextLine>
            <TextLine id="r1l101" custom="readingOrder {index:100;}">
                <Coords points="148,3587 629,3599 669,3576 850,3604 874,3601 875,3557 655,3536 149,3543"/>
                <Baseline points="170,3580 204,3580 238,3581 272,3581 306,3582 341,3582 375,3583 409,3584 443,3585 477,3586 512,3587 546,3588 580,3589 614,3590 648,3591 683,3592 717,3593 751,3593 785,3594 819,3594 854,3595"/>
                <TextEquiv>
                    <Unicode>gab diese Praxis dann auf weil die</Unicode>
                </TextEquiv>
            </TextLine>
            <TextLine id="r1l102" custom="readingOrder {index:101;}">
                <Coords points="873,3604 3171,3704 3280,3624 874,3552"/>
                <Baseline points="893,3600 1011,3600 1129,3601 1247,3603 1365,3605 1484,3608 1602,3612 1720,3615 1838,3620 1956,3624 2075,3629 2193,3634 2311,3638 2429,3643 2547,3647 2666,3651 2784,3654 2902,3657 3020,3660 3138,3662 3257,3663"/>
                <TextEquiv>
                    <Unicode>spielte Herr Reinhardt, der sich den leibhaftigen Tod auf Herrschaften sich ein Gelächter, das nuch dem alten Philister Homer</Unicode>
                </TextEquiv>
            </TextLine>
            <TextLine id="r1l103" custom="readingOrder {index:102;}">
                <Coords points="141,3651 2705,3696 143,3584"/>
                <Baseline points="160,3624 286,3629 412,3635 539,3639 665,3643 791,3647 918,3651 1044,3654 1170,3657 1297,3660 1423,3663 1549,3666 1676,3669 1802,3672 1928,3676 2055,3679 2181,3684 2307,3688 2434,3692 2560,3697 2687,3703"/>
                <TextEquiv>
                    <Unicode>er diese Ueberrumpelungen beschwerten. das Gesicht geschminkt hatte. Die grenzenlose Blasirtheit, mit der er benannt ist, gefallen lassen wollen.</Unicode>
                </TextEquiv>
            </TextLine>
            <TextEquiv>
                <Unicode>16.1. Lebendige Stunden zuklus
box 21/3
äut in
 In einem Falle aber, wie der Schnitzler'sche, wäre sie sehr gut anzu= der grotesken Posenrednerei seines Freundes zuhört und auf alle
Ingr. scher mennhmmnunman nmurn wenden. Abgesehen davon, daß auch mit zwei oder drei Florvorhängen Rache verzichtet, war das Beste an ihm. Ganz glänzend wür Herr
##tie Egec e  die Sache weit besser zu machen wäre. Die sind auch ein so altes
Bassermann als Weihgast, die Prachtausgabe einer auf¬
 Requisit, daß das Puhlikum gleich von selbst weiß, um was es sich geblasenen Nullität. Die Schwindsucht des Komödianten dagegen
 handelt. Es wird also mindestens um Florvorhänge gebeten.
Wiennck genger inden un
wurde von Herrn Fischer mit einer Strammheit gespielt, daß
Ganz brillant, und mit durchschlagendem Erfolge, wurden die man ihr die achttägige Kündigung nicht glauben konnte.
ns. Der Burstebeiden letzten Stücke gespielt. Das eine heißt „Die letzten Masken“.
die Verliner Scanspsellt 
Das letzte Stück heißt „Literatur“ und ist eine der drolligsten
und spielt im allgemeinen Krankenhause, dessen Spitalsluft der
mische Geisoll trondern nicht ausbsiah.
Literaturkomödien, die je geschrieben wurden. Da ist eine gewisse
Dichter von seinen ärztlichen Jahren her genau kennt. In einem
#hiche Luben durst en, haben aber nuht
Margarethe, die ein Wiener Baron von etwas flachen Schädelverhält¬
 „Extrakammerl“ beschäftigen sich der tuberkulose Schauspieler Florian
 uns Südüicheren traumhofte, spalhaft¬
nissen aus einem Münchner Literaturkaffeehaus heraus heirathen will.
Jackwerth und der vermuthlich nierenleidende Journalist Karl Rade¬
[#hwarmenden Seele ver#nnüchen
Nur muß sie ihre Schriftstellerei aufgeben. Aber sie kann nicht umhin,
macher mit Sterben. Der an „Tbe“ leidende (wie auf den schwarzen erst noch einen Roman zu schreiben, in dem sie ihre lebendigen Stun¬
üte hier ais Darstellerin ber #
Kopfbrettern aus Schonung abbreviirt zu werden pflegt) Komödiant den mit einem früheren Liebhaber schildert. Aber auch dieser Herr
embie, vor¬
hat keine Ahnung, daß er in acht Tagen unter der Erde liegen wird schreibt gleichzeitig einen Roman über seine intimen Beziehungen zu
und macht nichts als Ull, kopirt die Sekundarärzte und die Schmerzen ihr. Und zwar treiben Beide die Diskretion so weit, daß Beide ihren
der Nachbarn und hofft in acht Tagen in Olmütz aufzutreten. Der
ganzen Brieswechsel in den Text aufnehmen. Dieses Zusammentressen
Journalist, ein herabgekommener armer Teufel, plagt sich elendiglich muß zu einem kolossalen Skandal führen und mit der Heirath Marga¬
und hat nur noch einen letzten Wunsch. Seinem ehemaligen Freunde, rethens dürfte es dann aus sein. Der Baron, in seiner Bornirtheit
dem emporgeschwindelten Dichter Weihgast, möchte er vor seinem der einzige Gescheite in der Gesellschaft, hilft aber, indem er dem Ver¬
Lode noch ins Gesicht sagen, daß er auch nur ein Literaturschwindler leger seiner Braut die ganze Auflage abkauft und zum Einstampfen
stieg
sei und daß seine Frau ihn auch immer dafür gehalten habe und daß verurtheilt. Das einzige Exemplar, das er gerettet, um es zu
eit uicht söschenr
sie sogar zwei Jahre lang seine (Rademacher's) Geliebte gewesen sei. lesen, wirft sie ins Feuer, . . . um ihm zu beweisen, wie gründlich
Pi 
dieses Gift und diese Gasse müchte er ihm ins Gesicht expektoriren sie geheilt sei. Die Figuren und Vorgänge des Schwankes sind
Afpieserut gut d.n Fe
nd dann zufrieden sterben. Inständigst fleht er den Sekundararzt voll Witz und Humor. Der Snobismus der Kafferkaus¬
sein, die aus undewußten
n, ihm den Dichter zu holen, gleich jetzt in der Nacht, denn er habe literaten, namentlich aber gewisser Dichtermen, die von dem
##ein, aus Ahnungen 34
hm noch hochwichtige Dinge mitzutheilen. Der Arzt läßt sich mit Publikum gleichsam „im Trikot als griechische Sratuen“ erscheitten, ist.,
aber verführeeich
MMüh' und Noth dazu bewegen und Weihgast erscheint. Im mit prickelnder Laune gegeißelt. Es weht Ueberbrettlluft in diesem
augshörn Diese Eie
brächtigen Stadtpelz und großartigen Vollbart, mit dünner hoher satirischen Scherzstück, allein über einem ernsteren Fond, der wirkliche
defiiren, jeberfallt sett
Singstimme immer nur von sich, seinen Werken und seinen
auch stmtisch ar
Auswüchse der weiblichen Literatur wirklich geißelt. Seit Molière's
Feinden säuselnd, im Uebrigen recht beschwichtigend, protegirend, précieuses ridicules hat die Literaturkomödie immer wiedet neue
kaodernen Biter
in Phrasen von seiner Frau schwärmend, dem einzigen Wesen,
* Rrssanre¬
Gestalten angenommen, die ästhetischen Posen und Moden des Tages
das ihn verstehe. Ein solcher Komödiant! Und der sterbende arme sind gemeinverständliche Stoffe für dramatische Satire geworden.
wieder in die
Teufel hört ihm nur immer zu und speit ihm jenes Gift und jene Sullivan's „Mikado“ und Pinero's „Niobe“ haben den Weg für die
Kostüme der Personen.
Galle nicht ins Gesicht, .. es ist ihm Alles schon so Wurst. „Was Brettelleute gebahnt, Frank Wedekind schlägt in der köstlichen Jarce:
lut in Zwischenvordang fallen,
Ihat unser einer mit den Leuten zu schaffen, die morgen noch auf der
schneider. Das zweite Mal glaudtt dr
„Der Kammersänger“ den Ton einer vor nichts zurückscheuenden 
Welt sein werden?“ Und Weihgast geht fort und Rademacher über¬
#ei schon zu Ende und begann zu Awlan¬
Groteske an. Das Alles klingt wie neu. Nun, man braucht blos an
schlägt sich und ist todt . . . Das ist Alles ganz meisterlich aus dem
Mdentigens zur Ruhe gebracht werden
Nestroy zurückzudenken und merkt, daß solche Töne schon früher an¬
Leben herausgeschrieben. Und aus dem Tode. Der schwindsüchtige
orhang wäre doch gar nicht Archi n
geschlagen wurden. Heute ist man nur viel, viel gebildeter, der Ton
Schanspieler sucht noch lebendige Stunden und macht Komödie
uen Burgtheater her, wo in der ersten
ist literarischer geworden. Es gibt keinen Schmierenton mehr, Alles
daraus; der hart an der Schwelle des Grabes sitzt, dem ist die
gei offener Szene unter den Augen des
ist der reinste Parnaß. Die Darsteller dieses Literaturschwankes waren
Komödie nicht einmal mehr die Komödie werth. Alle diese Figuren,
urden. Aber diese Augen sahen nichts,
Herr Bassermann, der als standesgemäß bornirter Baron
der handwerkliche Ton der Spitalsleute, das Gehaben der zum Tod
ne wurde jedesmal plötzlich verfinstert
wieder ganz vorzüglich war, Fräulein Triesch, die die quasi¬
Verurtheilten, diese Familiarität mit etwas, wovor man doch eine
ng zur Finsterniß blendete für einige
sezessionistischen Manieren der Margarethe ganz wirksam zur Schau
Höllenangst hat.. das macht in seinem pathoslosen, geschäfts, trug, und Herr Rittner als moderner Dichterling.:
an die Manipulationen auf der Bühne
mäßigen Hergang einen schauerlichen Eindruck. Den Rademacher herrschte ein homerisches Gelächter, . d. h. wenn die grümn
gab diese Praxis dann auf weil die
spielte Herr Reinhardt, der sich den leibhaftigen Tod auf Herrschaften sich ein Gelächter, das nuch dem alten Philister Homer
er diese Ueberrumpelungen beschwerten. das Gesicht geschminkt hatte. Die grenzenlose Blasirtheit, mit der er benannt ist, gefallen lassen wollen.</Unicode>
            </TextEquiv>
        </TextRegion>
    </Page>
</PcGts>
