3436 4224
1059 133 1147 204 S
249 130 1903 227 16.1. Lebendige Sunden Zyklus
723 1361 1255 1506 Kax Goldsch
1237 1447 1378 1577 %
598 1486 1183 1588 X. „ Bureau für „
641 1567 1351 1624 Zeitungsausschnitte und Verlag
639 1620 1339 1689 der Wissenschaftlichen Revue.
560 1669 1457 1755 BERLIN N., Auguststr. 87 part.
730 1730 1299 1804 Telephon Amt III, No. 3051.
845 1830 1183 1914 Ausschnitt
474 1832 834 1906 Teiegrnnm Aürener
964 1892 1069 1952 aus
471 1897 842 1970 COL5SCHMIDT Augusistr. 87.
452 2073 605 2189 60
715 2142 1259 2242 Frankfurter Zeitung
896 2256 1202 2360 —5. 1. 02
501 2515 1397 2582 N Berlin, 4. Jan., 11 N. Die vier Einakteryg
466 2528 1559 2644 Schnikler, die heute im Deutschen Theater zur Aufsihn
460 2602 1563 2682 gelangten—spiegeln das Verhältniß der Wirklichkeit, die der
457 2641 1555 2718 Künstler lebt, zur Welt seiner Kunst. Die beiden ersten Stück¬
467 2677 1571 2754 „Lebendige Stunden" und „Die Frau mit dem
465 2705 1568 2791 Dolche“ mutheten etwas theoretisch an; die beiden anderen
1431 2740 1478 2786 12
473 2760 1560 2829 „Die letzten Masken“ und „Literatur“ waren glucklich
471 2796 1574 2861 und lebensvoll gestaltet und voll überlegenen Humors. Sie fanden
478 2832 1571 2906 starken, verdienten Beifall. Unter den Darstellern zeichneten sich
474 2879 1574 2949 Frl. Triesch und Herr Bassermann sehr vortheilhaft aus.
2064 125 2491 228 box 21/2
2201 1239 2798 1431 ger Goldsche
2043 1353 2209 1454 O7:
2234 1349 2594 1437 * Bureau für
2785 1356 2859 1456 5
2104 1439 2792 1511 Zeitungsausschnitte und Verlag
2099 1500 2783 1555 der Wissenschaftlichen Revue.
2023 1547 2897 1635 BERLIN N., Auguststr. 87 part.
2175 1612 2721 1685 Telephon Amt III. No. 3051.
2295 1713 2625 1785 Ausschnitt
1928 1738 2272 1782 Telegramm-Adresse:
1908 1771 2279 1836 GOLDSCHMIDT. Auguststr. 87.
2409 1772 2514 1847 aus
2066 1949 2705 2053 Neue freie Presse, Wien
2232 2026 2601 2144 3 — JAN 1902
1813 2112 2045 2226 20
1929 2356 2996 2454 Aus Berlin wird uns berichtet: Im Deutschen
1781 2426 2983 2488 Theater hatte heute ein Einacter=Cyklus von Arthur
1785 2465 2959 2524 Schnitzleen großen Erfolg. Am stärksten wirkten die
1785 2506 2967 2576 beiden letzten von den vier Stücken — das Schauspiel „Die
1788 2556 2974 2603 letzten Masken“ und das Lustspiel „Litgratur“. Das
1784 2587 2971 2669 Schansviel zeigt einen Jo#rnalisten, der im allaeseinen Kranken¬
1779 2648 2960 2718 hause stirbt und vor seinem Tode seinen Freund, einen berühmten
1789 2689 2962 2764 Schriftsteller, zu sehen wünscht, um ihm zu enthüllen, daß dessen
1896 2733 2966 2801 seine Geliebte gewesen. Der Schriftsteller kommt, aber der
1913 2776 2971 2843 alist enthüllt nichts, weil er eben stirbt und weil dem Ster¬
1893 2810 2968 2886 n diejenigen gleichgiltig sind, die nach ihm in der Welt
1791 2859 2964 2927 zurückbleiben. Das Lustspiel, welches die Zunftliteraten ver¬
1778 2907 2971 2984 spottet, weckte durch seine geistvollen Ausfälle stürmische Heiterkeit.
1776 2944 2948 3025 Auch das Schauspiel „Die Frau mit dem Dollch“
1772 2980 2939 3067 das in der Galerie vor einem alten Bilde spielt und die Ges
1780 3021 2928 3106 schichte dieses Bildes auf die Scene bringt, hatte Erfolg, wenn
1773 3069 2923 3134 gleich die Inscenirung und Darstellung den gestellten Aufga#e
1768 3105 2918 3188 hier nicht ganz gerecht geworden ist. Das Schauspiel „Lebendig
1779 3152 2916 3218 Stunden", mit dem der Cyklus begann, ist von den vie
1769 3200 2915 3264 dramatischen Werken das schwächste. Unter den Darstellern stau
1778 3245 2905 3318 Bassermann in der ersten Reihe. Auch Hans Fischer un
1767 3269 2941 3360 in den komischen Rollen des letzten Stückes Rittuer #d
1770 3313 2951 3402 Irene Triesch waren vortrefflich. Der Autor wohnte der Vr¬
1775 3364 2948 3445 stellung bei und mußte nach jedem Stik mehrmals vor dem
1766 3404 2141 3487 Vorhang erscheinen.
