3484 4256
888 182 1351 260 Lebendige Stunden.
643 242 1506 326 Vier Akte von Arthur Schnitzler.““
638 301 1718 394 Zum ersten Male Samstag den 21. März. Nicht
554 369 1708 430 zufällig sind vom Autor die vier Einakter neben¬
551 424 1713 482 einander gereiht worden, eine gemeinsame Idee ist für
547 476 1714 537 alle Stücke der Bindfaden, der allerdings oft verwor¬
559 515 1715 564 ren wird und dem Publikum viel Mühe mit der Lö¬
564 561 1706 624 sung des Knotens schafft. Lebendig sind sie Stunden
563 616 1714 667 des vollen Miterlebens des Geschehenen, wobei es nicht
557 662 1704 727 auf das bloße Miterleben ankommt, sondern auf die
567 708 1711 762 Art: das künstlerische Vollempfinden ist das Wesens¬
562 759 1703 810 reiche. Im ersten Einakter steht ein alter Mann, dem
562 803 1719 853 die Freundin und Geliebte starb, derem Sohne gegen¬
565 851 1695 919 über. Während der Alte den Schmerz nach der Ver¬
551 900 1711 961 storbenen als kostbares Vermächtnis hütet, geht des
550 953 1707 1009 Jungen Streben dahin, des Leides bald Herr zu wer¬
554 996 1705 1050 den, um in seinem künstlerischen Schaffen nicht gestört
546 1048 1703 1106 zu sein. Das drängt den alten Mann, dem Sohne
552 1093 1702 1146 mitzuteilen, daß die Mutter für ihn gestorben ist, um
558 1139 1703 1205 seinen Lebensweg nicht zu belasten. Der junge Künst¬
560 1189 1716 1244 ler ist anfangs niedergeschmettert, doch die Schaffens¬
562 1243 1715 1308 freude hebt ihn wieder zum neuen Leben und Kämpfen
567 1293 716 1363 empor.
652 1341 1714 1400 „Die Frau mit dem Dolch“ gehört der geheimen
561 1393 1698 1445 Wissenschaft des Spiritismus und der Seelen=Wan¬
566 1428 1709 1487 derung an. Der Anblick eines ihr ähnelnden Bildes
563 1475 1705 1531 läßt Frau Paula in die Vergangenheit dringen und
572 1524 1720 1593 sie alles das miterleben, was Donna Paola, ihre
564 1584 1707 1642 Seelenträgerin in der Vergangenheit mit dem Jüng¬
561 1623 1714 1683 ling Lionardo getan hat. Das übt den magischen
569 1683 1703 1739 Zauber auf sie aus, ihrem nun erkannten Ich getreu zu
571 1728 1712 1798 werden und das heiße Flehen des Jünglings, der in
563 1771 1714 1836 der Gegenwart um sie wirbt, zu erhören. Dem
559 1805 1725 1872 Problem entsprechend siellt der Autor die Gestalten
571 1877 1237 1931 nur schattenhaft auf die Bühne.
651 1919 1713 1987 Das hervorragendste Stück sind „Die letzten Mas¬
556 1947 1722 2027 ken“. Ein sterbender Journalist, den das Leben nur
565 2008 1723 2077 entbehren ließ und schließlich in das Armenspital ge¬
561 2068 1724 2121 worfen hat, will noch knapp vor dem Tode das Gefühl
574 2112 1720 2173 der Rache kennen lernen und dem empor gekommenen
567 2157 1707 2230 Lebensgegner seinen Seelenreichtum offenbaren und
567 2210 1720 2262 ihn so in den Staub drücken. Doch wie sehr er auch
566 2246 1709 2306 alles dies vorher mitgefühlt hat, als die große Stunde
576 2289 1723 2366 kommt, schweigt er und stirbt in der Erkenntnis, daß
570 2363 1725 2418 das reale Leben doch etwas anderes sei, als unsere Ge¬
574 2398 811 2476 fühlswelt.
653 2441 1719 2504 Das vierte Stück „Literatur“ ist eine äußerst
570 2497 1730 2558 witzige und scharfe Persiflage des Kaffeehausliteraten¬
570 2549 1720 2600 tums, dem die Poesie nur zum Berauschen am eigenen
570 2584 1720 2643 Ich dient; als dessen Vertreter wird eine ins Bürger¬
568 2624 1727 2703 liche zurückgekehrte Bohemienne und ihr ehemaliger
582 2680 1726 2767 Geliebter gestellt, als Kontrast dient ein überkorrekter
578 2732 823 2813 Arlstokrat.
666 2752 1725 2828 In allen vier Akten zeigt sich Schnitzler als
582 2825 1721 2891 Meister des zwanglosen Dialogs, der leichthin, frei und
575 2874 1725 2947 formlos eine feine Analyse der Seelenzustände zu ver¬
582 2930 871 2998 mitteln weiß.
667 2948 1730 3026 Von den Darstellern sind hervorgehoben: Herr
575 3013 1734 3076 Egerer (Rademacher) gab den sterbenden Journa¬
588 3060 1726 3127 listen mit packendem Realismus, den Gilbert mit hu¬
584 3110 1731 3165 morvoller Nonchalance. Herr Hennig als Schau¬
582 3158 1717 3230 spieler Jackwerth und als Chemens bot gediegene Lei¬
581 3200 1729 3272 stungen der Charakterkomik. Den Herren Döring
592 3270 1726 3317 (Heinrich) und Hofstädter (Hausdorfer) paßt das
588 3294 1727 3386 larische Element ganz und gar nicht; als Leonhard.
591 3446 1748 3528 wußte ersterer sein starkes Pathos nicht maßvoll genug
599 3511 1743 3587 zu verwenden. Auch Frl. Skal (Pauline) hatte kei¬
589 3551 1735 3617 nen guten Abend; ihre Erregung klang nicht genügend
597 3620 1740 3693 natürlich. Vollen Erfolg hatte Frl. Sommer als
594 3641 871 3709 Margarethe.
682 3697 1730 3766 Die Regie hatte wiederum mit szenischen Schwie¬
593 3728 1733 3823 rigkeiten zu kämpfen, konnte sie doch für das zweite
593 3780 1737 3881 Stück nicht einmal eine halbwegs ansprechende Wand
601 3841 1734 3922 einer Gemäldegalerie aufbringen. Der Schnitzler¬
593 3884 1728 3980 abend fand bei dem ausverkauftem Hause volles Ver¬
587 3924 800 4006 ständnis.
1367 3954 1689 4032 Dr. K. ff.
736 4004 840 4048 —
1448 4006 1783 4083 —
