<?xml version="1.0" encoding="UTF-8" standalone="yes"?>
<PcGts xmlns="http://schema.primaresearch.org/PAGE/gts/pagecontent/2013-07-15" xmlns:xsi="http://www.w3.org/2001/XMLSchema-instance" xsi:schemaLocation="http://schema.primaresearch.org/PAGE/gts/pagecontent/2013-07-15 http://schema.primaresearch.org/PAGE/gts/pagecontent/2013-07-15/pagecontent.xsd">
    <Metadata>
        <Creator>prov=University of Rostock/Institute of Mathematics/CITlab/Gundram Leifert/gundram.leifert@uni-rostock.de:name=ONB_Newseye_GT_M1+(htr_id=10810)::::v=2.4.2
prov=University of Rostock/Institute of Mathematics/CITlab/Tobias Gruening/tobias.gruening@uni-rostock.de:name=de.uros.citlab.module.baseline2polygon.B2PSeamMultiOriented:v=2.4.2
prov=University of Rostock/Institute of Mathematics/CITlab/Tobias Gruening/tobias.gruening@uni-rostock.de:name=/mnt/transkribus/LA/DEA/URO/LA_news_onb_att.pb:de.uros.citlab.segmentation.CITlab_LA_ML:v=2.4.2
Transkribus</Creator>
        <Created>2019-10-07T11:34:42.518+02:00</Created>
        <LastChange>2019-10-08T15:28:34.492+02:00</LastChange>
        <TranskribusMetadata docId="223975" pageId="9501206" pageNr="274" tsid="16595901" status="IN_PROGRESS" userId="40391" imgUrl="https://files.transkribus.eu/Get?id=OZOTCHBMMTZCUKTPIEZVUUNY&amp;fileType=view" xmlUrl="https://files.transkribus.eu/Get?id=VYGBLRUAOOZXZACBGEMPYJCJ" imageId="6191428"/>
    </Metadata>
    <Page imageFilename="223975_0274.jpeg" imageWidth="3532" imageHeight="4384">
        <ReadingOrder>
            <OrderedGroup id="ro_1711449805256" caption="Regions reading order">
                <RegionRefIndexed index="0" regionRef="r1"/>
            </OrderedGroup>
        </ReadingOrder>
        <TextRegion orientation="0.0" id="r1" custom="readingOrder {index:0;}">
            <Coords points="404,151 404,3617 2713,3617 2713,151"/>
            <TextLine id="r1l1" custom="readingOrder {index:0;}">
                <Coords points="393,189 2065,245 2066,168 1939,136 1754,130 1647,190 1317,119 395,125"/>
                <Baseline points="404,174 486,181 569,186 651,190 734,194 816,197 899,200 981,202 1064,204 1146,205 1229,206 1312,207 1394,208 1477,208 1559,209 1642,210 1724,211 1807,213 1889,215 1972,217 2055,220"/>
                <TextEquiv>
                    <Unicode>16.1. Lebendige Stunden zuklus</Unicode>
                </TextEquiv>
            </TextLine>
            <TextLine id="r1l2" custom="readingOrder {index:1;}">
                <Coords points="2224,204 2351,234 2418,218 2475,235 2504,220 2632,234 2674,215 2671,155 2594,145 2558,162 2510,147 2490,160 2464,139 2428,161 2400,147 2327,163 2226,136"/>
                <Baseline points="2234,202 2259,203 2284,204 2309,205 2334,206 2359,207 2385,208 2410,208 2435,209 2460,210 2485,210 2510,211 2536,211 2561,211 2586,212 2611,212 2636,212 2662,213"/>
                <TextEquiv>
                    <Unicode>box 21/2</Unicode>
                </TextEquiv>
            </TextLine>
            <TextLine id="r1l3" custom="readingOrder {index:2;}">
                <Coords points="897,1052 2664,1065 2664,1001 2543,991 897,999"/>
                <Baseline points="909,1031 996,1032 1083,1033 1170,1034 1257,1036 1344,1037 1431,1038 1519,1039 1606,1040 1693,1041 1780,1042 1867,1043 1954,1043 2041,1044 2129,1045 2216,1045 2303,1046 2390,1046 2477,1047 2564,1047 2652,1047"/>
                <TextEquiv>
                    <Unicode>da für den Dichter. Dieses Motiv klingt in der „Frau mit dem Dolche“ und</Unicode>
                </TextEquiv>
            </TextLine>
            <TextLine id="r1l4" custom="readingOrder {index:3;}">
                <Coords points="905,1088 2643,1116 2666,1064 905,1042"/>
                <Baseline points="915,1081 1002,1082 1089,1083 1176,1084 1263,1085 1350,1086 1437,1086 1524,1087 1611,1088 1698,1089 1785,1089 1872,1090 1959,1091 2046,1092 2133,1093 2220,1094 2307,1095 2394,1096 2481,1097 2568,1098 2655,1099"/>
                <TextEquiv>
                    <Unicode>in dem Schwanke „Litteratur“ wieder an. Der Künstler verwerthet die „Lebendigen</Unicode>
                </TextEquiv>
            </TextLine>
            <TextLine id="r1l5" custom="readingOrder {index:4;}">
                <Coords points="904,1133 2671,1175 2671,1111 2607,1102 904,1084"/>
                <Baseline points="914,1129 1001,1131 1088,1132 1175,1134 1263,1135 1350,1137 1437,1138 1524,1138 1612,1139 1699,1140 1786,1141 1873,1142 1961,1142 2048,1143 2135,1144 2222,1144 2310,1145 2397,1146 2484,1147 2571,1149 2659,1150"/>
                <TextEquiv>
                    <Unicode>Stunden“, er muß sie zu verwerthen verstehen, falls er ein Künstler sein will. Wie</Unicode>
                </TextEquiv>
            </TextLine>
            <TextLine id="r1l6" custom="readingOrder {index:5;}">
                <Coords points="899,1200 2660,1198 2660,1158 2436,1145 900,1145"/>
                <Baseline points="910,1180 996,1181 1083,1182 1170,1183 1257,1183 1344,1185 1431,1186 1518,1187 1605,1188 1692,1189 1779,1190 1865,1191 1952,1192 2039,1193 2126,1193 2213,1194 2300,1195 2387,1195 2474,1195 2561,1196 2648,1196"/>
                <TextEquiv>
                    <Unicode>gesagt, der Schwank, der litterarisch am niedrigsten steht, den Schnitzler selber viel¬</Unicode>
                </TextEquiv>
            </TextLine>
            <TextLine id="r1l7" custom="readingOrder {index:6;}">
                <Coords points="893,1229 2671,1248 2530,1198 893,1201"/>
                <Baseline points="904,1227 991,1230 1079,1232 1167,1233 1255,1235 1342,1236 1430,1237 1518,1237 1606,1238 1693,1239 1781,1239 1869,1239 1957,1240 2044,1240 2132,1241 2220,1241 2308,1242 2395,1242 2483,1243 2571,1244 2659,1246"/>
                <TextEquiv>
                    <Unicode>leicht nur für einen guten Scherz betrachtet, ist das amüsanteste von den vier Pröbchen</Unicode>
                </TextEquiv>
            </TextLine>
            <TextLine id="r1l8" custom="readingOrder {index:7;}">
                <Coords points="888,1271 2675,1327 2660,1248 889,1245"/>
                <Baseline points="900,1277 988,1278 1076,1279 1164,1279 1252,1280 1341,1281 1429,1282 1517,1283 1605,1284 1693,1285 1782,1286 1870,1287 1958,1288 2046,1289 2134,1291 2223,1292 2311,1294 2399,1295 2487,1297 2575,1298 2664,1300"/>
                <TextEquiv>
                    <Unicode>einer spirituellen, dialogisierenden Kleinarbeit, wie sie sonst nur die Franzosen</Unicode>
                </TextEquiv>
            </TextLine>
            <TextLine id="r1l9" custom="readingOrder {index:8;}">
                <Coords points="885,1336 944,1354 960,1343 973,1350 1015,1343 1032,1352 1055,1334 1119,1345 1163,1328 1163,1304 1143,1306 1125,1290 1092,1297 1050,1284 1004,1295 982,1281 953,1297 885,1268"/>
                <Baseline points="896,1326 921,1325 947,1325 972,1325 998,1325 1024,1325 1049,1326 1075,1326 1100,1326 1126,1325 1152,1325"/>
                <TextEquiv>
                    <Unicode>beherrschen.</Unicode>
                </TextEquiv>
            </TextLine>
            <TextLine id="r1l10" custom="readingOrder {index:9;}">
                <Coords points="2355,1415 2425,1407 2460,1386 2512,1411 2633,1413 2700,1373 2725,1377 2723,1307 2628,1309 2549,1331 2520,1321 2461,1331 2439,1318 2353,1327"/>
                <Baseline points="2365,1379 2391,1381 2418,1382 2445,1382 2472,1382 2498,1381 2525,1381 2552,1380 2579,1379 2605,1377 2632,1376 2659,1375 2686,1374 2713,1374"/>
                <TextEquiv>
                    <Unicode>W. Schöller.</Unicode>
                </TextEquiv>
            </TextLine>
            <TextLine id="r1l11" custom="readingOrder {index:10;}">
                <Coords points="1022,1391 2299,1410 2331,1339 1985,1310 1550,1353 1334,1307 1022,1343"/>
                <Baseline points="1034,1380 1098,1380 1162,1380 1226,1380 1291,1380 1355,1381 1419,1381 1484,1381 1548,1382 1612,1382 1677,1382 1741,1383 1805,1383 1869,1384 1934,1385 1998,1385 2062,1386 2127,1387 2191,1388 2255,1389 2320,1390"/>
                <TextEquiv>
                    <Unicode>Im königlichen Schauspielhause fanden endlich die F</Unicode>
                </TextEquiv>
            </TextLine>
            <TextLine id="r1l12" custom="readingOrder {index:11;}">
                <Coords points="897,1428 2183,1452 2326,1449 2327,1407 897,1373"/>
                <Baseline points="907,1426 977,1425 1047,1425 1118,1425 1188,1426 1259,1426 1329,1427 1400,1428 1470,1429 1541,1430 1611,1432 1681,1433 1752,1434 1822,1435 1893,1436 1963,1436 2034,1436 2104,1436 2175,1436 2245,1435 2316,1434"/>
                <TextEquiv>
                    <Unicode>nisch vollendeter Schauspielkunst ihre Rechnung. Coquelin der Aelter.,</Unicode>
                </TextEquiv>
            </TextLine>
            <TextLine id="r1l13" custom="readingOrder {index:12;}">
                <Coords points="902,1482 2656,1512 2657,1414 902,1442"/>
                <Baseline points="914,1473 1000,1475 1087,1477 1173,1478 1260,1480 1346,1481 1433,1482 1519,1483 1606,1483 1692,1484 1779,1484 1865,1485 1952,1485 2038,1486 2125,1486 2211,1487 2298,1488 2384,1489 2471,1490 2557,1491 2644,1493"/>
                <TextEquiv>
                    <Unicode>Truppe dort gastierte, ist der Freund der feinen Berliner Gesellschaft geworden.</Unicode>
                </TextEquiv>
            </TextLine>
            <TextLine id="r1l14" custom="readingOrder {index:13;}">
                <Coords points="890,1521 2660,1542 2420,1491 891,1499"/>
                <Baseline points="901,1524 988,1525 1075,1526 1163,1527 1250,1528 1338,1528 1425,1529 1512,1530 1600,1531 1687,1532 1775,1533 1862,1534 1949,1535 2037,1536 2124,1537 2212,1538 2299,1539 2386,1540 2474,1541 2561,1542 2649,1542"/>
                <TextEquiv>
                    <Unicode>Auch junge Mädchen vergötterten den Künstler, sie durften ihn ja sehen, den großen</Unicode>
                </TextEquiv>
            </TextLine>
            <TextLine id="r1l15" custom="readingOrder {index:14;}">
                <Coords points="891,1569 2660,1620 2639,1538 892,1520"/>
                <Baseline points="902,1572 989,1573 1076,1574 1164,1575 1251,1576 1339,1577 1426,1578 1513,1579 1601,1580 1688,1581 1776,1581 1863,1582 1950,1583 2038,1584 2125,1585 2213,1586 2300,1586 2387,1587 2475,1588 2562,1589 2650,1590"/>
                <TextEquiv>
                    <Unicode>Darsteller der Helden Moliere's. Neben dem Kunstgenuß dann noch Unterricht in</Unicode>
                </TextEquiv>
            </TextLine>
            <TextLine id="r1l16" custom="readingOrder {index:15;}">
                <Coords points="902,1633 2676,1648 2579,1588 902,1589"/>
                <Baseline points="914,1619 1001,1620 1089,1622 1176,1623 1264,1624 1351,1625 1439,1626 1526,1627 1614,1629 1701,1630 1789,1631 1876,1632 1964,1633 2051,1634 2139,1635 2226,1636 2314,1637 2401,1638 2489,1639 2576,1640 2664,1641"/>
                <TextEquiv>
                    <Unicode>französischer Conversation! Entzückend! Mr. Coquelin wird sich darüber zu trösten</Unicode>
                </TextEquiv>
            </TextLine>
            <TextLine id="r1l17" custom="readingOrder {index:16;}">
                <Coords points="889,1664 2647,1698 2630,1645 890,1633"/>
                <Baseline points="900,1671 986,1672 1073,1673 1160,1674 1247,1674 1334,1675 1421,1675 1507,1676 1594,1677 1681,1677 1768,1678 1855,1678 1942,1679 2029,1680 2115,1681 2202,1682 2289,1684 2376,1686 2463,1688 2550,1690 2637,1693"/>
                <TextEquiv>
                    <Unicode>wissen. Er wird hoffentlich das Berliner Publikum nicht allzu ernst genommen haben.</Unicode>
                </TextEquiv>
            </TextLine>
            <TextLine id="r1l18" custom="readingOrder {index:17;}">
                <Coords points="898,1733 2427,1732 2427,1696 2266,1684 898,1678"/>
                <Baseline points="910,1719 985,1720 1060,1721 1135,1721 1211,1722 1286,1722 1361,1723 1437,1723 1512,1724 1587,1725 1663,1725 1738,1726 1813,1727 1888,1727 1964,1728 2039,1729 2114,1730 2190,1731 2265,1731 2340,1732 2416,1733"/>
                <TextEquiv>
                    <Unicode>Das wäre schade. Denn er bleibt trotz des Beifalls ein großer Künstler.</Unicode>
                </TextEquiv>
            </TextLine>
            <TextLine id="r1l19" custom="readingOrder {index:18;}">
                <Coords points="1010,1775 2656,1786 2615,1734 1010,1747"/>
                <Baseline points="1022,1769 1103,1770 1184,1772 1265,1773 1346,1774 1427,1775 1508,1776 1589,1777 1670,1777 1751,1778 1833,1779 1914,1780 1995,1780 2076,1781 2157,1782 2238,1783 2319,1783 2400,1784 2481,1785 2562,1786 2644,1787"/>
                <TextEquiv>
                    <Unicode>Das neue Jahr war also bis jetzt recht sparsam mit Theatergenüssen. Auch</Unicode>
                </TextEquiv>
            </TextLine>
            <TextLine id="r1l20" custom="readingOrder {index:19;}">
                <Coords points="884,1824 2561,1847 2651,1837 2652,1786 885,1786"/>
                <Baseline points="896,1819 983,1819 1070,1820 1157,1820 1245,1821 1332,1822 1419,1822 1506,1823 1594,1824 1681,1825 1768,1826 1855,1827 1943,1828 2030,1829 2117,1830 2204,1831 2292,1833 2379,1834 2466,1835 2553,1837 2641,1838"/>
                <TextEquiv>
                    <Unicode>die bildenden Künste vegetieren recht ruhig in den Salons weiter. Die Seression</Unicode>
                </TextEquiv>
            </TextLine>
            <TextLine id="r1l21" custom="readingOrder {index:20;}">
                <Coords points="896,1878 2653,1885 2598,1838 897,1827"/>
                <Baseline points="908,1867 994,1868 1081,1868 1167,1869 1254,1870 1341,1871 1427,1872 1514,1873 1601,1874 1687,1875 1774,1877 1861,1878 1947,1879 2034,1880 2121,1880 2207,1881 2294,1882 2381,1882 2467,1882 2554,1882 2641,1882"/>
                <TextEquiv>
                    <Unicode>wird bald ihre Thore schließen. Dann ist es ganz tot und öde geworden. Ein Glück</Unicode>
                </TextEquiv>
            </TextLine>
            <TextLine id="r1l22" custom="readingOrder {index:21;}">
                <Coords points="891,1921 2647,1956 2647,1900 2515,1881 891,1882"/>
                <Baseline points="903,1918 989,1919 1076,1920 1163,1921 1249,1922 1336,1923 1423,1923 1509,1924 1596,1925 1683,1925 1770,1926 1856,1927 1943,1928 2030,1928 2116,1929 2203,1930 2290,1931 2376,1932 2463,1933 2550,1935 2637,1936"/>
                <TextEquiv>
                    <Unicode>für Berlin, daß die Siegesallee mit ihren erläuterten Kunstbegriffen als Trost ver¬</Unicode>
                </TextEquiv>
            </TextLine>
            <TextLine id="r1l23" custom="readingOrder {index:22;}">
                <Coords points="877,1982 2651,1998 2651,1945 2413,1932 877,1933"/>
                <Baseline points="889,1968 976,1968 1064,1968 1151,1969 1239,1969 1326,1969 1414,1970 1501,1971 1589,1971 1676,1972 1764,1973 1851,1974 1939,1975 2026,1977 2114,1978 2201,1979 2289,1980 2376,1982 2464,1983 2551,1984 2639,1986"/>
                <TextEquiv>
                    <Unicode>bleibt. Diese Denkmalsallee hat sicher ihre Vorzüge. Sie hat sie sogar schon bewiesen.</Unicode>
                </TextEquiv>
            </TextLine>
            <TextLine id="r1l24" custom="readingOrder {index:23;}">
                <Coords points="896,2024 2511,2053 2664,1992 896,1978"/>
                <Baseline points="908,2015 995,2015 1082,2016 1169,2017 1257,2018 1344,2019 1431,2020 1518,2021 1606,2022 1693,2023 1780,2024 1867,2025 1955,2026 2042,2027 2129,2028 2216,2029 2304,2030 2391,2030 2478,2031 2565,2032 2653,2032"/>
                <TextEquiv>
                    <Unicode>Sie hat schon lustig lachen gemacht. Und wie heißt es doch ungefähr bei Schiller:</Unicode>
                </TextEquiv>
            </TextLine>
            <TextLine id="r1l25" custom="readingOrder {index:24;}">
                <Coords points="895,2079 2470,2099 2651,2085 2652,2037 895,2023"/>
                <Baseline points="907,2066 993,2067 1080,2068 1166,2068 1253,2069 1340,2069 1426,2070 1513,2071 1599,2071 1686,2072 1773,2073 1859,2074 1946,2074 2032,2075 2119,2077 2206,2078 2292,2079 2379,2080 2465,2081 2552,2083 2639,2085"/>
                <TextEquiv>
                    <Unicode>„Ernst ist das Leben, heiter ist die Kunst!“ Also das ist erreicht. Mit Augen rechts</Unicode>
                </TextEquiv>
            </TextLine>
            <TextLine id="r1l26" custom="readingOrder {index:25;}">
                <Coords points="891,2126 2656,2128 2636,2081 891,2086"/>
                <Baseline points="902,2115 989,2116 1076,2117 1163,2117 1250,2118 1337,2118 1424,2119 1511,2119 1598,2120 1685,2120 1773,2121 1860,2122 1947,2122 2034,2123 2121,2124 2208,2125 2295,2126 2382,2127 2469,2129 2556,2131 2644,2132"/>
                <TextEquiv>
                    <Unicode>hinaufmarschiert, mit Augen links herunter; dann hat man das erherende Gefühl,</Unicode>
                </TextEquiv>
            </TextLine>
            <TextLine id="r1l27" custom="readingOrder {index:26;}">
                <Coords points="880,2171 2523,2197 2658,2185 2659,2126 880,2134"/>
                <Baseline points="892,2164 979,2165 1067,2166 1155,2166 1243,2167 1331,2168 1418,2168 1506,2169 1594,2170 1682,2171 1770,2172 1857,2173 1945,2174 2033,2175 2121,2176 2209,2177 2296,2178 2384,2179 2472,2180 2560,2181 2648,2182"/>
                <TextEquiv>
                    <Unicode>ein General oder gar ein Generalfeldmarschall zu sein, der die Fronten zweier</Unicode>
                </TextEquiv>
            </TextLine>
            <TextLine id="r1l28" custom="readingOrder {index:27;}">
                <Coords points="887,2225 2650,2238 2582,2185 888,2168"/>
                <Baseline points="899,2214 986,2215 1073,2215 1160,2216 1247,2217 1334,2217 1421,2218 1508,2219 1595,2220 1682,2220 1769,2221 1856,2222 1943,2223 2030,2223 2117,2224 2204,2225 2291,2226 2378,2227 2465,2228 2552,2228 2640,2229"/>
                <TextEquiv>
                    <Unicode>Truppentheile, auf die genaue Ausrüstung und auf die Tadellosigkeit der einzelnen</Unicode>
                </TextEquiv>
            </TextLine>
            <TextLine id="r1l29" custom="readingOrder {index:28;}">
                <Coords points="882,2253 2661,2266 883,2224"/>
                <Baseline points="893,2264 980,2265 1068,2266 1156,2266 1244,2267 1332,2267 1420,2268 1507,2268 1595,2268 1683,2269 1771,2269 1859,2270 1947,2271 2035,2272 2122,2273 2210,2274 2298,2276 2386,2278 2474,2280 2562,2282 2650,2285"/>
                <TextEquiv>
                    <Unicode>Krieger hin besichtigt hat. Dazu noch das stolze Gefühl in der Brust, daß die,</Unicode>
                </TextEquiv>
            </TextLine>
            <TextLine id="r1l30" custom="readingOrder {index:29;}">
                <Coords points="888,2325 2651,2329 2433,2268 889,2274"/>
                <Baseline points="900,2315 987,2314 1074,2314 1161,2314 1248,2315 1335,2315 1422,2315 1509,2315 1596,2316 1683,2316 1770,2317 1857,2318 1944,2319 2031,2320 2118,2321 2205,2322 2292,2324 2379,2325 2466,2327 2553,2328 2640,2330"/>
                <TextEquiv>
                    <Unicode>welche in Reih und Glied stehen, keine gewöhnlichen Grenadiere oder Füsiliere sind.</Unicode>
                </TextEquiv>
            </TextLine>
            <TextLine id="r1l31" custom="readingOrder {index:30;}">
                <Coords points="897,2360 2651,2375 2387,2326 898,2327"/>
                <Baseline points="908,2361 994,2361 1081,2362 1167,2362 1254,2363 1341,2363 1427,2363 1514,2363 1600,2364 1687,2364 1774,2365 1860,2365 1947,2366 2033,2367 2120,2368 2207,2369 2293,2371 2380,2372 2466,2374 2553,2376 2640,2379"/>
                <TextEquiv>
                    <Unicode>sondern Fürsten aus edlem Geblüt und weißem Marmor. Unwillkürlich steigt auch</Unicode>
                </TextEquiv>
            </TextLine>
            <TextLine id="r1l32" custom="readingOrder {index:31;}">
                <Coords points="891,2413 2658,2440 2659,2383 892,2365"/>
                <Baseline points="902,2405 989,2407 1076,2408 1163,2409 1251,2410 1338,2411 1425,2412 1512,2413 1600,2413 1687,2414 1774,2414 1861,2415 1949,2416 2036,2416 2123,2417 2210,2418 2298,2419 2385,2420 2472,2421 2559,2422 2647,2424"/>
                <TextEquiv>
                    <Unicode>die Illusion auf, man befände sich in dem medicäischen Toskana. Nur etwas</Unicode>
                </TextEquiv>
            </TextLine>
            <TextLine id="r1l33" custom="readingOrder {index:32;}">
                <Coords points="888,2452 2648,2477 2576,2425 888,2413"/>
                <Baseline points="899,2460 990,2460 1082,2460 1173,2460 1265,2461 1356,2461 1448,2462 1539,2463 1631,2464 1722,2464 1814,2465 1905,2466 1997,2467 2088,2468 2180,2469 2271,2470 2363,2471 2454,2472 2546,2473 2638,2474"/>
                <TextEquiv>
                    <Unicode>Phantasie, bitte! Geht da nicht Michel=Angelo? Wir sehen genauer hin. Da,</Unicode>
                </TextEquiv>
            </TextLine>
            <TextLine id="r1l34" custom="readingOrder {index:33;}">
                <Coords points="882,2520 2652,2525 2639,2479 2237,2465 883,2474"/>
                <Baseline points="894,2507 981,2508 1068,2509 1155,2509 1243,2510 1330,2511 1417,2511 1505,2512 1592,2513 1679,2513 1767,2514 1854,2514 1941,2515 2028,2515 2116,2516 2203,2517 2290,2518 2378,2519 2465,2520 2552,2521 2640,2523"/>
                <TextEquiv>
                    <Unicode>plötzlich hinter uns ein befehlendes Wort: „Augen rechts!“ Tritt wird gefaßt, daß</Unicode>
                </TextEquiv>
            </TextLine>
            <TextLine id="r1l35" custom="readingOrder {index:34;}">
                <Coords points="880,2559 2517,2590 2649,2578 2650,2532 880,2537"/>
                <Baseline points="891,2556 978,2556 1065,2557 1153,2558 1240,2559 1328,2560 1415,2561 1502,2561 1590,2562 1677,2564 1765,2564 1852,2565 1939,2566 2027,2567 2114,2568 2202,2568 2289,2569 2376,2570 2464,2571 2551,2571 2639,2572"/>
                <TextEquiv>
                    <Unicode>es nur so klappert. Hinter uns geht nämlich ein Offizier, der einer Ablösung von</Unicode>
                </TextEquiv>
            </TextLine>
            <TextLine id="r1l36" custom="readingOrder {index:35;}">
                <Coords points="880,2605 2619,2637 2646,2577 881,2570"/>
                <Baseline points="891,2604 978,2605 1065,2606 1152,2607 1239,2608 1327,2609 1414,2609 1501,2610 1588,2611 1675,2612 1763,2612 1850,2613 1937,2614 2024,2615 2111,2615 2199,2616 2286,2617 2373,2618 2460,2619 2547,2620 2635,2622"/>
                <TextEquiv>
                    <Unicode>Gardegrenadieren den Gruß erwiedert. Aber die Illusion von dem goldenen Zeit¬</Unicode>
                </TextEquiv>
            </TextLine>
            <TextLine id="r1l37" custom="readingOrder {index:36;}">
                <Coords points="879,2666 2520,2692 2650,2684 2651,2631 879,2633"/>
                <Baseline points="889,2654 976,2655 1064,2656 1151,2657 1239,2658 1326,2659 1414,2660 1501,2661 1589,2662 1676,2663 1764,2664 1852,2664 1939,2665 2027,2666 2114,2666 2202,2667 2289,2667 2377,2667 2464,2667 2552,2667 2640,2667"/>
                <TextEquiv>
                    <Unicode>alter in Florenz ist zerstört. Wir sehen uns den Michel=Angelo noch einmal genauer</Unicode>
                </TextEquiv>
            </TextLine>
            <TextLine id="r1l38" custom="readingOrder {index:37;}">
                <Coords points="885,2706 2418,2753 2493,2711 2616,2755 2657,2680 885,2664"/>
                <Baseline points="896,2701 983,2702 1071,2703 1158,2704 1246,2705 1333,2705 1421,2706 1508,2706 1596,2707 1683,2707 1771,2708 1858,2709 1946,2710 2033,2711 2121,2712 2208,2713 2296,2714 2383,2716 2471,2718 2558,2720 2646,2723"/>
                <TextEquiv>
                    <Unicode>an — auch er zerfällt in nichts Statt seiner schreitet ruhig die Straße — Herr</Unicode>
                </TextEquiv>
            </TextLine>
            <TextLine id="r1l39" custom="readingOrder {index:38;}">
                <Coords points="883,2780 918,2769 938,2778 962,2762 1019,2773 1055,2760 1072,2769 1152,2760 1194,2773 1275,2753 1275,2718 1229,2720 1216,2709 1189,2723 1158,2711 1083,2720 1041,2700 953,2720 935,2707 883,2709"/>
                <Baseline points="893,2755 919,2754 946,2754 972,2753 999,2753 1025,2753 1052,2753 1079,2753 1105,2753 1132,2753 1158,2754 1185,2754 1211,2754 1238,2754 1265,2753"/>
                <TextEquiv>
                    <Unicode>Professor Begas.</Unicode>
                </TextEquiv>
            </TextLine>
            <TextLine id="r1l40" custom="readingOrder {index:39;}">
                <Coords points="1007,2818 2600,2828 2643,2749 1008,2772"/>
                <Baseline points="1019,2802 1099,2803 1180,2804 1260,2805 1341,2806 1422,2806 1502,2807 1583,2808 1664,2808 1744,2809 1825,2809 1906,2809 1986,2810 2067,2810 2148,2811 2228,2811 2309,2812 2390,2813 2470,2814 2551,2815 2632,2816"/>
                <TextEquiv>
                    <Unicode>Von der Siegesallee bis zu dem Pariserplatz sind nur ein paar Minuten Und</Unicode>
                </TextEquiv>
            </TextLine>
            <TextLine id="r1l41" custom="readingOrder {index:40;}">
                <Coords points="884,2855 2649,2870 2649,2821 884,2802"/>
                <Baseline points="895,2852 982,2853 1069,2854 1156,2854 1243,2855 1330,2856 1417,2856 1504,2857 1591,2857 1678,2858 1766,2859 1853,2859 1940,2860 2027,2861 2114,2861 2201,2862 2288,2863 2375,2864 2462,2865 2549,2866 2637,2867"/>
                <TextEquiv>
                    <Unicode>hier an der Ecke der berühmten „unter den Linden“ ist ein Kunsttempel, der den</Unicode>
                </TextEquiv>
            </TextLine>
            <TextLine id="r1l42" custom="readingOrder {index:41;}">
                <Coords points="888,2905 2644,2934 2644,2872 2541,2860 888,2859"/>
                <Baseline points="899,2901 985,2902 1072,2903 1159,2903 1246,2904 1332,2905 1419,2906 1506,2906 1593,2907 1679,2908 1766,2909 1853,2909 1940,2910 2026,2910 2113,2911 2200,2911 2287,2912 2373,2912 2460,2913 2547,2913 2634,2913"/>
                <TextEquiv>
                    <Unicode>Berlinern, oder besser gesagt und etwas enger genommen, dem kunstsinnigen Publikum</Unicode>
                </TextEquiv>
            </TextLine>
            <TextLine id="r1l43" custom="readingOrder {index:42;}">
                <Coords points="884,2957 2634,2968 2595,2921 885,2899"/>
                <Baseline points="895,2950 981,2951 1067,2952 1154,2953 1240,2954 1327,2954 1413,2955 1499,2955 1586,2956 1672,2956 1759,2957 1845,2957 1931,2958 2018,2958 2104,2959 2191,2960 2277,2960 2363,2961 2450,2963 2536,2964 2623,2966"/>
                <TextEquiv>
                    <Unicode>des Westens eine Erholung von den Strapazen des harten Lebens bedeutet. Kunst¬</Unicode>
                </TextEquiv>
            </TextLine>
            <TextLine id="r1l44" custom="readingOrder {index:43;}">
                <Coords points="888,3013 2582,3029 2640,2964 888,2955"/>
                <Baseline points="898,2999 984,3000 1071,3001 1157,3001 1244,3002 1330,3003 1417,3003 1503,3004 1590,3005 1676,3006 1763,3006 1850,3007 1936,3008 2023,3009 2109,3010 2196,3010 2282,3011 2369,3012 2455,3012 2542,3013 2629,3014"/>
                <TextEquiv>
                    <Unicode>salon von Schulte!! Wer kennt ihn nicht! Er gehört doch zum guten Ton. Die</Unicode>
                </TextEquiv>
            </TextLine>
            <TextLine id="r1l45" custom="readingOrder {index:44;}">
                <Coords points="886,3064 2589,3073 2649,3007 886,3011"/>
                <Baseline points="897,3051 984,3051 1071,3051 1158,3051 1245,3051 1332,3051 1419,3052 1506,3053 1593,3053 1680,3054 1767,3055 1854,3056 1941,3056 2028,3057 2115,3058 2202,3059 2289,3059 2376,3060 2463,3060 2550,3060 2638,3060"/>
                <TextEquiv>
                    <Unicode>Frau Räthin, die Frau Majorin und wie sie alle betitelt sind, die Gattinnen der</Unicode>
                </TextEquiv>
            </TextLine>
            <TextLine id="r1l46" custom="readingOrder {index:45;}">
                <Coords points="881,3096 2463,3129 2637,3067 881,3068"/>
                <Baseline points="893,3097 979,3098 1066,3099 1153,3099 1239,3100 1326,3101 1413,3102 1499,3103 1586,3103 1673,3104 1760,3105 1846,3106 1933,3106 2020,3107 2106,3108 2193,3108 2280,3109 2366,3110 2453,3110 2540,3111 2627,3111"/>
                <TextEquiv>
                    <Unicode>oberen Stützen des Reiches, bei Schulte setzen sie die Unterhaltung ihrer „Jours“</Unicode>
                </TextEquiv>
            </TextLine>
            <TextLine id="r1l47" custom="readingOrder {index:46;}">
                <Coords points="886,3151 2651,3184 2652,3089 887,3101"/>
                <Baseline points="897,3149 984,3149 1071,3149 1158,3150 1245,3150 1332,3151 1419,3151 1507,3152 1594,3153 1681,3153 1768,3154 1855,3155 1942,3156 2029,3156 2117,3157 2204,3157 2291,3157 2378,3157 2465,3157 2552,3157 2640,3156"/>
                <TextEquiv>
                    <Unicode>fort. Um die Mittagsstunde, wenn die Schulen die verschiedenen lieben Kleinen</Unicode>
                </TextEquiv>
            </TextLine>
            <TextLine id="r1l48" custom="readingOrder {index:47;}">
                <Coords points="871,3196 2638,3203 2310,3150 871,3161"/>
                <Baseline points="883,3197 970,3198 1057,3199 1144,3200 1231,3201 1319,3202 1406,3202 1493,3203 1580,3203 1667,3203 1755,3204 1842,3204 1929,3204 2016,3205 2103,3205 2191,3206 2278,3206 2365,3207 2452,3208 2539,3210 2627,3211"/>
                <TextEquiv>
                    <Unicode>entlassen, dann kommen auch noch die leichtempfänglichen Gemüther französisch</Unicode>
                </TextEquiv>
            </TextLine>
            <TextLine id="r1l49" custom="readingOrder {index:48;}">
                <Coords points="871,3244 2585,3276 2652,3234 871,3211"/>
                <Baseline points="881,3249 969,3248 1057,3248 1145,3248 1233,3248 1321,3248 1409,3249 1497,3249 1585,3250 1673,3251 1761,3252 1849,3253 1937,3254 2025,3255 2113,3256 2201,3257 2289,3258 2377,3259 2465,3259 2553,3260 2641,3260"/>
                <TextEquiv>
                    <Unicode>pappelnder Backsischerln in den berühmten Salon. Kurz und gut, bei Schulte trifft</Unicode>
                </TextEquiv>
            </TextLine>
            <TextLine id="r1l50" custom="readingOrder {index:49;}">
                <Coords points="878,3316 2581,3320 2635,3269 878,3265"/>
                <Baseline points="890,3295 976,3296 1063,3298 1149,3299 1236,3299 1323,3300 1409,3301 1496,3301 1583,3302 1669,3302 1756,3303 1843,3303 1929,3304 2016,3304 2103,3305 2189,3305 2276,3306 2363,3307 2449,3308 2536,3309 2623,3310"/>
                <TextEquiv>
                    <Unicode>man Bekannte, und sieht ein paar gute Bilder und sehr viele — schlechte. Was</Unicode>
                </TextEquiv>
            </TextLine>
            <TextLine id="r1l51" custom="readingOrder {index:50;}">
                <Coords points="881,3347 2624,3372 2638,3317 881,3311"/>
                <Baseline points="893,3341 979,3343 1066,3345 1152,3346 1239,3347 1326,3349 1412,3349 1499,3350 1586,3351 1672,3352 1759,3352 1846,3353 1932,3353 2019,3353 2106,3354 2192,3354 2279,3354 2366,3354 2452,3354 2539,3355 2626,3355"/>
                <TextEquiv>
                    <Unicode>die Firma in den Auslagefenstern untergebracht hat, ist bezeichnend für den Berliner</Unicode>
                </TextEquiv>
            </TextLine>
            <TextLine id="r1l52" custom="readingOrder {index:51;}">
                <Coords points="878,3392 2632,3418 2633,3362 879,3346"/>
                <Baseline points="890,3389 976,3391 1063,3392 1149,3393 1236,3395 1323,3395 1409,3396 1496,3397 1582,3397 1669,3398 1756,3399 1842,3399 1929,3400 2015,3400 2102,3401 2189,3401 2275,3402 2362,3403 2448,3404 2535,3405 2622,3406"/>
                <TextEquiv>
                    <Unicode>Geschmack. Daraus möchte ich dem leitenden Theile der Kunsthandlung keinen Vorwurf</Unicode>
                </TextEquiv>
            </TextLine>
            <TextLine id="r1l53" custom="readingOrder {index:52;}">
                <Coords points="873,3436 2612,3463 2433,3405 874,3414"/>
                <Baseline points="884,3442 969,3443 1055,3444 1141,3445 1227,3445 1313,3446 1398,3447 1484,3447 1570,3447 1656,3448 1742,3448 1827,3449 1913,3449 1999,3449 2085,3450 2171,3451 2256,3451 2342,3452 2428,3453 2514,3454 2600,3456"/>
                <TextEquiv>
                    <Unicode>machen. Fjorde, Gardasee, küssende Kinder, spanische Tranungen, Schuhplatller....</Unicode>
                </TextEquiv>
            </TextLine>
            <TextLine id="r1l54" custom="readingOrder {index:53;}">
                <Coords points="880,3502 2638,3517 2621,3459 880,3458"/>
                <Baseline points="891,3488 977,3489 1064,3490 1151,3491 1238,3492 1325,3493 1411,3494 1498,3494 1585,3495 1672,3496 1759,3496 1845,3497 1932,3497 2019,3498 2106,3499 2193,3499 2279,3500 2366,3501 2453,3502 2540,3503 2627,3504"/>
                <TextEquiv>
                    <Unicode>das liebt nun einmal der Durchschnittsberliner, vorausgesetzt, daß das Bild nicht zu</Unicode>
                </TextEquiv>
            </TextLine>
            <TextLine id="r1l55" custom="readingOrder {index:54;}">
                <Coords points="872,3535 2633,3553 2437,3502 872,3511"/>
                <Baseline points="884,3537 970,3539 1057,3540 1144,3541 1231,3542 1318,3543 1405,3544 1491,3545 1578,3545 1665,3546 1752,3547 1839,3547 1926,3548 2013,3548 2099,3549 2186,3550 2273,3550 2360,3551 2447,3552 2534,3553 2621,3554"/>
                <TextEquiv>
                    <Unicode>klein und recht sauber und glatt gemalt ist. In dem ersten Raum von Schulte waren</Unicode>
                </TextEquiv>
            </TextLine>
            <TextLine id="r1l56" custom="readingOrder {index:55;}">
                <Coords points="879,3612 2649,3619 2563,3554 879,3557"/>
                <Baseline points="891,3595 978,3597 1065,3598 1152,3599 1240,3600 1327,3600 1414,3601 1502,3602 1589,3602 1676,3602 1764,3603 1851,3603 1938,3603 2025,3604 2113,3604 2200,3604 2287,3605 2375,3605 2462,3605 2549,3606 2637,3606"/>
                <TextEquiv>
                    <Unicode>unzählige Bilder von Willi Stöwer. „Deutscher Segelsport!“ Diese Gonache¬</Unicode>
                </TextEquiv>
            </TextLine>
            <TextEquiv>
                <Unicode>16.1. Lebendige Stunden zuklus
box 21/2
da für den Dichter. Dieses Motiv klingt in der „Frau mit dem Dolche“ und
in dem Schwanke „Litteratur“ wieder an. Der Künstler verwerthet die „Lebendigen
Stunden“, er muß sie zu verwerthen verstehen, falls er ein Künstler sein will. Wie
gesagt, der Schwank, der litterarisch am niedrigsten steht, den Schnitzler selber viel¬
leicht nur für einen guten Scherz betrachtet, ist das amüsanteste von den vier Pröbchen
einer spirituellen, dialogisierenden Kleinarbeit, wie sie sonst nur die Franzosen
beherrschen.
W. Schöller.
Im königlichen Schauspielhause fanden endlich die F
nisch vollendeter Schauspielkunst ihre Rechnung. Coquelin der Aelter.,
Truppe dort gastierte, ist der Freund der feinen Berliner Gesellschaft geworden.
Auch junge Mädchen vergötterten den Künstler, sie durften ihn ja sehen, den großen
Darsteller der Helden Moliere's. Neben dem Kunstgenuß dann noch Unterricht in
französischer Conversation! Entzückend! Mr. Coquelin wird sich darüber zu trösten
wissen. Er wird hoffentlich das Berliner Publikum nicht allzu ernst genommen haben.
Das wäre schade. Denn er bleibt trotz des Beifalls ein großer Künstler.
Das neue Jahr war also bis jetzt recht sparsam mit Theatergenüssen. Auch
die bildenden Künste vegetieren recht ruhig in den Salons weiter. Die Seression
wird bald ihre Thore schließen. Dann ist es ganz tot und öde geworden. Ein Glück
für Berlin, daß die Siegesallee mit ihren erläuterten Kunstbegriffen als Trost ver¬
bleibt. Diese Denkmalsallee hat sicher ihre Vorzüge. Sie hat sie sogar schon bewiesen.
Sie hat schon lustig lachen gemacht. Und wie heißt es doch ungefähr bei Schiller:
„Ernst ist das Leben, heiter ist die Kunst!“ Also das ist erreicht. Mit Augen rechts
hinaufmarschiert, mit Augen links herunter; dann hat man das erherende Gefühl,
ein General oder gar ein Generalfeldmarschall zu sein, der die Fronten zweier
Truppentheile, auf die genaue Ausrüstung und auf die Tadellosigkeit der einzelnen
Krieger hin besichtigt hat. Dazu noch das stolze Gefühl in der Brust, daß die,
welche in Reih und Glied stehen, keine gewöhnlichen Grenadiere oder Füsiliere sind.
sondern Fürsten aus edlem Geblüt und weißem Marmor. Unwillkürlich steigt auch
die Illusion auf, man befände sich in dem medicäischen Toskana. Nur etwas
Phantasie, bitte! Geht da nicht Michel=Angelo? Wir sehen genauer hin. Da,
plötzlich hinter uns ein befehlendes Wort: „Augen rechts!“ Tritt wird gefaßt, daß
es nur so klappert. Hinter uns geht nämlich ein Offizier, der einer Ablösung von
Gardegrenadieren den Gruß erwiedert. Aber die Illusion von dem goldenen Zeit¬
alter in Florenz ist zerstört. Wir sehen uns den Michel=Angelo noch einmal genauer
an — auch er zerfällt in nichts Statt seiner schreitet ruhig die Straße — Herr
Professor Begas.
Von der Siegesallee bis zu dem Pariserplatz sind nur ein paar Minuten Und
hier an der Ecke der berühmten „unter den Linden“ ist ein Kunsttempel, der den
Berlinern, oder besser gesagt und etwas enger genommen, dem kunstsinnigen Publikum
des Westens eine Erholung von den Strapazen des harten Lebens bedeutet. Kunst¬
salon von Schulte!! Wer kennt ihn nicht! Er gehört doch zum guten Ton. Die
Frau Räthin, die Frau Majorin und wie sie alle betitelt sind, die Gattinnen der
oberen Stützen des Reiches, bei Schulte setzen sie die Unterhaltung ihrer „Jours“
fort. Um die Mittagsstunde, wenn die Schulen die verschiedenen lieben Kleinen
entlassen, dann kommen auch noch die leichtempfänglichen Gemüther französisch
pappelnder Backsischerln in den berühmten Salon. Kurz und gut, bei Schulte trifft
man Bekannte, und sieht ein paar gute Bilder und sehr viele — schlechte. Was
die Firma in den Auslagefenstern untergebracht hat, ist bezeichnend für den Berliner
Geschmack. Daraus möchte ich dem leitenden Theile der Kunsthandlung keinen Vorwurf
machen. Fjorde, Gardasee, küssende Kinder, spanische Tranungen, Schuhplatller....
das liebt nun einmal der Durchschnittsberliner, vorausgesetzt, daß das Bild nicht zu
klein und recht sauber und glatt gemalt ist. In dem ersten Raum von Schulte waren
unzählige Bilder von Willi Stöwer. „Deutscher Segelsport!“ Diese Gonache¬</Unicode>
            </TextEquiv>
        </TextRegion>
    </Page>
</PcGts>
