3484 4192
2001 190 2440 291 box 2175
271 201 1994 313 16.1. Lebendige Stunden Zuklus
162 1163 521 1253 E VOLKSBUHNE
715 1202 963 1268 April 1910
1413 1214 1659 1303 April 1910
1866 1212 2330 1294 FREIE VOLKSBUHNE
2587 1236 2779 1308 Seite 7
162 1286 987 1387 berstehenden eire Lebenslüge durch¬
1489 1333 2792 1428 Der Juni-Julibeitrag für das Spieljahr 1910. Der Vorstand hat
154 1366 998 1441 hildert in den männlichen und weib¬
1373 1389 2798 1473 beschlossen, für die Monate Juni und Juli von den Mitgliedern der I. Klasse
175 1417 984 1483 die ganze kümmerliche, eitle, grund¬
1383 1438 2794 1518 1 K und von den Mitgliedern der II. Klasse 60 h für beide Monate — statt des
169 1455 992 1515 Geschäftsleute handeln mit Tuch oder
1381 1477 2801 1560 vollen Monatsbeitrages — einzuheben. Bei der Behebung des Sitzes im Monat
157 1505 991 1578 hit Eisenbestandteilen, diese Literaten
1372 1535 2789 1612 Mai ist der Juni-Julibeitrag zu bezahlen. Von diesem Betrag wird das Defizit
162 1551 991 1634 ssen. Die Sympathie des Zuschauers
1373 1585 2796 1670 für Ausstattung und Dekorationen gedeckt. Jene Mitglieder, welche auch heuer
169 1600 977 1671 bisschen einfältigen, aber redlich emp¬
1375 1616 2798 1719 die vollen Monatsbeiträge zahlen wollen, ersuchen wir, die Differenz dem
172 1653 994 1722 liebt, um zu lieben, und nicht liebt,
1374 1666 1945 1736 Dekorationsfonds zu spenden.
174 1685 978 1769 tig scherzen konnt kein Literat. Diese
1485 1728 2774 1815 Zu den Vorstellungen im Deutschen Volkstheater. Die Mit¬
176 1751 978 1819 e-Literatur konnte nur ein Dichter
1376 1779 2779 1851 gliedsbeiträge decken knapp die Miete, welche wir für diese Kunststätte zahlen
1376 1837 2781 1907 müssen. Nun haben wir aber auch noch andere Spesen! Diese Spesen müssen
535 1807 944 1915 Stephan Grossmann.
1373 1872 2778 1958 durch den Verkauf der 500 Stehplätze, die das Deutsche Volkstheater hat,
1372 1915 2786 1993 hereingebracht werden. Zu diesem Zwecke legen wir jedem Mitglied zwei
1370 1958 2783 2052 Stehplätzeanweisungen in die diesmonatige Beitragsbestätigung mit der Bitte
1357 2006 2783 2077 bei, diese Anweisungen an minderbemittelte Theaterfreunde
1367 2060 2521 2130 weiterzugeben. Bitte auch die Seite 3 zu beachten!
171 2064 537 2133 EILUNGEN
647 2070 835 2145 AUa
522 2076 660 2179 Iae
834 2013 971 2188 □
1478 2118 2762 2211 Wünsche für das nächste Spieljahr! Auf Seite 3 der Beitrags¬
1369 2168 2764 2253 bestätigung für den Monat April sowie Mai bitte dem Sekretariat
144 2180 972 2267 re. Die Freie Volksbühne hat mit dem
1361 2203 2774 2320 eventuelle Wünsche bekanntzugeben, damit während der Spielferien den
159 2241 964 2314 hen Vertrag abgeschlossen, der unseren Mit“
1370 2259 2187 2335 Wünschen Rechnung getragen werden kann.
158 2291 969 2361 Mai, August, September sichert. Die erste
1474 2326 2767 2407 Eine Bitte an die Mitglieder! Das Dezember-Bühnenheft: -Der
170 2331 969 2412 April statt. Zur Aufführung gelangt (zum
1361 2362 2772 2459 eingebildete Krankes von Molière ist ganz vergriffen. Das Sekretariat
181 2378 963 2455 ungarischen Dichters (auch das gibt es),
1358 2417 2774 2486 benötigt aber für das Archiv eine Anzahl Exemplare. Jene Mitglieder, welche
168 2430 972 2501 1 -Die Lehrerins. Die tragende Rolle wird
1357 2461 2777 2554 für obiges Heft keine Verwendung haben, werden gebeten, dasselbe an das
142 2484 959 2548 Was Werk, das bis nun nur in den Rein¬
1349 2507 1786 2580 Sekretariat zu senden.
145 2522 969 2606 lin gegeben wurde, ist eines der wenigen
146 2560 960 2647 tur, das ohne Ruhmredigkeit und Ritterlich¬
1470 2561 2761 2651 An die zuspätkommenden Mitglieder! Laut polizeilicher
1357 2601 2767 2695 Vorschrift muss die Kartenausgabe im Foyer zehn Minuten vor Beginn
152 2607 966 2690 gibt, dort, wo sie noch ganz ungeniert und
1343 2645 2756 2746 eingestellt werden. Die Mitglieder haben also nur bis ¾ 3 Uhr (siehe Bestäti¬
150 2665 960 2740 der Brody ist ein ungleich ernsteres Talent
1341 2699 2759 2800 gung) auf die mathematisch berechnete Sitzeinteilung statutarischen Anspruch.
144 2715 956 2782 der als der allzu versöhnliche Franz Herczeg.
1344 2738 2755 2844 Mitglieder, welche nach der Einstellung der Kartenausgabe erscheinen, erhalten
161 2762 961 2839 auf, auch diesem Talent die erste gastliche
1348 2802 2756 2882 der Reihe nach auf Grund der Bestätigung die übriggebliebenen Sitze von dem
1340 2855 2768 2935 Funktionär oder Billeteur ausgefolgt. Es liegt daher im Interesse
142 2843 944 2952 iesen Tagen erneuert die Freie Volksbühne
1334 2891 2690 2982 jedes Mitgliedes, vor ¾3 Uhr im Theater zu erscheinen!
156 2916 952 3002 er Theater und der Neuen Wiener Bühne.
1462 2938 2751 3037 Die Volksbühne-Vorstellungen werden plakatiert! Die Vor¬
149 2962 961 3030 wird, ein drittes Theater für die ganze Saison
1339 3000 2750 3090 stellungen der Freien Volksbühne werden am Vortage jedes Sonn¬
173 3016 952 3096 der heute schon das eifte Tausend
1335 3050 2751 3136 und Feiertages plakatiert. Auf dem Plakat ist genau zu ersehen,
152 3038 945 3141 ieljahr voraussichtlich um weitere Tausende
1342 3111 2749 3172 welche Abteilung und Mitglieds-Nummer Vorstellung hat. Hiermit kommen wir
166 3111 953 3181 für unsere Zwecke so geeignet scheint, ist
1339 3139 2746 3225 einem Wunsche vieler Mitglieder nach. Wenn jedes Mitglied jede
157 3159 936 3229 eZwecke unerreichbar, aber auch untauglich.
1334 3177 2745 3281 Woche unser Plakat liest, kann es nie vorkommen, dass
158 3206 953 3280 dern in den nächsten Wochen Kunde von
1329 3233 2252 3313 auf die Vorstellung vergessen wird!
151 3241 949 3328 squartier zu bringen. Erst wenn mehr als
1443 3290 2751 3378 Wohnungsänderung. Bei Aenderung der Wohnungsadresse genügt
152 3300 945 3376 Freien Volksbühne orgenisiert sein werden —
1334 3348 2749 3428 es, dass auf der Beitragsbestätigung die richtige Adresse angegeben wird. Eine
168 3348 945 3422 werden wir an die Verwirklichung unseres
1342 3387 2325 3479 separate Verständigung ist in diesem Falle nicht nötig.
144 3397 941 3467 n: an das eigene Heim der Wiener
2152 3471 2710 3562 Hans Kulhanek, Sekretar.
