3484 4256
315 147 1960 236 16.1. Lebendige Stunden Zyklus
1085 708 1577 884 Ker VUNSg
1567 820 1716 969 89
1215 854 1593 951 Bureau für *
946 854 1219 947 07. *
1725 907 1834 981 7
1006 924 1727 1018 Zeitungsausschnitte und Verlag
1011 984 1712 1075 der Wissenschaftlichen Revue.“
918 1041 1825 1120 BERLIN N., Auguststr. 87 part.
1095 1105 1655 1183 Telephon Amt III N6r 3051.
815 1197 1191 1277 Teiegrammn Arese
1207 1207 1534 1287 Ausschnitt
808 1254 1188 1322 60L OSCHMIDT. Auguststr. 87.
1308 1280 1422 1342 aus
815 1392 958 1494 97.
1024 1416 1668 1508 Hannoverscher Courier
1263 1631 1533 1718 —7. 1. 02
1057 1832 1695 1919 Theater und Musik.
868 1908 1942 1976 J. S. (Berliner Theaterbrief.) Aus Berlin,
801 1961 1945 2014 5. Januar, wird uns geschrieben: Mit vier neuen Einaktern von
799 1992 1946 2035 Arthur Schnitzler hatte das Deutsche Theater gestern einen
801 2030 1130 2087 Frarten Erfor.
1175 2034 1940 2097 Sücke, die nur eine geringe innere und
800 2075 1952 2126 außere Verwandtschaft mit einander zeigen, sind, wie es jetzt
801 2109 1946 2162 üblich ist, unter einem gemeinsamen Titel zusammengefaßt.
805 2151 1952 2189 Der Autor nennt sie „Lebendige Stunden“ Er versteht darunter
801 2185 1949 2248 ddie Stunden, denen der Künstler durch sein Werk ewige Dauer
789 2232 1940 2281 verleiht die Erlebnisse, die den Anlaß und die Grundlage für
799 2265 1944 2321 seine Schöpfungen bilden. Ein junger Dichter erfährt, daß
800 2304 1945 2352 seine Mutter freiwillig aus dem Leben geschieden ist, weil sie
793 2334 1952 2395 fürchtete, daß ihr langwieriges Leiden den Sohn in seinem
817 2387 1944 2440 Schaffen hemmen könnte. Zum Entsetzen eines philiströsen
798 2411 1943 2470 Hausfreundes erklärt der junge Mann, daß er die hochherzige
795 2464 1945 2512 und rührende Opferthat seiner Mutter als Stoff für eine
804 2492 1945 2549 Dichtung verwerthen wolle, und daß er sich durch diese Arbeit
802 2543 1941 2592 zugleich von der Last seines Schmerzes zu befreien hoffe. Das
801 2571 1952 2619 ist der Inhalt des ersten Einakters „Lebendige Stunden“. Der
792 2611 1945 2665 zweite, „Die Frau mit dem Dolche“, behandelt die Geschichte
799 2645 1944 2708 eines heißblütigen Weibes, das sich aus der frostigen Umgebung
803 2684 1950 2726 seines Gatten eines kühlen Poeten, in die Arme eines feurigen
798 2718 1944 2786 Jünglings flüchtet, und zwar nicht aus Liebe, sondern um das
793 2768 1952 2825 brutale Bedürfniß der unbefriedigten Sinne zu stillen. Die
788 2806 1943 2862 Sünderin pflegt ihre Fehltritte dem Gatten zu beichten, und
792 2838 1951 2891 dieser benutzt sie dann els Stoff zu abendfüllenden Dramen.
797 2879 1953 2926 Ins Spittel führt uns das dritte Stück „Die letzten Masken“.
793 2922 1947 2975 Ein schwindsüchtiger Komödiant macht an Kranken und
795 2957 1952 3002 Sterbenden seine Studien. Er meint, daß die Menschen im
792 2989 1949 3039 Anblicke des Todes die letzten Masken fallen lassen und ihr
793 3031 1949 3090 wahres Ratlitz zeigen. Auch einem armen journalistischen
802 3061 1955 3114 Zeilenschinder gelüstet es, am Ende eines verpfuschten Lebens
792 3099 1949 3164 seinem glückbegünstigsten Rivalen, dem gefeierten Dichterling,
798 3153 1955 3195 tödtliche Wahrheiten ins Gesicht zu sagen. In einer tragi¬
794 3185 1955 3226 komischen „Generalprobe“, die er auf Betreiben des Komödian¬
805 3223 1950 3279 ten abhält, entlastet er aber sein Herz bereits so gründlich, daß er
790 3243 1950 3324 in dem Augenblicke, wo der Verhaßte in Person vor ihn tritt, kein
799 3302 1946 3358 böses Wort mehr hervorbringt, sondern nur Mitleid mit dem
791 3345 1949 3399 eiteln Narren empfindet. Die Einakterserie schließt mit einer
793 3384 1948 3445 ausgelassenen Farce „Literatur“. Eine Literaturzigeunerin, die
790 3404 1952 3460 des Kaffeehaustreibens satt ist, hat sich einen reichen, bornirten
794 3455 1963 3527 Aristokraten zum zukünftigen Gatten erkoren. Sie weiß ihm
790 3494 1954 3544 einzureden, daß die heiklen Schwänke, die sich in ihren Dichtun¬
802 3530 889 3583 gen
887 3533 1955 3589 vorfinden, lediglich Phantasiegebilde seien. Die Leicht¬
801 3577 1959 3621 gläubigkeit des guten Grafen wird durch den Besuch eines
804 3606 1951 3660 Jugendfreundes seiner Braut auf eine harte Probe gestellt, aber
821 3651 1948 3690 die göttliche Frechheit der Bohèmienne führt geschickt über alle
821 3682 1148 3734 Fährnisse hinweg.
1234 3684 1959 3736 Den meisten Beifall fanden mit Recht
802 3722 1974 3781 die beiden letzten Einakter, während die ersten mit ihren etwas
801 3758 1946 3803 gesuchten Motiven, ihrer zerfahrenen Handlung und ihrer merk¬
810 3799 1951 3865 würdig gequölten Technit keinen tieferen Eindruck machten. —
2108 145 2561 236 box 21/2
1967 1817 3102 1882 Die Darstellung, an der sich Bassermann, Rittner, Reinhardt,
1962 1861 3110 1918 Fischer, Sommerstorff und das temperamentvolle, aber humor¬
1956 1917 3105 1974 lose und noch nach tausend berühmten Mustern arbeitende Fräu¬
1967 1952 3096 2012 lein Irene Triesch betheiligten, stand nur im dritten Stück ganz
1968 1981 2783 2048 auf der alten Höhe des Deutschen Theaters.
