3436 4320
-15 2381 51 2443 rch
2074 185 2555 280 box 21/3
288 195 1940 307 16.1. Lebendige Stunden - zuklus
2055 1400 3287 1504 Apparat schuld. Frl. Sussin, die Herren Mebus und
848 1422 2062 1503 Regungen des Innenlebens, das nicht aufdringlich wie das
2063 1464 2591 1545 Marr boten ihr Bestes.
848 1484 1882 1562 des Literaten, aber tiefer, wahrer ist, zu offenbaren.
2133 1503 3281 1577 Der dritte Einacter „Die Masken“ ist ein meisterhaftes
197 1505 633 1613 he Stunden“.
915 1523 2063 1596 „Die Frau mit dem Dolche“ war die eigenartigste Dar¬
2053 1553 3262 1626 Milienstück. Es scheint sich fast der Geruch des Wiener All¬
840 1565 2064 1653 bietung. Pauline ist die Frau eines Bühnendichters, der in
191 1564 849 1669 r Schnitzler. Aufgeführt im
2048 1613 3269 1681 gemeinen Krankenhauses von der Bühne aus zu verbreiten.
840 1630 2057 1689 ihr nur geistige Anregungen gesucht hat. Besonders in seinem
193 1630 662 1734 zensplatz am 1. April.
2062 1659 3267 1728 Eine derart bis ins kleinste teue Photographie konnte nur
839 1677 2056 1753 letzten Schauspiele hat Leonhard, Paulinens Verehrer, es pein¬
2063 1707 3272 1780 einem Dichter gelingen, der wi Schnitzler selbst Arzt ist. Die
845 1719 2059 1788 lich empfunden, dass die geliebte Frau in ihrem eigensten Leben,
175 1701 840 1793 Schriftsteller und Menschenbeobach¬
2052 1763 3281 1837 Masken, die während des Lebeis getragen werden, fallen an¬
845 1772 2066 1853 wenn auch in fremder Gestalt, vor die Oeffentlichkeit gezerrt
201 1771 854 1852 reichischen Modernen rasch einen
2056 1804 3277 1874 gesichts des Todes. Ein vom Inglück verfolgter, geistig hoch¬
846 1825 2060 1899 wurde. Er besucht mit Pauline eine Bildergallerie. In einem
203 1828 853 1898 seine interessanten Theaterdich¬
2064 1854 3285 1923 stehender Journalist stirbt arm und verlassen im Spital. Sein
842 1867 2060 1921 Saale derselben hängt das Gemälde eines unbekannten italieni¬
201 1864 848 1952 fast öfter aufgeführt als bei uns.
2060 1905 3277 1969 Jugendfreund, ein Hohlkopf, stig zur Berühmtheit auf. Rade¬
842 1917 2063 2001 schen Meisters, eine Frau mit gezücktem Dolche, die Pauline
196 1937 853 2003 ter. Eine Sammlung von solchen
2056 1951 3281 2024 macher hafste ihn glühend, doch wich er ihm aus und konnte nie
839 1966 2057 2047 überraschend ähnlich ist. Leonhard gesteht Pauline in leiden¬
181 1983 853 2064 en „Anatol“, drei originelle Ein¬
2050 1996 3275 2076 seinen Hass ihm sagen, will eber doch nicht vorher sterben,
856 2016 2058 2084 schaftlichen Worten seine Liebe, sie weist ihn aber zurück, nicht
188 2017 856 2097 Gefährtin“ und „Der grüne Ka¬
2062 2047 3282 2117 ohne Weihgast ins Gesicht gescheudert zu haben, wie nichtig er
842 2062 2063 2126 Liebe, nur sinnliches Interesse habe sie für ihn, einmal wollte
189 2065 861 2152 eaterabend vereint, über eine An¬
2055 2092 3280 2157 sei, dass die eigene Frau die geistige Unbedeutendheit des Ge¬
848 2112 2066 2188 sie ihm sich an den Hals werfen, den Augenblick aber habe
191 2126 851 2194 hhelus nennt sich „Lebendige Stun¬
2055 2144 3288 2226 feierten erkennend, sich dem unglücklichen Journalisten hin¬
842 2151 2064 2230 Leonhard versäumt. In dieser Seelenstimmung betrachtet Pau¬
192 2176 852 2240 isch=literarische Probleme in sinn¬
2052 2193 3277 2275 gab, den sie liebte, ihm aber in das Elend zu folgen nicht die
854 2208 2067 2272 line das Bild, da wird es in ihrem Geiste lebendig: Sie sieht
207 2213 864 2289 t. Der erste Einacter, „Lebendige
2056 2248 3288 2312 Kraft fand. Als Weihgast auf das dringende Bitten des Todes¬
853 2255 2063 2321 sich in der Tracht des Cinquecento, ihr Verehrer ist ein jugend¬
196 2285 861 2358 hsam als Prolog erklärend voran¬
2057 2283 3285 2354 candidaten erscheint, herablassend und leutselig, findet es Rade¬
845 2310 2070 2380 licher Maler, mit dem sie, als ihr Gatte abwesend war, in einer
205 2327 862 2390 die Stunden wirklicher Erleb¬
2055 2330 3279 2401 macher nicht der Mühe wert, dem Gefeierten seine eingebil¬
852 2359 2062 2427 leidenschaftlichen Stunde sich vergessen hat. Am Morgen weist
191 2369 855 2442 sch sie angeregten Kunstwerken. Die
2058 2377 3290 2453 dete Herrlichkeit zu zerstören, er schweigt. Herr Hnid bot im
857 2421 2070 2479 sie ihm verächtlich die Thüre. Leonardo will sich tödten, da
192 2410 864 2497 sich genommen und ist gestorben,
856 2437 3285 2522 erscheint der Gatte Remigio, dem Pauline ihre Verirrung Journalisten eine Glanzleistung. Herr Baxmann gab den
184 2467 864 2545 ös überreizten Literaten, von dem
855 2518 3296 2567 bekennt. Auch er weist Leonardo, der umsonst bittet, ihn zu eleganten, stattlichen Modedichter. Eine durch ihre realistische
180 2519 867 2605 siechens zu befreien, ihm dadurch
2053 2521 3289 2593 Beobachtung einzig dastehende Gestalt schuf Schnitzler in dem
850 2558 2071 2624 tödten, geringschätzend die Thüre. Warum soll er dem Becher
193 2568 861 2629 ckzugeben. Ein geistreich geführter
2058 2582 3291 2652 Schmierenschauspieler Jackwerth, einem schwindsüchtigen Todes¬
860 2598 2065 2674 zürnen, aus dem ein thöricht Kind Gift getrunken hat! Pauline
191 2600 863 2686 en dem Hofrath und seinem alten
2066 2631 3291 2700 candidaten, der kaum noch acht Tage zu leben hat, doch voll
854 2646 2068 2731 mag erkennen, dass Leonardo, obwohl er sich verachten muss,
188 2665 859 2740 nisch mit dem Sohne fortgesetzt,
2054 2679 3279 2742 Optimismus der Genesung entgegensieht, im Spital auf Mo¬
855 2698 2073 2785 zu feig ist, sich zu tödten und erdolcht ihn. Den Moment, da
186 2716 858 2781 igen Ap logie des warmen wirk¬
2065 2717 3290 2800 delljagd geht, die Aerzte copiert, mit Mademacher eine Ge¬
852 2747 2069 2822 sie den Dolch zückt, erfasst das Künstlerauge ihres Gatten,
197 2754 873 2834 ige „lebendige Stunde“, welche die
2070 2764 3291 2851 neralprobe abhält, wie beiläufig die Abrechnung mit Weihgast
864 2796 2070 2857 der sein Gemälde vollendet. Nun ändert sich wieder die Scene,
207 2792 868 2884 t, sitzend im Lehnsessel, am frischen
2070 2824 3299 2896 vor sich gehen könnte. Herr Felix nufste in Maske und
862 2828 2063 2915 Leonhard und Pauline sind im Betrachten versunken vor dem
215 2862 871 2933 freuend, ist mehr wert als alle
2060 2877 3143 2969 Spies diese Rolle ohne Uebertreibung durchzuführen.
857 2891 2070 2953 Gemälde des unbekannten Meisters, Leonhard fragt, wo Pau¬
194 2903 870 2975 fen der Sohn in geistigem Hoch¬
2141 2902 3282 2994 Den Schlufs bildete das heitere Satirspiel „Literatur“.
193 2938 2073 3029 Herr Haid wusste den richtigen linens Gedanken waren, die einen Augenblick wie geistesabwesend
2063 2948 3288 3046 Ein blasierter Baron, Herrenreiter und Lebemann, hat sich
201 2988 2074 3068 rer pensionierter Beamter, der sich vor sich hinstarrte. Wenn die Illusion nicht so gelang, wie
213 3018 3302 3132 i hat, die geheimen schmerzvollen der Dichter sie beabsichtigt, war nur der schwerfällige scenische mit einer Schriftstellerin verloht, die nur Istilisierte, nicht erlebte
