3436 4256
336 284 2010 403 16.1. Lebendige Stunden Zyklus
182 1293 1033 1385 häher bringen könnte. Des winzige Stuck
1063 1302 2166 1400 eine Aetbe#pin Pola alle in derselben ehebrecherischen
179 1362 1049 1435 chts als eine Schwätzeret üner das Problee,
1053 1385 2166 1449 Situation bemundert haben möglicherweise bis in die
195 1420 1044 1502 Gestaltung des Themas, ein dürftiges
1045 1423 1292 1486 Affen=Ve##
1636 1433 2155 1510 der Wichter das erspart
188 1453 554 1527 aber kein Drama.
1061 1477 2157 1559 hat, zengt von einem gewissen Ehelmut. Bern erkenn'
197 1509 563 1580 verflächlich ebenf.
552 1504 776 1585 spielerich
1061 1521 1882 1611 ich an, was irssendrete g#zurekermen ist.
180 1554 1040 1633 Frau mit dem Dolche“ gehalten. Schnitzler
192 1615 1037 1684 er mit dem Thema der Seelenwanderung.
204 1661 1033 1729 bringt, kommt über ein paar lebende
1093 1635 2042 1747 Erst im deitten Einatter in den „Lotten Mas
205 1699 1042 1778 hinaus. Frau auline giebt sich mit
1047 1707 2154 1801 zeigt Schnitzler, daß er in all seiner Enge doch ein
188 1759 1024 1832 aber in einer Gemäldegolerie ein Stell¬
1058 1772 2167 1852 echter Künstler ist, daß er hier und da etwas Eigenes
188 1797 1033 1886 n Bild „Die Frau mit dem Dolche“ erregt
1051 1843 2149 1906 zu sagen hat. Freilich in der Theaterei bleibt auch
218 1868 1041 1931 sie findet eine Aehnlichkeit zwischen den
1048 1880 2152 1958 diese Miniaturdichtung stecken; nur die Künstlergattung
181 1913 1036 1997 den Zügen der Frau, die ein florentinischer
1040 1939 2146 2004 à la Schnitzler bringt eine derartige Scene auf die
176 1945 1025 2035 r vierhundert Jahren gemalt hat. Und
1047 1975 2155 2051 Bühne. Ein Journalist liegt sterbend im Spital. Ver¬
172 2007 1037 2092 rchschauert sie die Gewißheit, daß sie
1045 2020 2148 2102 pfuscht scheint ihm das Leben, das er gelebt. Mit
161 2046 1026 2131 nem ihrer Vorleben jene Frau gewesen
1051 2085 2147 2157 Neid gedenkt er des Freundes, der einst mit ihm zu¬
210 2108 1032 2175 wandelt sich die Scene und mit ihr
1049 2121 2147 2195 gleich in den Kampf um den Erfolg eingetreten,
161 2143 1033 2225 ine in die Florentinerin Paula. Auch
1051 2184 2137 2231 aber siegreich geblieben und „Liebling des Publikums“
167 2186 1026 2278 t das Leben ohne ein bißchen Ehebrecheln
1044 2230 2147 2287 geworden ist. Eine wilde Lust packt den Sterbenden,
169 2240 1029 2324 wert. Aber als sie sich zwischen Mann
1046 2265 2142 2343 in letzter Stunde an dem glücklichen Mitkämpfer das
161 2296 1026 2372 er entscheiden soll, zieht sie den Gatten
1042 2315 2140 2390 verpfuschte Dasein zu rächen. Er weiß ein Geheimnis,
168 2343 1028 2426 da ihn der Liebhaber mit dem Tode be¬
1047 2364 2148 2435 dessen Enthüllung den „Freund“ tötlich treffen muß.
160 2395 1025 2473 cht sie den unbequem Leidenschaftlichen.
1042 2413 2138 2492 Und in der That, er läßt den „großen Dichter“ zu
158 2438 1023 2538 delt sich die Scene und mit ihr Paula
1048 2463 2147 2542 sich bitten, um ihm mit hämischer Lust den Schlag
162 2496 1010 2566 Pauline. In den vier Jahrhunderten
1042 2513 2140 2591 zu versetzen. Als aber der Herbeigerufene vor ihm
171 2533 1019 2626 0 und 1000 hat die edle Dame nicht
1037 2555 2141 2643 steht, erkennt der Sterbende, wie sehr auch dieser
168 2577 1025 2666 doch das eine gelernt, daß ein lebender
1038 2617 2141 2688 Erfolgsmann von Lebensängsten gequält wird, wie
166 2646 1008 2717 besser ist als ein toter. Infolgedessen er¬
1039 2657 2130 2742 sehr auch dieser Sieger zu ringen und zu tragen
160 2694 1010 2762 n Liebhaber von 1900 nicht, sondern gewährt
1031 2703 2127 2786 hat. Es lohnt sich nicht, ihm den Stoß zu versetzen,
161 2742 1019 2811 pas er verlangt. An der ganzen Geschichte
1035 2756 2131 2841 für den das Schicksal selbst schon sorgen wird. Lohnt
158 2788 1008 2865 eine tröstlich, daß Schnitzler die Nichtigkeit
1037 2808 2128 2870 sich am wenigsten für den, der morgen im Lande des
166 2838 1019 2905 eiter in die Vergangenheit fortspinnt. Ein
1035 2860 2138 2928 Todes sein wird und all den Lebenden bereits wie
165 2885 1005 2950 tsetzen erfüllte mich bei dem Gedanken,
1036 2899 1648 2972 ein Fremder gegenübersteht.
1722 2908 2128 2981 Die ethische Welt¬
158 2934 1006 3005 se werde sich nun auch die Florentinerin
1038 2959 2129 3029 anschauung, die hier zum Ausdruck kommt, ist sicherlich
156 2988 1005 3050 ern, daß sie schon einmal im alten Rom
1032 3010 2133 3081 nicht die höchste, aber an der Oberfläche liegen ihre
149 3028 1012 3106 eehebrucht“ habe. Schließlich würden wir
1026 3051 2139 3120 Wurzeln nicht. Und jedenfalls hat sie Schnitzler in
154 3079 2148 3188 ine Hebräerin Saula, eine Indierin Pala, lebendig packender Weise, stimmungsmächtig und in
2135 291 2594 392 box 21/2
2183 1334 3292 1437 den Einzelheiten mit psychologischer Gestaltungskraft
2173 1385 2547 1473 zum Ausdr
2215 1481 3296 1565 Mit dem Titel „Litteratur, den am besten das
2180 1534 3290 1611 ganze Quartett führen sollte paradiert der letzte dem
2188 1599 3277 1666 pler Einalter. Schnstler wollte den Beweis restan
2175 1648 3278 1709 daß er bei all seiner Milde, Weichheit, Zartheit auch
2172 1693 3280 1766 boshaft, giftig boshaft sein dann Böshaft freilich nur in
2172 1743 3268 1810 den beschränktesten Grenzen — gegen die lieben littera¬
2172 1796 3255 1873 rischen Koliegen, gegen die Knelpengentes und Kasse=haus¬
2180 1840 3273 1918 Shakespeares. Daß Arthur Schnitzler ein Nächst¬
2166 1912 3277 1973 verwandter dieser Leute ist, das weiß er natürlich
2171 1945 3277 1998 nicht, nichts davon, daß er ein wenig in Selbst¬
2167 2003 3275 2069 porträtierung macht. Jeder von diesem Völkchen
2172 2048 3276 2116 sieht immer nur im andern den Hampelmann,
2170 2099 3270 2164 er selbst steht über der Masse. Und nirgends
2172 2148 3273 2217 ein Gefühl dafür, wie kläglich es eigentlich
2189 2192 3280 2260 ist, in dieser Weise vor dem verehrten Publikum die
2169 2236 3280 2309 ganze litterarische Jämmerlichkeit bloszustellen. All
2179 2291 3277 2359 die Jämmerlichkeit dieser Kunstmännlein und Kunst¬
2165 2341 3276 2411 weiblein, die als Uebermenschen stolzieren und jeden
2174 2381 3265 2458 Philister um sein bißchen Steifnackigkeit beneiden
2171 2432 3274 2510 sollten, die bandweise auf Ewigkeit pochen und wegen
2173 2490 3264 2539 eines Honorars von zehn Pfennig mehr oder
2158 2534 3266 2595 weniger, um ein Glas Kognak alle Augenblick
2140 2591 3255 2640 eine halbe Ewigkeit hingeben usw. usw. Bos¬
2158 2636 3264 2700 heiten dieser Art in Hülle und Fülle hat Schnitzler
2162 2685 3261 2746 zusammengehäuft. Ob allerdings das sogenannte
2151 2736 3266 2788 große Publikum, das nicht, wie bei den Premièren,
2161 2778 3257 2851 aus lauter Litteralen und „Litteraturtigern“ zusammen¬
2153 2817 3266 2901 gesetzt ist, für all diese Spitzen, Nadelstiche, Kitzeleien
2152 2867 3258 2951 Verständnis und Interesse haben wird, das ist eine
2154 2917 3252 2994 Frage, die das liebe Publikum selbst lösen mag. An
2169 2973 3254 3037 ## bestrickenden Echtheit, mit der Irene Triesch,
2157 3013 3265 3112 Bissermann, Rittner die „Typen“ verkörpern, wird es
2151 3052 2872 3149 in jedem Fall seine Freude haben.
2659 3118 2760 3206 69
