3436 4224
651 220 1209 365 Ner Goldsch,
542 318 1152 427 N- „ Burcau für 4
1215 329 1351 448 9
570 394 1260 473 Zeitungsausschnitte und Verlag
573 465 1267 526 der Wissenschaftlichen Revue.
474 510 1380 607 BERLIN N., Auguststr. 87 part.
643 583 1215 645 Telephon Amt III. No. 3051.
750 673 1098 758 Ausselmitt
384 669 746 749 Teiegrame Adrse,
386 731 763 808 6000SCRMDT Auguststr. 87.
404 884 606 1022 77
598 942 1313 1044 Tägliche Hundschau, Berlin
773 1081 1055 1172 -5. 1. 02
604 1272 1228 1352 Theater und Musik.
588 1334 1173 1415 Deutsches Cheater.
424 1394 1437 1471 Arthur Schnitzler: „Lebendige Stunden“.
436 1464 1480 1527 Unter dem Titel des ersten Stückleins hat Schnitzler
378 1507 1466 1563 vier Einakter zu einer äußerlichen Einheit zusammengefaßt,
387 1544 1480 1616 die am gestrigen Abend in ihren drei ersten Teilen mit
381 1592 1468 1662 wacher, nur während des zweiten Stückes etwas er¬
377 1643 1471 1702 mattender Aufmerksamkeit angehört wurde, mit dem
386 1683 1463 1753 vierten, sehr witzigen kleinen Schwanke die aus¬
383 1728 1473 1787 gelassenste Heiterkeit erregte. „Lebendige Stunden“
392 1774 1470 1841 ist eine hübsche kleine Glosse von Leben und Lebenlassen,
382 1816 1472 1893 von der Macht und dem Rechte des Daseins gegenüber
382 1858 1472 1920 allem, was da stirbt. „Die Frau mit dem
387 1907 1469 1978 Dolche“ sucht mit leichtem, ja fast leichtsinnigem
393 1946 1489 2024 Finger an die Idee der Seelenwanderung, an
390 2009 1484 2053 die Welt der Ahnungen zu rühren. „Die letzten
402 2041 1478 2091 Masken“ läßt einen heißen Haß vor der alltäglichen
400 2088 1481 2131 Macht, vor dem alles gleich anschauenden Angesicht des
400 2126 1463 2192 Lebens zu nichte werden. Schließlich „Litteratur“
396 2182 1474 2237 stellt mit üppigem Spott die freie, ein wenig faule Welt
397 2219 1489 2272 der Kunst einem an strengeren, aber nur äußerlichen Formen
404 2263 1475 2319 festhaltenden Klassengeiste gegenüber. Es waren sicherlich
397 2307 1469 2358 keine „unlebendigen Stunden“, die uns der Abend ver¬
397 2347 1487 2411 schaffte. Alle vier Stücklein legen Zeugnis ab
398 2399 1479 2462 von dem feinen, auf Pointen gestellten Geiste
395 2435 1481 2497 Schnitzlers, wenn auch hier und da die Ausführung
396 2480 1478 2546 in der Abgerissenheit des Einakters stecken bleibt. Herr
393 2536 1477 2584 Rittner, Bassermann, Reinhardt und Frl.
394 2578 1488 2635 Triesch waren die darstellerischen Helden des Abends.
398 2616 1488 2662 Herr Bassermann gab mit einer Fülle von kleinen,
394 2659 1485 2722 überaus launigen, schillernden, springenden Zügen zuerst
395 2698 1491 2772 einen Modedichter mit prächtigem Vollbart und
397 2731 1485 2806 langen, wallenden Bewegungen, dann prächtig borniert
403 2789 1481 2856 und doch wieder pfiffig auf seine Art einen Baron, dem
397 2835 1497 2896 „janze Richtungen nich passen“. Herr Reinhardt ist
403 2870 1497 2938 auf dem Gebiete würdiger alter Herren heute fast schon
401 2926 1489 2994 eine Spezialität. Mit ungemeiner Eindringlichkeit zeichnete
410 2967 1489 3032 er zu Anfang einen pensionierten Beamten in stillem
403 2999 1501 3069 Schmerze, dann einen in seinem ehrlichen Streben
407 3053 1497 3118 heruntergekommenen Journalisten, in dem die Gluten,
408 3100 1498 3169 die ihn einst zur Feder greifen ließen, noch nicht
407 3139 1503 3194 erloschen sind. Das Unübertrefflichste in der realistischen
409 3188 1495 3247 Charakterzeichnung ist immer noch Herr Rittner. Stets
414 3233 1496 3290 ist sein Ausdruck von der letzten Energie in Wort und Miene, sein
416 3280 1494 3343 Spiel die vollendete Einheit der schauspielerischen Persön¬
414 3314 1503 3378 lichkeit und des angespanntesten Drinstehens in der
423 3356 1503 3439 Situation. Wie er hier über dem Briefe einer toten
412 3410 1508 3478 Mutter in einem rührenden, wilden Weh zu vergehen
414 3454 1509 3523 schien, dann im letzten Stück in fast Hartlebenscher, aber
408 3497 1508 3557 wohl nicht beabsichtigter Maske einen Bohemien
418 3537 1510 3610 zeichnete, das war äußerste Intuition. Fräulein
426 3584 1509 3653 Triesch hatte in zwei leichter wiegenden Rollen wesentlich
409 3653 1492 3727 nur Leichtigkeit und Behendigkeit des Naturells zu zeigen
418 3697 1503 3769 was ihr in keinem Punkte versagt blieb. Ein Spieler wie
409 3750 1495 3821 Herr Hahn sollte im Deutschen Theater nicht an sicht¬
414 3804 1500 3862 barer Stelle stehen, namentlich wenn in demselben
421 3839 1495 3905 Stücke Herr Sommerstorff sich fast mit einer Statisten¬
414 3883 1502 3945 rolle abfinden lassen muß. Herr Fischer gab mit seiner
415 3921 1508 3994 flinken Munterkeit einen kranken Schauspieler, der noch kurz
425 3971 1511 4022 vor dem Abschluß seiner irdischen Komödie nichts als den
423 4013 1503 4074 Mummenschanz der Bühne, als „Wirkung" und „Erfolg“
1124 4042 1530 4139 Paul Mahn
430 4074 1079 4147 im Auge hat. — Morgen weiteres.
2891 1494 3347 1548 der ihrem Sohne die Lu
2119 1502 2538 1594 Feuilleton.
2894 1520 3338 1582 Alte erzählte ihm das, u
1782 1488 1995 1621 77
2896 1568 3350 1622 die sie seiner Einsamkeit
2896 1611 3347 1654 rächt sich mit einer ander
2022 1585 2632 1670 Deutsches Theater.
2899 1641 3341 1697 beide werden darüber hin
1768 1635 2896 1724 Sonnabend, 4. Jannar. Zum 1. Male: „Lebendige Stunden“.
2898 1681 3344 1747 und wie ich dichten werd
1750 1700 2508 1762 Vier Einakter von Arthur Schnitzler.
2893 1721 3283 1775 Gärtchen bebauen.
1769 1730 2898 1797 Aus einer Novelle von Schnitzler klingt mir der wehmüthige
2899 1763 3337 1817 armen geizigen Alters un
1747 1781 2896 1851 Satz nach, „Todte Dinge spielen das Leben“. Man kann die
2903 1805 3349 1852 Auregendes, aber ihre be
1743 1815 2899 1882 Vorhänge niederlassen, wenn der Frühling an die Fenster pocht,
2897 1836 3343 1894 Gedankens, sie haben d#
1736 1871 2899 1929 man kann die Augen vor derSonne verschließen, und Frühling
2901 1871 3347 1932 sprechen. Das Stück lie
1737 1911 2891 1962 und Sonne sind nicht mehr da. Gegen alles Gegenwärtige,
2897 1909 3345 1963 schauspielerischen Leistun
1731 1953 2900 2010 Lebende kann die Seele sich wehren, nur gegen die Erinnerung
2896 1960 3340 2008 Maske eines sehr korrekte
1741 1985 2891 2036 nicht, die ungerufen kommt und sich nicht wegschicken läßt, das
2888 1993 3336 2041 [Reinhardt die gehässige
1729 2027 2895 2072 Gewesene besitzt uns, und die Todten haben stärkere Gewalt
2900 2032 3352 2083 gegen den Sohn erklärt,
1731 2064 2891 2113 als die Lebenden. In diesen Einaktera mit dem etwas un¬
2904 2076 3341 2121 Mutter hatte in Herrn
1738 2105 2895 2154 klaren Titel zeigt der feine Kenner der modernen Seele, von der er
2898 2114 3330 2160 Vorgeschriebenes, nicht
1744 2140 2899 2196 sich als Sentimentaler gern verführen, aber als Ironiker nicht
2901 2146 3321 2206 Jugend schon aufinge,
1730 2170 2902 2225 täuschen läßt, die entgegengesetzte Ansicht des Lebens, das
2917 2187 3351 2243 Nach der gedanklichen
1738 2224 2893 2274 des Vergessens bedarf, um sich zu verjüngen, und die Spuren, die
2901 2227 3337 2281 „Die Frau mit dem D
1737 2254 2891 2312 es selbst gegraben hat, gleichmüthig wieder auslöscht. Die Todten
2905 2268 3351 2318 Publikum einige Verwir
1730 2293 2892 2336 haben immer unrecht, der eine erinnert sich des Dahingeschiedenen,
2901 2302 3317 2349 Pointe erlöst wurde.
1728 2336 2892 2383 um der Seele, die auch ihren konventionellen Stil hat, den Schmuck
2896 2341 3346 2394 Bildergalerie, sie weiß ui
1731 2372 2893 2422 der Feierlichkeit zu geben, der Künstler dankt der Erregung ein
2895 2382 3347 2436 geben oder ihrem Manne,
1742 2407 2886 2464 Bild, ein Lied, eine Melodie, womit er sich zugleich von ihr be¬
2899 2416 3327 2479 ist, treu bleiben soll;
1736 2453 2881 2507 freit, der Mime schaut gar dem Sterbenden die letzte Grimasse
2891 2453 3315 2509 spielt, oder vielmehr,
1733 2484 1828 2536 ab,
1822 2485 2895 2547 und auch das verweht mit der letzten Erinnerung
2892 2490 3342 2550 sich spielen, jeder Ste
1731 2527 2888 2586 vor der Macht der lebendigen Stunden. Theodor Storm
2898 2536 3348 2580 wie dieselbe, darum au
1724 2562 2890 2615 hat dasselbe in einem kleinen Verse seiner Frauen=Ritor¬
2885 2569 3343 2618 bewußtsein lösend, und d
1735 2599 2884 2659 nelle gesagt: „Die Welt ist gar zu lustig; es wird doch
2889 2615 3345 2660 mit dem Dolche anstarrt,
1724 2642 2891 2698 alles vergessen.“ Dieses Thema wird in dem ersten Ein¬
2891 2649 3353 2700 diese Gestalt des alten #
1725 2682 2888 2725 akter, von dem der Zyklus den Namen trägt, mit etwas zu
2895 2686 3342 2734 Träumerei durchlebt sie
1721 2724 2882 2771 geflissentlicher Deutlichkeit hingestellt, ein Resultat wird uns vor¬
2885 2727 3347 2776 und Leonhard ist Lionard
1734 2762 2885 2816 dozirt, das wir nur mit dem Verstande bejahen, weil es sich
2893 2767 3357 2826 und sprechen in Versel
1723 2796 2879 2849 mehr aus einer vorüberlegten Rechnung als aus der dramatisch
2894 2794 3330 2860 den Gatten Remigio,
1721 2841 3348 2894 gestalteten Wirkung von Gemüthszuständen ergiebt. Von dem Sie hatte sich verge
1721 2869 2879 2921 alten Hausdorfer, der als pensionirter Beamter sein Gärtchen
2885 2879 3341 2931 dieser Nacht nicht meh
1724 2903 2880 2975 pflegt, wissen wir, daß er die todte Hofräthin geliebt
2885 2910 3351 2978 Meister, sie kennt den jun
1730 2941 2878 3008 hat, wie nur ein Einsamer eine Enttäuschte lieben
2893 2958 3344 3015 zu haben behauptet, un
1719 2979 2883 3039 kann, besonders wenn sie zusammen alt werden, wir sehen aber,
2885 2992 3347 3049 Mannes bedroht. Remig
1724 3031 2884 3072 wie er gegen ihren Sohn, den Dichter, eine Niederträchtigkeit be¬
2887 3033 3339 3086 schwunden ist, wird entzu
1727 3070 2880 3126 geht, und die Fähigkeit dazu, die wir im Leben recht gern auch
2893 3073 3357 3129 kann ihr empfangenes Bild
1719 3104 3339 3172 von Unbekannten annehmen, muß uns im Drama erft bewiesen! beenden. — Pauline erwa
1730 3144 3334 3218 werden. Da sind wir nun einmal gerechter. Die Hofräthin hatte] Galerie und da sie eine
1718 3173 3350 3258 sich vergiftet, um dem langen Todeskampfe ein Eude zu machen, ihrem Gatten untreu werh
