2684 4256
-7 188 1732 291 enenenenhensenene un Pereenenen e eenen en ee
-8 246 735 308 ade ein „Schlager“ ersten Ranges, findet
735 260 1734 326 beschneidet, die zahllosen Verwandlungen zusammenzieht,
-5 296 731 353 giebt es doch sogar Leute, die den „Rothen
739 310 1742 374 wie dies ja auch mit den Meisterwerken unseres Goethe,
-12 330 727 384 interessantes Stück Leben erklären. Aber
733 347 1723 420 mit seinem „Göz von Berlichingen“ und seinem „Faust“
-10 369 727 438 n tritt ein gefährlicher Mitbewerber um
732 386 1739 467 geschehen müßte, und wenn schließlich das Stück nicht
-8 414 731 480 die Zeit des Publikums in die Schranken:
734 439 1738 519 an einem Theater ersten Ranges und gespielt von Schau¬
-10 455 729 525 al, dem besonders aus den Reihen der
735 479 1728 555 spielern ersten Ranges bühnenfähig gemacht wird. So
-12 500 729 568 e Ueberläufer zuströmen. War es bis jetzt
730 513 1738 598 wie die „Freie Volksbühne“ den Berlinern das eigen¬
-7 550 729 612 Theater zu füllen, so heißt es von nun an
735 568 1734 627 artige und äußerst schwierig darzestellende Stück zur An¬
-5 585 722 656 leiter alle Kraft zusammennehmen, um dem
727 607 1730 690 schauung brachte, halb von tüchtigen Berufsschauspielern,
-6 632 719 703 icurrenten Stand zu halten. Einige Bühnen
732 653 1740 739 halb von gutwilligen Dilettanten gespielt, war es beständig
-7 675 723 740 in den letzten Wochen mit ihren Erst¬
724 700 1644 766 halb Genuß und huld Begierde — nach Besserem.
-10 725 726 782 roßes Glück gehabt und können ohne viel
769 743 1727 810 So ist denn im Ganzen die dramatische Ausbeute
-4 768 717 825 chsten Wochen entgegensehen. So bewährt
727 779 1731 862 der ersten Hälfte der Saison zwar, so weit die Kassen¬
-12 807 717 875 lichen Schauspielhause Felix Philippi's
718 828 1730 905 erfolge in Betracht kommen, für manche Theater sehr
-12 854 718 919 auspiel „Das große Licht“ als vor¬
720 876 1730 933 zufriedenstellend gewesen; eine wirklich werthvolle Dichtung,
-10 897 716 952 ück; dasselbe läßt sich von L'Arronge's
722 915 1733 982 die eine dauernde Bereicherung des deutschen Repertoires
-8 943 1728 1025 eren“sagen, die abwechselnd mit Blumen=bedeuten würde, ist bis jetzt ausgeblieben. Binnen
-12 984 1732 1041 ter „Fee Caprice“ dem Lessingtheater Kurzem geht Sudermann's „Es lebe das Leben“
-12 1023 1736 1130 ingen. Das Berliner Theater macht gute über die Bretter. Hoffentlich erfüllt es die darauf ge¬
-12 1068 728 1150 Alt=Heidel berg“ und die übrigen
717 1093 1248 1163 setzten großen Erwartungen.
-12 1114 725 1188 den heiteren Genre culttviren, mit
1112 1135 1713 1230 Engenie von Huhn.
-10 1159 724 1228 er zugkräftigen Possen. Nur das Deutsche
-11 1200 723 1265 mlich leer ausgegangen und muß seinen
-12 1247 720 1321 en vorhandenen Beständen, d. h. aus den
-10 1290 726 1362 nund oft gespielten Stücken früherer
-11 1338 730 1404 mmenstellen. Hauptmann hat dies Jahr
-12 1377 722 1441 nd auch der jüngste Premièrenabend, der
-7 1418 716 1487 inen Cyclus von vier Einactern aus der
-10 1463 715 1531 Schnitzler's, unter dem Gesammt¬
-10 1510 731 1596 dige Stunden“ brachte, hat ziemlich
1526 1469 2133 1668 gar Goldsch
-11 1554 719 1629 n hat Schnitzler so manches hübsche
1659 1580 1976 1668 Bureau für
1393 1582 1668 1680 Or.
-11 1597 710 1667 manche feinsinnige Dichtung zu ver¬
2110 1625 2240 1723 %
-11 1633 723 1709 Bunder, daß man auf seine neuesten
1445 1647 2148 1750 Zeitungsausschnitte und Verlag
-10 1683 715 1756 spannt war. Der Anfang des Abends
1444 1713 2138 1794 der Wissenschaftlichen Revue.
-8 1731 710 1806 ders günstig. Vier Einacter an einem
-11 1765 715 1840 tes schon eine ziemlich starke Zumuthung
1347 1761 2270 1849 BERLIN N., Auguststr. 87 part.
-6 1811 713 1885 er, wenn er die Stückchen ernst nehmen,
1523 1828 2096 1908 Telephon Amt III. No. 3051.
-11 1849 707 1930 den Gedanken eines jeden versegzen will;
-12 1897 699 1960 Einacter, wie die Schnitzler'schen, aus
1273 1913 1627 2000 Teiernamm Aürese.
1635 1933 1978 2024 Ausschnitt
14 1940 705 2002 psychologisch interessant sein sollenden
1241 1966 1622 2058 C0lbSchMiDT Auguststr. 87.
-11 1990 704 2055 irten Problemen zusammengeklügelt sind,
1746 1993 1859 2067 aus
-12 2028 705 2090 ie ihre Wirkung schon durch die allzu
-5 2074 699 2144 , die sie an den Zuschauer stellen, dem
-6 2123 693 2193 Stückes kaum die Zeit bleibt, sich mit
-4 2160 693 2232 rtraut zu machen, geschweige denn die
1470 2066 1732 2257 2
-5 2208 696 2280 begreifen und zu würdigen. In den
-10 2257 693 2305 illustrirt der Dichter den Gedanken, daß!
-11 2296 692 2356 nes Menschen dem Künstler zur Stunde
1314 2272 2415 2387 Aage aun eneOgebiohn
-3 2337 696 2400 indem es aus den Eindrücken heraus, die
-8 2378 699 2476 rvorruft, Neues, Lebendiges zu schaffen
1556 2300 2233 2507 90 Sona. 1598.
-11 2421 695 2495 s gäbe demnach, wie in der Natur,
-10 2465 696 2539 dern nur eine Veränderung der Form,
-11 2511 704 2581 tsprösse auch in der Kunst neues Leben,
-7 2564 695 2628 ltung der Kraft auf geistigem, seelischem
1359 2563 2078 2671 „Tebendige Stunden.“
-10 2603 689 2675 Athem eines Sterbenden hauchte dem
-10 2635 692 2724 neue Schöpferkraft ein. Um diesen
1192 2637 2344 2728 Herr Lehmann: 'n Tag, Mayer! Auch mal bei Kempinsky?
-12 2684 684 2759 striren, läßt Schnitzler in dem ersten!
1114 2686 1551 2770 Wo kommen Sie her?
-3 2734 687 2805 ngen Dichter, dem Noth und Sorge des
1189 2756 2342 2836 Herr Mayer: Aus dem Deutschen Theater. Première von
-2 2773 685 2849 rische Begeisterung erstickten, in dem
1120 2799 1883 2870 Arthur Schnitzlers „Lebendige Stunden“.
-12 2827 691 2897 um echten Dichter werden, als er den
1196 2838 2340 2926 Derr Lehmani: Erzählen Sie doch mal, was haben Sie
-11 2866 685 2937 ihm überaus theueren Mutter erfährt,
1117 2893 1704 2960 denn da zu sehen bekommen?
-12 2907 684 2973 nahm, um die Sorgen des Sohnes
1184 2942 2335 3012 Herr Mayer: Also hören Sie zu. Es war einmal eine alte
-10 2952 692 3032 dürfte überflüssig sein, an dieser Stelle
1116 2991 2333 3075 Hofräthin, die jetzt todt ist und mit einem Baumwollspinnereibesitzer
-11 3000 680 3070 ne und Unwayre dieser Idee zu sprechen.
-11 3043 685 3117 osum ist der zweite Einacter „Die
1114 3048 2336 3105 verheirathet war und, obschon ihr Gatte ein berühmter Dichter
-11 3091 674 3162 Dolche“. Er versetzt uns in ein
1107 3105 2328 3149 war, mit einem Journalisten verkehrte, welcher sich im Kranken¬
-12 3126 686 3191 findet sich vor dem Bilde der Frau
1116 3143 2327 3208 hause daran erinnert, daß er im fünfzehnten Jahrhundert in
-5 3179 687 3242 ne junge Frau, die dem Ortginal des
1110 3184 2322 3248 Florenz gelebt hat, wo sich das Modell zu dem bekannten Bilde
-11 3218 675 3289 t. In einer längeren Scene erwäg:
1110 3247 2325 3311 „Die Frau mit dem Dolche“ in einem Wiener Museumssaal mit
-5 3263 676 3344 iebten Gatten treu bleiben, oder mit
1109 3284 2331 3355 ihrem Liebhaber trifft, dessen Mutter sich ihm zu Liebe mit Morphium
-11 3305 673 3369 iebhaber ein Stelldichein verabreden!
1102 3341 2324 3412 vergiftet hat, was der Baron Clemens dem Gärtner Vorromäus
-6 3352 669 3419 lt sie sich um Jahrhunderte zurück
1105 3396 2324 3459 erzählt, mit dem Hinzufügen, daß seine Braut nie mehr einen
-11 3396 670 3466 ckt sich als die Gattin eines Malers;
1108 3443 2327 3519 Roman schreiben dürfe, obschon er noch garnicht weiß, daß der
-11 3445 663 3508 nMann untreu gewesen, und als sie
-11 3487 667 3555 wird, erdolcht sie den Liebhaber, den
1107 3479 2318 3559 Schriftsteller Gilbert dieselben Liebesbriefe in einem Buch ver¬
-12 3524 667 3598 ler im Moment, des Stechens malt.
1104 3530 2326 3610 öffentlicht hat, welches Rademacher in seiner Schublade mit anderen
-3 3580 672 3634 Vorhang, geht aber schnell wieder
1099 3591 2319 3657 berühmten Werken liegen hat, die der Schauspieler Jackwerth her¬
-12 3614 665 3681 rau steht wieder mir dem Liebhaber
1102 3631 2321 3708 ausgeben soll, der nur noch acht Tage zu leben hat, während die
1 3654 667 3734 — verabredet das Stelldichein. Das
1098 3673 2313 3746 Frau Hofräthin noch zwei Jahre hätte leben können, wenn sie nicht
-5 3706 662 3785 ich, nicht künstlerisch construirt, wie
1094 3739 2314 3802 Morphium genommen hätte, was ich Ihnen, mein lieber Lehmann,
-3 3745 654 3819 Eindruck wirr und unbefriedigend.
1097 3780 1935 3845 wenn ich nicht irre, schon erzählt habe. ...
-3 3793 657 3859 alt und Bedeutung hatte das dritte
1173 3831 2315 3905 Herr Lehmann: Aber Mayer! davon verstehe ich ja kein Wort!
-10 3840 660 3897 as vierte, das mit der verzwickten
1172 3870 2318 3928 Herr Mayer: Du lieber Gott, wenn man an einem Abend:
-4 3889 657 3945 ogischen Idee der drei ersten nichts
-11 3921 650 3991 d unter dem Titel „Litteratur“
1094 3923 2307 3991 vier Einakter sieht, da laufen einem die Dinge etwas durchein¬
-7 3965 654 4033 witzige und komisch wirksame Kaffee¬
1096 3974 2316 4053 ander, besonders wenn man noch nichts gegessen hat. Kellner,
-12 4016 678 4100 hatte einen wirklichen Erfolg und
1096 4025 2087 4093 ein Mal Schnitzler — Schnitzel wollte ich sagen. ...
