3484 4384
316 71 543 181 16.1
543 93 1981 218 Lebendige StundenZuklus
860 1124 1337 1224 Telephon 12801.
471 1220 1732 1316 Alex. Weigl's Unternehmen für Zeitungs-Ausschnitte
1493 1290 1720 1365 Ausschnitt
709 1319 1437 1438 „OBSERYER“
1548 1352 1787 1443 Nr. 18
367 1429 1842 1497 I. österr. behördl. conc. Bureau für Zeitungsberichte u. Personalnachrichten
604 1480 1600 1575 Wien, IX/1, Türkenstrasse 17.
756 1557 1405 1638 — Filiale in Budapest: „Figyelö“
374 1608 1808 1708 Vertretungen in Berlin, Chicago, Genf, London, Newyork, Paris, Rom, Stockholm.
361 1755 905 1837 Ausschnitt aus:
975 1798 1320 1936 LSertiner
1342 1862 1656 1972 Ingehlatt
360 1886 977 2006 vom: 777 2
499 2276 1716 2368 □ Aus Wien meldet uns ein Privat=Telegramme
446 2354 1715 2407 die Eröffnung des Gastspiels des Berliner Deutschen
446 2376 1724 2431 Theaters“ gestaltete sich im Carl=Theater sehr er¬
445 2425 1680 2471 olgreich mit den Schnitzlerschen Einaktern: „Lebendige Stunden“
456 2446 1713 2527 „Die Frau mit dem Dolche" und „Die letzten Masken“ gefielen recht
450 2513 1714 2569 mt und „Literatur“, das lebhafte Heiterkeit erweckte, fand stürmischen
443 2536 630 2612 Beifall.
835 2607 1336 2686 Bezugs-Bedingungen:
355 2665 467 2737 Für
461 2672 1518 2742 50 Zeitungsansschnitte (Artikel oder Notizen) Kr. 15.—
468 2704 562 2758 100
1391 2699 1754 2802 28.— inclusive
1573 2754 1737 2801 Porto.
453 2749 574 2806 200
1396 2770 1507 2816 50.—
1340 2778 1391 2830 „
1554 2788 1740 2841 Zahlbar
452 2795 558 2838 500
1348 2805 1516 2873 „ 110.—
1087 2807 1149 2867 „
441 2830 567 2884 1000
366 2833 445 2904 „
1353 2821 1764 2907 „ 200.—) im Voraus.
465 2874 1773 2948 Im Gegensatze zu anderen Bureaux für Zeitungsausschnitte ist da
347 2919 1778 2996 Abonnement durch keine bestimmte Zeitdauer begrenzt; — auch stcht es de
344 2963 1665 3041 Abonnenten frei die aufgegebenen Themen zu ergänzen oder zu ändern.
470 3041 1774 3104 Der „OBSERVER“ veranstaltet täglich einen Auszug enthaltend dil
342 3091 1771 3154 Inhaltsangabe aller wichtigen Mittheilungen der Wiener Morgen
349 3122 1750 3180 blätter (Tagesjournale ausser „Neue Freie Presse“ und Wiener Zeitung“
355 3157 1761 3231 wodurch eine Uebersicht über das gesammte politische und wirthschaftlich
349 3204 1773 3279 Leben des In- und Auslandes in drastischer Kürze geboten wird. Diese Mit
354 3245 1367 3312 theilungen werden in Wien um 9 Uhr Früh verschickt.
665 3327 1440 3398 Prospecte gratis und fnanco.
2141 106 2555 207 box 21/3
2320 1171 2790 1258 Telephon 12801.
1960 1261 3174 1346 Zlex. Weigl’s Unternehmen für Zeitungs-Ausschnitte
2946 1332 3168 1405 Ausschnitt
2737 1340 2899 1419 De
2168 1361 2778 1479 „OBSERVE
2993 1389 3252 1483 Nr. 22
1839 1462 3273 1534 I. österr. behördl. conc. Bureau für Zeitungsberichte u. Personalnachrichten
2063 1526 3071 1610 Wien, IX/1, Türkenstrasse 17.
2230 1585 2866 1682 Filiale in Budapest: „Flgyelö“
1820 1626 3257 1734 Vertretungen in Berlin, Chicago, Genf, London, Newyork, Paris, Rom, Stockholm.
1820 1781 2346 1874 Ausschnitt aus:
2389 1785 3104 1971 Sehier Loentesge
1815 1913 2401 2017 voma 78770 2-
2103 2489 3019 2574 [—Wien, 6. Mai, 10 Uhr 55 Min. Abends.
2076 2556 3003 2612 (Telegr. unseresn.-Corresvondenten.)
2075 2596 3004 2656 (Das Berliner Deutsche Theater eröffnete heute am
2101 2634 3004 2688 Carltheater sein Gastspiel mit der Première von
2087 2676 3002 2732 Schnitzlers „Lebendigen Stunden“. Am besten ge¬
1807 2703 3010 2770 Für 50 Zeitt fielen die drei letzten Stücke, während man sich
1915 2746 2020 2800 100
3019 2717 3225 2812 inclusive
2073 2748 3004 2823 gegen das erste Stück „Lebendige Stunden“ ziemlich
3029 2788 3199 2834 Porto.
1905 2789 2029 2834 200
2084 2792 3001 2850 kühl verhielt. Von den Darstellern fanden den
1912 2823 2016 2878 500
2086 2831 3205 2885 meisten Beifall Irene Triesch, ferner Reinhardt! Zahlbar
1894 2863 2022 2929 1000
3000 2863 3235 2936 im Voraus.
1843 2875 1899 2919 „
2086 2865 2992 2918 und Bassermann in den Masken und Rittner in
1929 2907 3253 3008 Im Geg Litteratur. Die deutschen Gäste fandenseine über- itte ist das
1804 2952 2773 3016 Abonnement dl aus warme und herzliche Aufnahme.
2946 2969 3256 3036 stcht es den
1817 2997 3133 3086 Abonnenten fredie aufgegebenen Tnemen zu ergänzen oder zu ändern.
1932 3063 3251 3150 Der „OBSERVER“ veranstaltet täglich einen Auszug enthaltend die
1811 3106 3236 3193 Inhaltsangabe aller wichtigen Mittheilungen der Wiener Morgen¬
1806 3159 3231 3229 blätter (Tagesjournale ausser „Neue Freie Presse“ und Wiener Zeitung“)
1822 3201 3245 3265 wodurch eine Uebersicht über das gesammte politische und wirthschattliche
1811 3242 3249 3315 Leben des In- und Auslandes in drastischer Kürze geboten wird. Diese Mit¬
1805 3282 2840 3355 theilungen werden in Wien um 9 Uhr Früh verschickt.
2123 3361 2898 3447 Prospecte gratis und fnanco.
