3484 4096
338 130 2012 258 16.1. Lebendige Stunden—z#klus
2175 154 2603 248 box 21/3
2499 1115 3134 1236 ssasmacnn  W en
1671 1190 2825 1269 peinliche Gewißheit: das ist ein Herz, dem volles Mit¬
2909 1209 3424 1289 In dem ersten Stück, von
753 1206 1419 1316 Feuilleton.
1663 1241 2822 1308 leiden, ganzes Mitkeben versagt geblieben; das ist ein
2827 1256 3427 1329 Namen trägt, erfährt ein jung
1667 1285 2822 1357 Mann, der das Thun der Menschen als ein Schauspiel
2826 1310 3421 1369 sich getödtet, weil sie eingeseher
1660 1332 2812 1399 ansieht, aufgeführt zu seiner eigenen Auregung, damit er
2822 1341 3420 1418 thum dem Sohne die Schaffe
776 1330 1348 1428 „Lebendige Stunden.“
1671 1368 2814 1434 den wirksamen Scenen nach seinem immer wachen Geschmack
2820 1378 3421 1460 nachträglich die Opferthat und
483 1393 1195 1489 (Vier Einacter: „Lebendige Stunden.“
1661 1431 2820 1491 das Bravo sage. Und das ist dann die Frage, ob es nicht
1270 1408 1653 1504 „Die Frau mit dem
2825 1438 3428 1510 er davon empfangen hat, viell
488 1455 660 1509 Dolche.“
1667 1459 2814 1528 besser sei, in herzlicher Besinnungslosigkeit dem Leben zu er¬
711 1477 1651 1533 „Die letzten Masken.“ — Literatur.“ Von Arthur
2824 1490 3410 1546 Des Zuhörers Sympathie ist
494 1488 1656 1585 Schnitzler. — Gastspiel des Deutschen Theaters aus
1664 1505 2821 1570 liegen, das Gute zu genießen, das Leid zu tragen, ohne nach Neben¬
2826 1533 3426 1596 todten Matter, der alle Dicht
978 1544 1152 1602 Berlin.)
1657 1546 2821 1618 profit zu spähen. Diese Frage aber kommt an den Künstler,
2819 1577 3430 1631 er die Verstorbene nur einmal
1666 1595 2818 1664 der den ersten Frühlingssturm hinter sich hat. Da sieht er
2828 1614 3428 1673 haben könnte. Nur eine Stund
572 1596 1647 1688 Remigio vernimmt, aus Florenz wieder heimgekehrt,
1661 1641 2811 1715 die eigene Jugend und die Jugend geliebter Frauen aus¬
2818 1653 3423 1727 leben und im nächsten Frühja
488 1622 1651 1723 daß seine Frau in dieser Nacht dem jungen Lionardo an¬
1655 1687 2809 1757 gemünzt, „verwerthet“ wie das harte Atelierwort sagt. Er
2816 1686 3408 1781 Beele gießen. Aber ihm zu
493 1694 1644 1768 gehört hat. Paola selbst gesteht ihm das in Gegenwart des
1654 1742 2822 1806 gewahrt, wie er mit allen Meuschen, die ihm jertheuer
2821 1742 3405 1815 Frau ja nicht in's Grab g
477 1731 1648 1814 Lionardo, der bereit und gefaßt ist, Glück wie Schuld mit
1658 1767 2812 1835 waren, nunmehr ein merkwürdiges Doppelleben führt, eines
2825 1789 3366 1851 Heinrich, den Dichter,
486 1782 1646 1855 dem Leben zu bezahlen. Remigio weist ihm nur die Thür.
1659 1813 2819 1872 in der Wirklichkeit und eines in den eigenen Büchern.
2821 1826 3402 1898 Er thut ja ganz dasselbe,
489 1818 1644 1901 Da sordert der Jüngling seinen Tod. Er bittet endlich
1663 1851 2812 1917 Wahrheit und Dichtung. Und da kommt mit der Erkenntniß,
485 1866 1656 1939 darum. Es ist ihm unerträglich, daß er der Rache nicht
2820 1867 3410 1942 Stück nur eine Wiederholung
1654 1893 2806 1969 daß nun die schöne Unmittelbarkeit des Daseinsgefühls für
479 1910 1643 1994 werth erachtet wird. Sein Ehrgeiz hängt daran, ernst, wenn
2821 1919 3414 1985 vergaß aber zu sagen, daß R
1656 1944 2816 2018 immer dahin ist, die Sehnsucht nach der heißen, bewußt¬
474 1956 1649 2013 auch blutig ernst genommen zu werden. Remigio bleibt be¬
2821 1960 3415 2014 seht nur in der Phantasie der
1644 1981 2817 2064 losen Lebensfülle. Die Gewißheit, daß man sich an nichts
485 1999 1646 2078 schämend ruhig. Zuletzt droht Lionardo, das Abenteuer dieser
2804 2015 3412 2075 die eines sehr erfolgreichen St
1655 2028 2807 2104 mehr verlieren kann, daß man es nimme:mehr vermag, sich
483 2043 1646 2124 Nacht auszuschreien. Da sticht ihn die Paola nieder. Remigio
2800 2059 3411 2130 ist und mit einem hübschen
1655 2070 2806 2135 aufnopfern, weckt die Ahnung eines ungeheuren Frevels.
479 2086 1650 2171 blickt nur als Zuschauer auf die Gruppe. Aber mit was
2812 2090 3409 2167 #gallerie Rendezvous hat. Si
1653 2115 2816 2188 Nach Rechtfertigungen sinnt man dafür, daß man grausam
476 2137 1651 2215 für Augen. Wie seine Frau, den Dolch in der erhobenen
2807 2139 3389 2204 Mann nicht. Allein: sein H
1655 2164 2808 2226 sich an lebendigem Fühlen vergangen. In solcher Zeit wird
2818 2174 3153 2240 an der Stirne“.
477 2173 1634 2260 Hand über die hingestreckte Leiche sich neigt, greift
3139 2186 3411 2249 Blaue Aug
1652 2204 2815 2272 der Griff in's volle Menschenleben, sonst so beutegierig, so
2824 2223 3405 2289 Sein Hals ist weiß, wie der e
472 2215 1634 2288 Remigio nach der Palette, tritt an die Staffelei und
1649 2250 2814 2327 unbedenklich, so habsüchtig und rücksichtslos ausgeführz,
467 2252 828 2325 beginnt Paola
2813 2268 3411 2336 gleich geschmeidig seine Glieder
918 2270 1640 2339 malen. Jetzt erst geräth er in
1644 2297 2815 2369 plötzlich gehemmt. Man zandert, stockt und — wenn Remigio
465 2319 1635 2381 Feuer. Die prachtvolle Geberde dieser leidenschaftlich erregten
2814 2321 3396 2384 Manne iann eine Frau doch
1644 2327 2128 2386 am Ende talentlos ist?.
473 2363 1640 2417 Frau entzückt und inspirirt ihn. Diese vom vollsten Leben
2820 2356 3419 2424 Dinge für einmal zu gen
1737 2377 2798 2459 Auf dieser Entwicklungsstation sind die vier kleinen
2802 2397 3347 2462 Wunsch. Er weiß, daß
473 2396 1635 2473 geschwellte Bewegung sucht er der Kunst zu bewahren. Ihn
1641 2400 2803 2496 Dichtungen von Schnitzler entstanden. Es sind Producte des
465 2443 1627 2517 entflammt der Reiz, der vom Unbewußten, vom Spontanen
2817 2439 3413 2510 auf Liebe. Er glaubt, Paulin
1645 2469 2799 2527 Innehaltens. Künstlerprobleme, Beiträge zur Psychologie des
474 2481 1630 2558 ausgeht, da er der stets Bewußte ist. Er holt den Gewinn
2800 2485 3411 2549 werden, der ihr verschwiegen
1653 2513 2799 2584 Schaffens. Ein Thema für Wenige. Abrechnungen mit sich
473 2528 1627 2603 aus diesem siedenden Augenblick, trachtet darnach, einer sehr
2798 2526 3414 2603 alle Welt auf dass Theater brin
1637 2554 2797 2641 selbst stecken darin. Versuche, eine Revolte der Empfindung
465 2564 1641 2646 lebendigen Stunde „Dauer zu verleihen". Eine sonderbare
2800 2577 3411 2646 Denn Pauline und ihr Mann
1630 2593 2797 2675 niederzuwersen. Entschuldigungen, auch für Andere; und
474 2617 1628 2688 Situation. Remigio ist nämlich ein Maler, und er muß ein
2796 2611 3407 2687 miteinander verknüpft, wie Fral
1642 2642 2805 2724 doch wieder eine fast ängstl.che Exclusivität. Abneigung
468 2648 1638 2738 großer Künstler sein, denn nicht blos Paola hält ihn dafür,
2796 2662 3407 2726 verknüpft sein können. Von di
1644 2692 2798 2769 gegen die Metiermenschen. Friedensverhandlungen mit
469 2707 1639 2779 sondern auch Lionardo, der ihn ja haßt. Trotzdem wird er
2797 2714 3411 2775 scher Beziehungen ist der arme
1638 2733 2803 2813 dem naiven Leben. Zugeständnise an die bürger¬
472 2750 1624 2816 manchen Leuten ein widerwärtiger Mensch sein, ekelhaft und
2809 2755 3409 2817 versteht es nicht und wird es
1639 2769 2295 2834 lichen Naturen. Nicht etwa:
2378 2778 2703 2856 habt Recht
467 2794 1385 2864 unheimlich zugleich, der es fertig bringt
2808 2798 3408 2861 ihrem Gatten das Höchste gen
1397 2808 1633 2863 zu malen
1631 2809 2684 2888 dem und dem Punkt, sondern: Ich begreise,
2682 2819 2803 2889 daß
474 2829 1623 2897 in derselben Stunde, in der er die furchtbarste Ent¬
2803 2833 3412 2896 hoher Thaten Mutter sein. Da
1629 2850 2797 2931 wir Anderen Euch manchmal abscheulich erscheinen. Die
460 2885 1620 2948 täuschung und den bittersten Schimpf erlitten, der da an Bilder
2798 2890 3396 2945 Inhalt, und in jeuer Bildergal
1637 2903 2792 2981 Kluft wird ausgemessen, die den Künstlermenschen vom
464 2918 1627 3000 denst, wenn Menschen erstochen werden, und Farben mischt,
2783 2936 3399 2993 mit dem Dölche“ die Begebenh
1626 2947 2788 3023 Menschen scheidet. Eine verwegene Aufrichtigkeit reißt alle
453 2967 1623 3042 wenn frischvergossenes Blat den Estrich röthet. Man kann
2788 2979 3393 3028 und von Remigio, der sich an
1637 2995 2784 3064 Brücken ein, die da hinüber führen. Und trotzdem sucht eine
464 3013 1620 3080 hundertmal sagen: Die anderen, die gewöhnlichen Männer
2796 3018 3374 3078 Gattin künstlerisch begeistert.
1628 3043 2774 3107 verliebte Sehnsucht den Uebergang zum harmlos Wirklichen.
460 3046 1630 3137 alle hätten getobt, gestraft, ihrer Ehre genug gethan,
2797 3059 3400 3126 sie ein, sich dem hübschen Leon
1627 3074 2778 3157 Dann ist eine artistische Bewunderung des Lebens da. Wie
467 3101 1619 3160 gemordet: Remigio jedoch habe diesen Augenblick zur
2788 3100 3391 3163 Sinne zu flüchtiger Freude beg
1633 3110 2782 3191 man ein Genie bewundert, dem Alles in ungeahnter Ein¬
471 3139 1633 3214 Unsterblichkeit erhoben, er habe den häßlichen Auftrikt in's
2791 3150 3392 3211 de. Stirne kraust“ Es wird ih
1636 3162 2783 3237 sachheit und in höchster Vollendung mühelos gelingt. Wer
2785 3177 3391 3252 daran denkt, daß sie ihrem Ma
457 3172 1625 3251 Ewige gerückt, ihn für der Zeiten Dauer geweiht, und also
1632 3201 3396 3297 später über den Künsilerorganismus schreiben will, wird die daß ihm dies Geständniß vielle
456 3220 2605 3342 rage er weit über die Anderen hinaus. Dennoch bleibt die „Lebendigen Stunden“ in Betracht ziehen müssen.
2769 3277 3405 3345 1 unsterblichen Meisterwerk bieten
