3392 4224
256 171 393 215 —
808 2744 1647 2840 Theater und Musik.
989 2815 1463 2894 Lebendige Stunden.
777 2866 1654 2951 Einacter=Cyclus von Arthur Schnitzler.
989 2929 1462 2994 (Leipziger Schauspielhaus.)
651 2962 1861 3042 Wieder einmal ein Einacter=Cyclus, bei dem man aber den so¬
573 3015 1863 3075 genannten rothen Faden, der die vier Stückchen zusammenfassen und ab¬
575 3054 1862 3118 schließen soll wie der Rahmen das Bild, mit der Laterne suchen muß. Ge¬
573 3080 1862 3145 wiß ist der bindende Gedanke auch in dem Schnitzlerschen
574 3131 1863 3187 Werke zu finden, das, um es gleich zu sagen, am 7. ds.
571 3167 1866 3219 im hiesigen Schauspielhause einen großen Erfolg errang. Allein nur
572 3205 1869 3274 einmal, und zwar in dem zweiten der vier Stücke („Die Frau mit dem
574 3258 1864 3319 Dolche“) ist es dem Dichter gelungen, diesen bindenden Gedanken in eine Hand¬
579 3284 1865 3343 lung umzuietzen, wie es die dramatische Gattung der Poesie verlangt. In
583 3325 1856 3390 „Lebendige Stunden“, „Die letzten Masken“ und „Litteratur“
580 3360 1871 3434 wird dagegen von den lebendigen Stunden, denn diese bilden den oben
586 3400 1855 3475 erwähnten rothen Faden, nur gesprochen, und die „Ruhmlosen Helden“
578 3431 1867 3498 von Paul Busson, die uns gewiß keine besondere litterarische
579 3484 1869 3543 Hochachtung abnöthigen konnten, kommen uns, von diesem Stand¬
580 3515 1866 3584 punkte aus betrachtet, vor, wie das Werk eines Heros. Allerdings
592 3557 1868 3618 lassen sich in dem Schnitzlerschen Werke noch weitere Beziehungen fest¬
574 3606 1877 3666 stellen, die auf eine Einheulichkeit abzielen. Es sind die Figuren, die alle
584 3632 1866 3700 dem weiten Reiche der Kunst angehören, Dichter, Maler, Schauspieler und
589 3681 1871 3734 Schriftsteller, und schließlich das bei Schnitzler ständige Motiv der Be¬
588 3715 1874 3793 ziehung eines Mannes oder einer Frau zu einer oder einem zweiten
583 3748 1875 3824 anderen. Dennoch bleibt das Band, das die vier Einacter zusammen¬
898 3792 1866 3845 aus den oben angegebenen Gründen ein
581 3809 896 3861 halten soll,
1632 3830 1872 3881 Sudermann,
1012 3829 1632 3883 und auch Schnitzler hat
588 3844 1015 3900 äußerst schwaches,
585 3865 1872 3927 dem das bitiere Verdienst zufällt, unsere ganze gegenwärtige dramatische
586 3908 1871 3972 Kleinigkeitskrämerei heraufbeschworen zu haben, nur darin übertroffen, daß er
589 3952 1879 4006 nicht wie dieser in seinen „Morituri“ nur drei, sondern vier Stücke an einem
587 3972 1906 4061 Abende uns vorsetzt. Allein die „lebendigen Stunden“ werden trotz ihrer
1864 136 2054 193 e
1848 182 3137 230 dem Tode seiner Mutter so wenig leißen wie vorher. Und wenn er¬
1850 218 3125 270 sich Hausdorfer gegenüber als Titan aufspielen will und etwas
1860 249 3139 307 Großes zu ##isten versprickt, zugleich aher die Einschränkung macht,
1845 291 3143 353 daß er sich erschießen müsse, wenn es ihm nicht gelänge, so fällt
1849 341 3051 379 dieser Character in seiner Unklarheit vollkommen auseinander.
1859 352 3138 421 In der „Frau mit dem Dolche“ führt Schnitzler uns in das Reich des
1860 415 3122 458 Glaubens an die Seelenwanderung. Pauline und Leonhard treffen sich
1852 453 3136 499 in einer Gemäldeausstellung, in der ein Bild „Die Frau mit dem Dolche“
1849 486 3146 531 hängt. Die Aehnlichkeit zwischen dem Gemälde und Pauline ist auffallend.
1852 528 3138 580 Pauline versinkt in Erinnerungen, und diese Erinnerungen werden zu den
1852 567 3134 613 lebendigen Stunden, die in der folgenden Scene theatralisch wirksam dar¬
1856 592 3145 660 gestellt sind. Paola, die italienische Pauline aus dem Jahre 1530, hat sich
1847 639 3139 700 in der Abwesenheit ihres Gatten, des Malers Remigio,
2731 674 3084 735 ohne tiefere Er
1844 682 2654 732 dessen Schüler Lionardo hingegeben;
1847 705 3058 769 pfindung, rein aus fleischlicher Lust. Deßhalb haßt
2849 754 2988 811 und
2996 750 3140 811 ersticht
2521 757 2852 817 vorüber ist,
2226 757 2514 809 der Rausch
1855 765 2196 814 Lionardo, als
1853 800 3147 850 ihn, als dieser den heimgekehrten Gatten angreift, der den undank¬
1861 826 3150 885 baren Schüler nur mit Verachtung zur Thüre hinausweist und es ver¬
1856 852 3147 930 schmäht, demselben den erbetenen Todesstos zu geben. Paola steht immer
1864 921 3144 961 noch mit hocherhobenem Dolche da und blickt starr auf den am Boden
1853 946 3143 1008 liedenden Lionardo; sie giebt dem Gatten die letzte Inspiration zu einem
1855 987 3152 1040 Gemälde, dessen Abschluß ihm seither nicht recht gelingen wollte. Die Scene.
1852 1034 3152 1083 deren Fabel übrigens Hebbels Tagebüchern entnommen ist, giebt die
1857 1063 3149 1120 Emtstehungsgeschichte des Bildes „Die Frau mit dem Dolche“ und gestatten
1855 1097 3153 1155 zugleich einen Ausblick auf das Ende des Liebesverhältnisses der ver¬
1855 1145 3155 1202 heiratheten Parline mit dem jungen Leonhard. — In den „letzten
1853 1194 3155 1240 Masken“ erkennen wir die „lebendigen Stunden“ in der Scene zwischen
1857 1212 3160 1273 dem kranken Journalisten Rademacher und dem. kranken Schauspieler
1868 1262 3137 1317 Jackwerth. Rademacher hat mit seinem großen Talente nichts er¬
1856 1303 3151 1356 reicht. Das Leben führte ihn abwärts, während es seinen Jugend¬
1868 1343 3152 1391 gespielen, den Dichter Weihgast emportrua. Verbissen und mit der
1861 1371 3153 1435 Welt zerfallen, seben wir ihn todtkrank in dem Krankenhause.
1866 1420 3151 1475 Die Erfolge Weihgasts lassen ihm keine Ruhe, er möchte diesen vernichten,
1859 1452 3147 1512 er möchte ihm sagen, daß er schon vor ihm sein Weib besessen. Alles was
1872 1494 3149 1544 er auf dem Herzen hat, erfahren wir in der Scene zwischen ihm und
1865 1529 3150 1585 Jackwerth; als Weihgast aber kommt und ihm freundlich entgegentritt,
1863 1571 2987 1616 schweigt Rademacher und nimmt sein Geheimniß mit ins Grab.
3055 1609 3124 1655 der
1859 1620 3058 1659 die Figur des Rademacher ist verzeichnet. Ein Mensch,
3052 1647 3147 1693 hat
2449 1642 3052 1700 und einen anderen Grund
1859 1656 2393 1716 nur aus niederem Neid
2316 1686 3150 1743 seinen Mitmenschen vernichten will,
2128 1694 2255 1738 nicht
1861 1691 2099 1744 Rademacher
1856 1721 3153 1783 ist nicht würdig, auf der Bühne dargestellt zu wer¬
1862 1754 3161 1826 den. Rademackers Vorhaben hätte tiefer motivirt werden müssen.
1863 1803 3143 1857 Denn auch der Umstand, daß er schließlich sein Vorhaben nicht ausführt,
1868 1847 3147 1894 kann ihn nicht rehabiluiren. Die lebendigen Stunden in dem heiteren
1865 1896 3152 1933 und sehr amüsanten Stück „Litteratur“, das ja für Leipzig nicht mehr
1872 1922 3156 1972 neu war, besehen in den Erinnerungen, die der Schrifisteller Gilbert in
1871 1962 3150 2011 dem Blaustrumpf Margareihe wachruft. Sie sprechen von ihrer Münchener
1877 1994 3153 2054 Zeit, sagen sich Malicen, compromuuren sich, kurz sie entpuppen sich nach
1868 2023 3153 2085 und nach als Lit eraturlumpen allerersten Ranges, die ihre angemaßte
1873 2078 3149 2125 Größe und ihre Ueberzeugungen an den Nagel hängen, so oft nur
1878 2101 3165 2167 die äußeren Verhältnisse es als angebracht erscheinen lassen. Die Probleme
1877 2165 3164 2209 gehen in diesem Stück nicht in die Tiefe und geben Schnitzler keinen Anlaß
1862 2197 3152 2240 zu straucheln. Die Charaktere sind scharf gesehen und friich und flott hin¬
1868 2226 3164 2282 geworfen. Die Art, in der der Dichter die beiden Haupifiguren, Marga¬
1876 2284 3165 2317 rethe und Gilbert, nach und nach sich selbst emtlarven läßt, ist äußerst ge¬
1877 2310 3154 2370 schickt. „Luteratur“ ist das werthvollste unter den vier Stücken, und be¬
1877 2349 2437 2416 siegelte den Erfolg des Abends.
1946 2361 3167 2437 Unter den Darstellern verdient Herr Ernst Bornstedt an erster Stelle
1869 2424 3166 2476 genannt zu werden. Ergab in den „Lebendigen Stunden“ als Anton Hausdorfer
1861 2472 3151 2511 jenen sympathischen Menschen, den der Dichter nötvig hat, um es glaubhaft er¬
1866 2485 3165 2557 scheinen zu lassen, daß Heinrich sich über Hausdorfers Verhältniß zu seiner
1869 2542 3156 2595 Muner nicht empört. Und schließlich konnten „die letzten Masken“ nur
1866 2576 3158 2628 durch die vortreffliche Leistung des Herrn Bornstedt als Karl Rademacher!
1864 2618 3171 2670 über Wasser gehalten werden. Mit einem feinen Gefühl für das
1860 2652 3160 2707 was der Dichter an dieser Figur versehen, wußte er alles Falsche
1872 2687 3168 2744 und Niedrige zu dämpfen und zu verdecken durch die starke
1878 2743 3155 2783 Betonung des edlen Sirebens Rademachers, sowie durch eine
1881 2757 3170 2823 an das Große reichende Resignation, mu der dieser Unglückliche, der sein
1873 2809 3167 2864 Leben lang gestrebt und nichts erreicht hat, schließlich doch noch sein
1882 2844 3163 2910 Schickal trägt. — In dem gleichen Streben sehen wir Herrn Lothar;
1874 2887 3164 2940 Mehnert. Er kam Herrn Bornstedt dadurch entgegen, daß er seinem
1878 2933 3168 2981 Dichter Weihgast etwas von der Glätte und der berechnenden Liebens¬
1872 2957 3174 3015 würdigkeit eines Strebers im üblen Sinne des Wortes gab, um so
1878 3007 3173 3052 den unbegründeten Haß und Neid Rademachers begreiflicher zu machen.
1883 3037 3170 3102 Wenn dadurch auch die Figur des Weihgast etwas verlor, so hal das Stück
1877 3101 3159 3135 als solches umso mehr dadurch gewonnen, und die schauspielerische Leistung
1877 3125 3159 3175 des Herrn Mehnert verliert nichts an ihrem Werthe. Ganz in seinem
1882 3161 3164 3213 Fahrwasser war der Künstler in der „Luteratur“, wo er als Clemens ein
1879 3211 3103 3254 Meisterstück von einem blasirten Aristokraten auf die Bühne stellte.
1889 3225 3168 3303 Fräulein Margarethe Frey war vortreffuch disponirt. Sie war
1876 3284 3158 3329 ganz Blaustrumpf und ganz voll von jenen Floskeln und
1883 3313 3167 3370 Phrasen, mit denen eine gewisse Sorte weiblicher Geschöpfe sich als
1883 3357 3160 3411 das Weib an sich geriren möchte, und doch über das Weibchen nicht hmnaus¬
1881 3393 3153 3458 kommt. — Herr Arthur Egaeling hatte als Gilbert in der „Litteratur“
1886 3429 3167 3486 all die Derbheit jener Pfeudokünstler, die vor lauter Größe auf Sitie und
1880 3467 3175 3530 Anstand nicht mehr achten zu brauchen glauben. Herr Robert Forsch
1894 3506 3169 3570 führte in den „letzten Masken“ seinen Schauspieler Jackwerth mit Witz
1882 3548 3166 3607 und Geschick durch. Herr Jean Hofmann hatte in der Frau mit dem
1889 3572 3172 3645 Dolch die für den Meister Remigio nöthige Ueberlegenheit und Vornehmheit.
1887 3643 3169 3687 Herr Max Brückner war in seinen Rollen als Heinrich (Lebendige Stunden)
1882 3663 3166 3724 und als Leonhard (Frau mit dem Dolche) weich wie immer, aber auch
1882 3699 3179 3764 nicht ohne das Streben nach einer kraftvolleren Gestaltung. Fräulein
1888 3747 3175 3809 Elisabeth Anders spielte ihre Rolle als Pauline (Frau mit dem Dolche)
1892 3777 3172 3844 zu viel und lebte sie zu wenig. Die Regie war gut un so weit es die
1892 3816 3166 3879 vorhandenen Mittel zuließen, auch stimmungsvoll. Der Erfolg war, wie
1894 3841 3169 3926 schon gesagt, ein großer, und die darstellenden Künstler konnten besonders
1897 3912 3122 3970 nach den beiden letzten Stücken mehrfach vor dem Vorhange erscheinen.
2767 3932 3138 3998 Ludwig Weber.
