3532 4256
1181 167 1232 229 2
346 160 2089 273 16.1. Lebendige Stunden Zuklus
1004 801 1433 867 Telefon 12801.
523 890 1885 994 Alex. Weigl's Unternehmen für Zeitungs-Ausschnitte
1546 978 1745 1041 Ausschnitt
866 971 1494 1097 „OBSERVER“
1497 1021 1884 1128 Nr. 85
456 1073 1935 1193 I. österr. behördl. cone. Bureau für Zeitungsberichte u. Personalnachrichten
653 1158 1741 1275 Wien, IX, Türkenstrasse 17.
850 1256 1568 1342 Filiale in Budapest: „Figyelö“ —
445 1313 1901 1426 Vertretungen in Berlin, Chicago, Genf, London, Newyork, Paris, Rom, Stockholm.
450 1438 1920 1543 Aussennn aus: Vazcernne #e a##2
461 1571 663 1661 vom
796 1696 1048 1770 19U
526 2092 1668 2173 Unter dem Gesamtnamen „Lebendige Stunden“ wurden
439 2152 1668 2219 vier mnaie Finakter Arthur Schnitzlers am Deutschen Theiter zu
451 2201 1679 2242 Berkn Kuffeführt. Wir entnehmen der Besprechung Konrad Schmidt's
452 2239 1674 2297 im „Vör#“ Folgendes: Ein voller Erfolg waren die „Letzten Masken“.
437 2283 1674 2326 Da gab es keine toten Stellen. Idee und Ausführung deckten einander.
440 2324 1666 2359 Die schneidende Ironie die verhaltene Spannung, das schwermütig
447 2353 1674 2411 Grüblerische in diesen Szenen rief fast eine Erinnerung an Ibsensche
450 2396 1674 2445 Kunst wach. Ein armer Teufel von Journalist, der einsam im Spitale
451 2434 1660 2487 stirbt, will vor dem Tode noch einen alten Sstulfreund sprechen,
443 2468 1837 2524 einen hohlen, flachen Srieber, dem alle die Erfolge, nach denen er helusive
438 2507 1815 2560 selbst gerungen, mühelos in den Schoß gefallen sind. Wilder Neid [Porto.
445 2556 1822 2605 und ziellose Bosheit schütteln den Sterbenden. Er will sich rächen, und fahlbar
432 2578 1837 2657 da er selbst nicht hat glücklich sein können, das Glück des andern inVoraus
425 2626 1673 2677 Trümmer schlagen. Jener soll hören, daß seine Frau ihn betrogen,
1680 2648 1876 2715 ist das
418 2661 1666 2736 7 daß er, der Arme und Verachtete, ihre Liebe genossen hat. Aber wie
439 2702 1863 2771 nun der Gehaßte erscheint, wie er mit oberflächlich geheuchelter Teil= it es den
441 2751 1670 2792 nahme zu reden anhebt, und im selbstzufriedenen singenden Tone am
433 2785 1670 2841 Lager des Sterbenden all seine armseligen kleinen Eitelkeiten wohlgefällig
448 2809 1866 2870 zur Schau stellt, da bringt der kranke Mann kein Wort über die Lippen. iltend die
409 2862 1659 2909 h Wie aus unendlicher Entfernung klingt das fade Gerede an sein Ohr.
1668 2866 1866 2923 orgen¬
414 2894 1851 2965 Y So jamiervoll und kleinlich ist das alles, daß fast ein Mitleid mit dem Zeitung“)
397 2948 1849 2989 c andern sich im Herzen regt. Das Gefühl der Majestät und der befreien= che Leben
426 2979 1861 3061 W den Größe des Todes erwachte bei diesem Anblick zum ersten Mal in heilungen
447 3020 1669 3078 ihm; und Staunen faßt ihn, daß er so hat hassen können. Er schweigt:
447 3055 1662 3115 und ahnungslos, welch' tötliche Verwundung ihm zugedacht war, trollte
452 3102 1674 3147 das bedrohte Gückskind — Bassermann war schlechthin meisterhaft
444 3130 1672 3184 in dieser Rolle — selbstgefällig weiter. — Noch lauter als dieser Erfolg
440 3177 1667 3237 war der des kleinen Schwankes „Litteratur“, mit dem der Abend abschloß.
437 3213 1666 3267 Der Dialog sprühte und funkelte von Munterkeit. Es war der leicht
447 3252 1669 3306 tändelnde, etwas frivole Stil der „Anatol“szenen, aber durch einen
442 3292 1669 3350 völlig neuen Inhelt weit über das frühere Niveau herausgehoben.
434 3336 1667 3383 Ein Dämchen und ein Herr, die einen Liebesroman mit einander er¬
431 3369 1679 3417 lebt, haben jeder für sich, ihre Sensationen, samt allen dazumal ge¬
434 3406 1667 3451 wechselten Liebesbriefen zum Roman verarbeitet. Da die Poetendame
443 3448 1667 3509 jetzt einen aristokratischen Liebhaber und Bräutigam in Spa ge¬
428 3491 1671 3532 wonnen hat, ergeben sich bei dem Zusammentreffen der beiden Roman¬
442 3526 1664 3580 ziers die lustigsten Situationen. Launiger ist die liebe Litteraten¬
434 3561 1667 3633 Eitelkeit kaum jemals von der Bühne herab verspottet worden. Ge¬
446 3602 1259 3671 spielt wurde auch hier wieder ganz vortrefflich.
2179 171 2644 278 box 21/2
2472 896 2895 994 Telefon 12801.
2014 996 3361 1076 Alex. Weigl’s Unternehmen für Zeitungs-Ausschnitte
3018 1063 3219 1122 Ausschaltt
2335 1112 3353 1223 „OBSERVER N. 93
1976 1194 3402 1273 # österr. behördl. conc. Bureau für Zeitungsberichte u. Personalnachrichten
2134 1272 3238 1364 Wien, IX/,, Türkenstrasse 17.
2335 1354 3033 1452 Filiale in Budapest: „Figyelö“ —
1945 1427 3386 1517 Vertretungen in Berlin, Chicago, Genf, London, Newyork, Paris, Rom, Stockholm.
1938 1548 2487 1636 Ausschnitt aus:
2568 1595 3102 1727 Drescner Zest¬
1943 1705 2428 1821 or 4/ 77.
2162 2089 3363 2271 —ecanfvieldrontk. Die dier Gnckier von Kitunft
2045 2140 3338 2288 Schnitzler, die am Sonnabend im Deutschen Theater in Berlin!
2039 2202 3325 2335 zur Aufführung gelangten, spiegeln das Verhältniß der Wirklichkeit,
2059 2240 3330 2381 die der Künstler lebt, zur Welt seiner Kunst. Die beiden ersten Stücke
2043 2291 3323 2445 „Lebendige Stunden“ und „Die Frau mit dem
2048 2335 3325 2505 Dolche“ mutheten etwas theoretisch an; die beiden anderen „Die
2041 2374 3304 2537 letzten Masken“ und „Literatur“ waren glücklich und
2036 2425 3364 2583 lebensvoll gestaltet und voll überlegenen Humors. Sie fanden starken,
2026 2473 3301 2616 verdienten Beifall. — Otto Julius Bierbaum hat seinen Vertrag
1980 2522 3343 2679 rm dem Berliner Trianon=Theater nach gütlicher Vereinbarung gelöstir
2009 2570 3360 2726 und ist von der Leitung dieser Bühne zurückgetreten. — Im Mürhenerjus
2018 2622 3388 2793 Schauspielhause konnte am Sonnabend Strindbergs chau 11 aus
2002 2664 3388 2832 spiel „Ostern“ ein Gemisch von Tiefsinn und Verworrenheit, nur  gen
2000 2732 3286 2889 unter starkem Protest des Publikums zu Ende gespielt werden. —
2008 2787 3309 2921 „Die berühmte Tragödie“, ein Künstlerdrama in einem16
1951 2836 3396 2962 4 Bufzug von Karl Böttcher, wurde vom Hoftheater in Alten¬# die
1976 2875 3374 3037 burg sowie vom Deutschen Theater in London zur Aufführung ange=Igen¬
1978 2934 2207 3010 nommen.
3242 2992 3391 3053 gung“)
1963 2980 2452 3046 l
1961 3026 3383 3085 wodurch eine Uebersicht über das gesammte politische undewiLeben
1959 3064 3392 3135 d.s In- und Auslandes in drastischer Kürze geboten wird. Diese Mittheilungen
1967 3108 2763 3184 werden in Wien um 9 Uhr Früh verschickt.
2256 3175 3088 3270 Prospecte gratis und franco.
