3484 4320
2025 223 2493 318 box 21/5
324 223 2023 308 16.1. Lebendige Stunden zyklus
1576 702 2045 792 Telephon 12801.
1195 800 2426 890 Alex. Weigl’s Unternehmen für Zeitungs-Ausschnitte
2090 858 2367 964 e Ausschnitt
1440 918 2115 1014 „OBSEHVEN
2209 915 2368 1013 Nr.
2366 935 2500 1013 80
966 932 1301 1036 rae
1080 985 2544 1085 I. östefr. behördl. oono. Bureau für Zeitungsberichte u. Personalnachrichten
1359 1060 2285 1141 Wien, I., Concondiaplatz 4.
1090 1113 2552 1195 Vertretungen in Berlin, Budapest, Chicago, Genf, London, Newyork, Paris, Rom.
1463 1177 2171 1245 Stockholm, Kristiania, St. Petersburg.
1087 1282 2347 1375 Ausschnitt aus: Berliner Börsen-Courier
1078 1429 1726 1528 vom: 743
1663 1691 1748 1776 *
1406 1769 2074 1842 Vor den Coulissen.
1239 1834 2241 1895 Der Telegraph meldete uns gestern schon, daß der
1193 1880 2243 1930 [Bauernfeld=Preis soeben Schnitzler für
1282 1930 2248 1973 „Lebendigen Stunden“ verliehen wurde. Unser
1198 1960 2255 2027 Wiener Correspondent schreibt uns inzwischen
1188 1997 2136 2063 vom 16. d., dem Vorabend der Preisertheilung:
1250 2030 2252 2092 Das Volkstheater hat offenbar kein rechtes Zu¬
1199 2071 2245 2130 trauen zu dem „Lebendigen Stunden"=Cyklus Arthur
1208 2133 2254 2177 Schnitzler's oder zu seinen Kräften gehabt — sonst ist
1201 2165 2251 2222 schlechterdings nicht zu erklären, weshalb es diese
1209 2196 2266 2256 durch das Ensemble des „Deutschen Theaters“ seit
1203 2251 2316 2302 dem Mai des Vorjahres hier accreditirten Werke, in 5.—
1199 2286 2317 2340 denen so viel feine Kunst, so viel gesunde Beobachtung, 8.—
2342 2239 2512 2356 peine
1209 2328 2306 2376 so viel wirksames Bühnenelement steckt, nahezu ein0.—
2325 2343 2526 2398 Zahlbar
1202 2369 2304 2421 Jahr hindurch sozusagen aufs Eis legte. Und das 0. —
1198 2380 2557 2459 Volkstheater hat gerade in diesem Jahre gute Stücke)0.—] im Voraus.
1199 2443 2558 2499 mit literarischer Marke so sehr nöthig!! Dassschnitte ist dus
1197 2491 2566 2549 Schnitzler'sche Viergespann scheint auch diesmal, such steht es den
1196 2529 2441 2603 trotzdem es in zweiter, aber nicht in allen Stücken zu ändern.
1870 2574 2247 2626 ziehen zu wollen.
1200 2576 1814 2623 verbesserter Auflage erscheint
1196 2618 2574 2670 Wenigstens sah sich die Direction veranlaßt, nach=g enthaltend die
1194 2664 2573 2713 träglich das Repertoire der Woche zu ändern und diener Morgen¬
1206 2693 2550 2753 „Lebendigen Stunden“ statt zweimal — viermal Wiener Zeitung“)
1203 2730 2574 2795 anzusetzen. Die Wirkung der spannenden Stücke ami wirthschaftliche
1204 2786 2561 2832 ersten Abend war ungleich. Das Einleitungs=Stück wird. Diese Mit¬
1201 2818 2245 2876 mit seiner seinen Psychologie, mit seiner asch¬
1198 2863 2242 2917 grauen Stimmung („Lebendige Stunden“) versagte
1194 2913 2249 2965 fast, allerdings durch die Schuld der Darsteller. Wie
1200 2945 2246 2994 verstanden es doch die Herren Reinhardt und
1184 2970 2252 3039 [Rittner den Wegen, die Schnitzler vorgezeichnet,
1192 3022 2267 3085 nachzugehen! Dafür packte um so kräftiger die
1194 3056 2253 3119 [„Frau mit dem Dolche“ in der die Sandrock
1199 3106 2250 3171 ganz merkwürdige Töne fand und Kramer von
1193 3138 2256 3204 #leidenschaftlichster Beredtsamkeit, von wilder Begierde
1187 3184 2240 3237 #woar. Mit großer Spannung, mit wirklicher, tiefer
1184 3228 2246 3278 Antheilnahme folgte das Publikum auch den „letzten
1178 3265 2247 3337 janasken“, die burgtheaterwürdig aufgeführt wurden.
1214 3308 2243 3366 esbesondere ein junger Schauspieler, Herr Brandt,
1198 3338 2246 3407 ayrte und erschütterte durch die Zeichnung des brust¬
1198 3387 2244 3453 kranken Komikers mit dem Kainszeichen des Todes im
1198 3430 2248 3474 Auge und auf der Wange. Kramer spielte den
1187 3479 2233 3525 Weihgast mit guter Beobachtung, Weisse war
1189 3509 2233 3564 etwas conventionell, aber wirksam als Rademacher.
1196 3551 2244 3603 Gleich einem Brillantfeuerwerk des Witzes zündete
1198 3595 2246 3641 wieder „Literatur“. Jede Wendung des Dialogs,
1195 3638 2237 3695 jede Bewegung der agirenden Personen weckte
1193 3679 2237 3730 stürmische Heiterkeit. Die Sandrock zeigte eine fomose
1198 3715 2246 3770 Lustspiellaune und ungeahnte parodistische Feinheiten.
1199 3757 2241 3812 Kramer als Baren, namentlich aber Kutschera als
1194 3796 2238 3860 Gilbert secundirten auf's Beste. Es war eine lebendige
1183 3829 2181 3909 halbe Stunde ungebundener Fröhlichkeit. S. L.
2141 3885 2196 3941 6
