3392 4224
1175 264 1240 323 H
229 240 2502 339 16.1. Lebendige Stunden Zuklus box 21/3
1730 535 2201 606 iger Leuen
1742 558 3092 651 inneren Mängel noch oft wiederkehren, ja wir glauben, daß sie em Zugstück
1763 612 3099 685 des Schau vielhauses werden, wenn die Direction sich enschließt, das erste
1781 648 3087 709 Stück zu streichen, das in seiner Formlosigkeit einen bedenklichen Schatten
1770 698 2898 753 über die ganze erste Hälfte des Premièrenabens geworfen hat.
1846 712 3086 788 Die lebendigen Stunden in dem ersten gleichnamigen Stücke besiehen!
1775 751 3092 833 in den Erinnerungen an die todie Mutter Heinrichs, in denen sich dieser und
1771 796 3082 869 Anton Hausdorfer, ein pensionirter Beamter, ergehen. In einem lang¬
1769 854 3083 899 aihmigen Dialog wird gesagt, daß Heinrich ein Dichter wäre,
1777 885 3085 948 daß sein Vaier seine Mutter einer Geliebten wegen ver¬
1770 917 3075 995 lassen, und daß seitdem Anton Hausdorfer der Freund von
1784 957 3089 1028 Heinrichs Mutter gewesen. Schließlich erfahren wir, daß die Mutter ihre 2
1790 1011 3090 1066 langwierigen Leiden durch Morphium ein Ende gemacht, und zwar Heinri#“
1782 1034 3084 1108 wegen, weil dieser, wie er sagt, von dem Anblick seiner kranken Mulker
1794 1071 3096 1143 sich derart niedergedrückt fühlt, daß es ihm nicht mehr möglich ist, etwas
1781 1119 3098 1174 Ordentliches zu schaffen. Daß eine Mutter dieses Opfer bringt, ist begreif¬
1784 1160 3095 1218 lich. Seelisch vergriffen ist dagegen dieser Heinrich, der sich wie ein Ganzer
1794 1197 3076 1262 geberdet und noch nicht einmal ein Halber ist. Er ist eins jener Pfeuda 1
1788 1225 3071 1296 talente, die einmal in ihrem Leben, meist aus lyrischen Anlässen, etwa
1797 1275 3043 1333 fertig bringen, und dann für alle Zeiten ausgeschöpft sind. Er ist eine
1791 1300 3066 1384 jener Schwächlinge, die für ihre schöpferische Impotenz in jedem Falle
1794 1329 3091 1413 eine andere Entschuldigung zur Hand haben. Deshalb wird er auch nach
1791 1386 3094 1452 dem Tode seiner Mutter so wenig leisten wie vorher. Und wenn er
1798 1427 3095 1493 sich Hausdorfer gegenüber als Titan aufspielen will und etwas
1796 1458 3090 1530 Großes zu leisten verspricht, zugleich aber die Einschränkung macht
1794 1497 3086 1569 daß er sich erschießen müsse, wenn es ihm nicht gelänge, so fällt
1794 1548 3023 1607 dieser Chracter in seiner Unklarheit vollkommen auseinander.
1795 1582 3089 1651 In der „„rau mit dem Dolche“ führt Schnitzler uns in das Reich des
1801 1622 3100 1685 Glaubers an die Seelenwanderung. Pauline und Leonhard treffen sich!
1792 1660 3087 1731 in einer Gemäldeausstellung, in der ein Bild „Die Frau mit dem Dolche“
1803 1679 3094 1768 hängt. Die Aehnlichkeit zwischen dem Gemälde und Pauline ist auffallend.
1797 1734 3108 1801 Pauline versinkt in Erinnerungen, und diese Erinnerungen werden zu den
1807 1774 3095 1851 lebendigen Stunden, die in der folgenden Seene theatralisch wirksam dar¬
1796 1815 3100 1890 gestellt sind. Paola, die italienische Pauline aus dem Jahre 1530. hat sich
1797 1859 3100 1924 in der Abwesenheit ihres Gatten, des Malers Remigio,
2693 1894 3033 1959 ohne tiefere E¬
1803 1890 2589 1970 dessen Schüler Lionardo hingegeben;
2674 1926 3022 1997 Deßhalb haßt
2039 1920 2671 2004 rein aus fleischlicher Lust.
1796 1950 2011 2015 pfindung
2794 1962 3114 2024 und ersticht
2477 1976 2662 2032 vorüber
2145 1972 2493 2034 der Rausch
1810 1992 2145 2052 Lionardo, als
1813 2011 3107 2079 ihn, als dieser den heimgekehrten Gaten angreift, der den undank¬
1803 2043 3097 2115 baren Schüler nur mit Verachtung zur Thüre hinausweist und es ver¬
1806 2081 3108 2161 schmäht, demselben den erbetenen Todesstos zu geben. Paola steht immer
1806 2128 3100 2194 noch mit hocherhobenem Dolche da und blickt starr auf den am Boden¬
1809 2161 3112 2235 liedenden Lionardo; sie giebt dem Gatten die letzte Inspiration zu einem
1807 2204 3104 2266 Gemälde, dessen Abschluß ihm seither nicht recht gelingen wollte. Die Scene,
1804 2246 3057 2312 deren Fabel übrigens Hebbels Tagebüchern entnommen ist, giebt d
1805 2280 3116 2355 Entstehungsgeschichte des Bildes „Die Frau mu dem Dolche“ und gestette#
1803 2309 3111 2398 zugleich einen Ausblick auf das Ende des Liebesverhältnisses der ver¬
1811 2357 3117 2427 heiratheten Pauline mit dem jungen Leonhard. — In den „letzten
1812 2394 3105 2465 Masken“ erkennen wit die „lebendigen Stunden“ in der Scene zwischen
1807 2434 3112 2504 dem kranken Journalisten Rademacher und dem kranken Schauspieler
1813 2469 3115 2546 Jackwerth. Rademacher hat mit seinem großen Talente nichts er¬
1804 2519 3109 2589 reicht. Das Leben führte ihn abwärts, während es seinen Jugend¬
1810 2541 3120 2618 gespielen, den Dichter Weihgast emportrua. Verbissen und mit der
1815 2597 3109 2660 Wel zerfallen, seten wir ihn todtkrank in dem Krankenhause.
1820 2636 3105 2701 Die Erfolge Weihgasts lassen ihm keine Ruhe, er möchte diesen vernichten,
1822 2672 3113 2742 er möchte ihm sagen, daß er schon vor ihm sein Weib besessen. Alles was
1828 2709 3125 2775 er auf dem Herzen hat, erfahren wir in der Scene zwischen ihm und
1815 2748 3112 2818 Jackwerth; als Weihgaft aber kommt und ihm freundlich entgegentritt,
2938 2790 3113 2841 — Auch
1819 2792 2948 2850 schweigt Rademacher und mimint sein Geheimniß mi ins Grab.
3013 2826 3127 2882 der
1820 2823 3022 2899 die Figur des Rademacher ist verzeichnet. Ein Mensch,
2423 2867 3130 2930 und einen anderen Grund hat
1819 2881 2381 2942 nur aus niederem Neid —
2272 2893 3125 2963 seinen Mitmenschen vernichten will,
2088 2920 2215 2965 nicht
1820 2922 2068 2970 Rademacher
2986 2942 3115 2991 wer¬
2506 2936 2998 3003 Bühne dargestellt zu
1825 2946 2502 3017 ist nicht würdig, auf der
1826 2980 3125 3050 den. Rademackers Vorhaben hätte tiefer motivirt werden müssen.
1825 3021 3114 3085 Denn auch der Umstand, daß er schließlich sein Vorhaben nicht ausführt,
1819 3061 3119 3131 kann ihn nicht rehabilitiren. Die lebendigen Stunden in dem heiteren
1830 3107 3127 3165 und sehr amüsanten Stück „Litteratur“, das ja für Leivzig nicht mehr
1819 3136 3130 3199 neu war, besiehen in den Erinnerungen, die der Schrifisteller Gilbert in
1822 3165 3124 3243 dem Blaustrumpf Margareihe wachrun. Sie sprechen von ihrer Münchener
1834 3212 3117 3287 Zeit, sagen sich Malicen, compromutren sich, kurz sie entpuppen sich nach
1824 3252 3122 3321 und nach als Lit eraturlumpen allerersten Ranges, die ihre angemaßte
1834 3288 3134 3356 Größe und ihre Ueberzeugungen an den Nagel hängen, so oft nur
1827 3341 3127 3400 die äußeren Verhältnisse es als angebracht erscheinen lassen. Die Probleme
1830 3364 3135 3443 gehen in diesem Stück nicht in die Tiefe und geben Schnitzler keinen Anlaß
1837 3404 3136 3485 zu strancheln. Die Charaktere sind scharf gesehen und friich und flott hin¬
1839 3432 3133 3519 geworfen. Die Art, in der der Dichter die beiden Haupifiguren, Marga¬
1827 3474 3140 3555 rethe und Gubert, nach und nach sich selbst emtlarven läßt ist äußerst ge¬
1833 3531 3141 3591 schickt. „Luteratur“ ist das werthvollste unter den vier Stücken, und be¬
1836 3570 2412 3639 siegelte den Erfolg des Abends.
1917 3578 3148 3670 Unter den Darstellern verdient Herr Ernst Bornstedt an erster Stelle
1832 3633 3145 3711 genannt in werden. Ergab in den „Lebendigen Stunden“als Anton Hausdorfer
1833 3679 3136 3753 jenen sympathischen Menschen, den der Dichter nötvig hat, um es glaubhaft er¬
1835 3714 3142 3789 scheinen zu lassen, daß Heinrich sich über Hausdorfers Verhältniß zu seiner
1841 3756 3143 3824 Muner nicht empört. Und schließlich konnten „die letzten Masken“ nur
1836 3795 3141 3858 durch die vortreffliche Leistung des Herrn Bornstedt als Karl Rademacher
1839 3836 3139 3905 über Wasser gehalten werden. Mit einem feinen Gefühl für das
1846 3871 3146 3944 was der Dichter an dieser Figur versehen, wußte er alles Falsche!
1845 3910 3147 3980 und Niedrige zu dämpfen und zu verdecken durch die starke!
1838 3939 3144 4012 Betonung des edlen Sirebens Rademachers, sowie durch eine
1840 3981 3146 4053 an das Große reichende Resignation, mu der dieser Unglückliche, der sein
776 3978 1622 4084 Theater und Mlusik.
1844 4024 3146 4102 Leben lang gestrebt und nichts erreicht hat, schließlich doch noch sein
957 4051 1441 4137 Lebendige Stunden.
1855 4077 3138 4135 Schicktal trägt. — In dem gleichen Streben sehen wir Herrn Lothar
1851 4099 3144 4174 Mehnert. Er kam Herrn Bornstedt dadurch entgegen, daß er seinem
754 4099 1636 4188 Einacter=Cyclus von Arthur Schnitzler.
2112 4140 3171 4203 ast eiwas von der Glätte und der berechnenden Liebens¬
