<?xml version="1.0" encoding="UTF-8" standalone="yes"?>
<PcGts xmlns="http://schema.primaresearch.org/PAGE/gts/pagecontent/2013-07-15" xmlns:xsi="http://www.w3.org/2001/XMLSchema-instance" xsi:schemaLocation="http://schema.primaresearch.org/PAGE/gts/pagecontent/2013-07-15 http://schema.primaresearch.org/PAGE/gts/pagecontent/2013-07-15/pagecontent.xsd">
    <Metadata>
        <Creator>prov=University of Rostock/Institute of Mathematics/CITlab/Gundram Leifert/gundram.leifert@uni-rostock.de:name=ONB_Newseye_GT_M1+(htr_id=10810)::::v=2.4.2
prov=University of Rostock/Institute of Mathematics/CITlab/Tobias Gruening/tobias.gruening@uni-rostock.de:name=de.uros.citlab.module.baseline2polygon.B2PSeamMultiOriented:v=2.4.2
prov=University of Rostock/Institute of Mathematics/CITlab/Tobias Gruening/tobias.gruening@uni-rostock.de:name=/mnt/transkribus/LA/DEA/URO/LA_news_onb_att.pb:de.uros.citlab.segmentation.CITlab_LA_ML:v=2.4.2
Transkribus</Creator>
        <Created>2019-10-07T11:35:07.648+02:00</Created>
        <LastChange>2019-10-08T16:44:22.567+02:00</LastChange>
        <TranskribusMetadata docId="223975" pageId="9501483" pageNr="355" tsid="16601961" status="IN_PROGRESS" userId="40391" imgUrl="https://files.transkribus.eu/Get?id=IIZTIAEPSNWANELHAQLEKNBL&amp;fileType=view" xmlUrl="https://files.transkribus.eu/Get?id=TCMDCMDVYUFBZQVDWEHSDKGI" imageId="6191705"/>
    </Metadata>
    <Page imageFilename="223975_0355.jpeg" imageWidth="3484" imageHeight="4224">
        <ReadingOrder>
            <OrderedGroup id="ro_1711449852252" caption="Regions reading order">
                <RegionRefIndexed index="0" regionRef="r1"/>
                <RegionRefIndexed index="1" regionRef="r2"/>
            </OrderedGroup>
        </ReadingOrder>
        <TextRegion orientation="0.0" id="r1" custom="readingOrder {index:0;}">
            <Coords points="356,150 356,3030 1987,3030 1987,150"/>
            <TextLine id="r1l1" custom="readingOrder {index:0;}">
                <Coords points="344,214 1984,242 1998,163 1686,139 1612,196 1319,126 346,132"/>
                <Baseline points="356,173 437,180 519,187 600,192 682,197 763,201 845,203 926,206 1008,208 1089,209 1171,210 1253,211 1334,212 1416,212 1497,213 1579,214 1660,215 1742,216 1823,218 1905,220 1987,223"/>
                <TextEquiv>
                    <Unicode>16.1. Lebendige Stunden—zuklus</Unicode>
                </TextEquiv>
            </TextLine>
            <TextLine id="r1l2" custom="readingOrder {index:1;}">
                <Coords points="424,1181 1660,1188 1607,1135 424,1145"/>
                <Baseline points="435,1182 495,1183 556,1183 617,1183 678,1183 738,1184 799,1184 860,1184 921,1185 981,1185 1042,1185 1103,1186 1164,1186 1224,1187 1285,1187 1346,1187 1407,1188 1467,1188 1528,1188 1589,1188 1650,1189"/>
                <TextEquiv>
                    <Unicode>dem Verlust an Ehre, der aus ihm erwächst, eine</Unicode>
                </TextEquiv>
            </TextLine>
            <TextLine id="r1l3" custom="readingOrder {index:2;}">
                <Coords points="421,1221 541,1252 1667,1233 1667,1200 1490,1191 421,1190"/>
                <Baseline points="431,1229 492,1229 553,1230 614,1230 676,1231 737,1232 798,1232 859,1233 921,1233 982,1234 1043,1234 1104,1234 1166,1235 1227,1235 1288,1235 1349,1236 1411,1236 1472,1236 1533,1236 1594,1236 1656,1236"/>
                <TextEquiv>
                    <Unicode>leoninische Theilung zwischen dem Arbeitgeber und</Unicode>
                </TextEquiv>
            </TextLine>
            <TextLine id="r1l4" custom="readingOrder {index:3;}">
                <Coords points="425,1305 1667,1288 1667,1251 1608,1243 425,1250"/>
                <Baseline points="435,1280 496,1281 557,1281 618,1282 679,1282 740,1283 801,1283 862,1283 923,1283 984,1283 1045,1283 1106,1283 1167,1283 1228,1283 1289,1283 1350,1284 1411,1284 1472,1284 1533,1284 1594,1285 1656,1285"/>
                <TextEquiv>
                    <Unicode>den jjournalistischen Arbeitnehmern stattfinden. Je</Unicode>
                </TextEquiv>
            </TextLine>
            <TextLine id="r1l5" custom="readingOrder {index:4;}">
                <Coords points="434,1338 1665,1333 1653,1288 435,1295"/>
                <Baseline points="445,1326 505,1327 565,1329 626,1330 686,1331 747,1331 807,1332 868,1333 928,1334 989,1334 1049,1335 1109,1335 1170,1335 1230,1336 1291,1336 1351,1336 1412,1336 1472,1336 1533,1336 1593,1336 1654,1336"/>
                <TextEquiv>
                    <Unicode>reichlicher bemessen der Antheil ist, den sich der</Unicode>
                </TextEquiv>
            </TextLine>
            <TextLine id="r1l6" custom="readingOrder {index:5;}">
                <Coords points="424,1383 1476,1404 1677,1373 1565,1335 424,1352"/>
                <Baseline points="435,1380 496,1380 558,1380 619,1381 681,1381 742,1382 804,1382 865,1382 927,1383 988,1383 1050,1383 1112,1384 1173,1384 1235,1384 1296,1384 1358,1385 1419,1385 1481,1385 1542,1385 1604,1385 1666,1385"/>
                <TextEquiv>
                    <Unicode>Herausgeber vom Geldertrag des Zeitungsgeschäftes</Unicode>
                </TextEquiv>
            </TextLine>
            <TextLine id="r1l7" custom="readingOrder {index:6;}">
                <Coords points="433,1421 1586,1450 1661,1438 1662,1385 434,1395"/>
                <Baseline points="444,1427 504,1428 564,1429 625,1430 685,1430 746,1431 806,1431 866,1432 927,1432 987,1432 1048,1432 1108,1432 1168,1432 1229,1432 1289,1432 1350,1432 1410,1432 1470,1432 1531,1433 1591,1433 1652,1434"/>
                <TextEquiv>
                    <Unicode>vorbehält und je karger den Schreibsclaven der</Unicode>
                </TextEquiv>
            </TextLine>
            <TextLine id="r1l8" custom="readingOrder {index:7;}">
                <Coords points="428,1488 1589,1502 1655,1454 429,1445"/>
                <Baseline points="439,1476 499,1477 559,1478 619,1479 680,1480 740,1480 800,1481 861,1481 921,1481 981,1482 1042,1482 1102,1482 1162,1482 1222,1482 1283,1483 1343,1483 1403,1483 1464,1483 1524,1484 1584,1484 1645,1484"/>
                <TextEquiv>
                    <Unicode>Corruption der Lohn zugemessen wird, ein desto ge¬</Unicode>
                </TextEquiv>
            </TextLine>
            <TextLine id="r1l9" custom="readingOrder {index:8;}">
                <Coords points="428,1531 1527,1553 1669,1507 428,1488"/>
                <Baseline points="438,1527 499,1528 560,1529 621,1530 682,1530 743,1531 804,1531 865,1531 926,1531 987,1532 1048,1532 1109,1532 1170,1532 1231,1533 1292,1533 1353,1534 1414,1534 1475,1535 1536,1536 1597,1537 1659,1538"/>
                <TextEquiv>
                    <Unicode>häufteres Mass der Missachtung, die das corrupte</Unicode>
                </TextEquiv>
            </TextLine>
            <TextLine id="r1l10" custom="readingOrder {index:9;}">
                <Coords points="427,1581 1506,1602 1660,1572 1333,1530 428,1539"/>
                <Baseline points="437,1576 497,1577 558,1577 618,1578 679,1578 740,1579 800,1579 861,1579 922,1580 982,1580 1043,1581 1104,1581 1164,1581 1225,1582 1286,1582 1346,1582 1407,1582 1468,1583 1528,1583 1589,1583 1650,1583"/>
                <TextEquiv>
                    <Unicode>Treiben erntet, soll durch die Schaffung einer</Unicode>
                </TextEquiv>
            </TextLine>
            <TextLine id="r1l11" custom="readingOrder {index:10;}">
                <Coords points="423,1638 1547,1652 1665,1620 1551,1584 423,1593"/>
                <Baseline points="433,1630 494,1629 555,1628 616,1628 677,1628 738,1628 799,1628 860,1628 921,1629 982,1629 1044,1630 1105,1630 1166,1631 1227,1631 1288,1632 1349,1632 1410,1632 1471,1632 1532,1631 1593,1631 1655,1630"/>
                <TextEquiv>
                    <Unicode>Zeitungsehre, von der für jeden Redacteur sein Theil</Unicode>
                </TextEquiv>
            </TextLine>
            <TextLine id="r1l12" custom="readingOrder {index:11;}">
                <Coords points="430,1680 1223,1711 1268,1681 1640,1690 1670,1633 430,1635"/>
                <Baseline points="440,1681 504,1681 568,1681 632,1681 696,1681 760,1681 824,1681 889,1681 953,1681 1017,1681 1081,1681 1145,1681 1209,1681 1274,1681 1338,1681 1402,1682 1466,1682 1530,1683 1594,1683 1659,1684"/>
                <TextEquiv>
                    <Unicode>abtiele, vom Chef auf die Untergebenen überwälzt</Unicode>
                </TextEquiv>
            </TextLine>
            <TextLine id="r1l13" custom="readingOrder {index:12;}">
                <Coords points="433,1734 1663,1727 1647,1684 1220,1711 433,1679"/>
                <Baseline points="442,1727 502,1728 563,1728 623,1729 684,1729 744,1729 805,1729 865,1729 926,1729 986,1729 1047,1729 1107,1729 1168,1730 1228,1730 1289,1730 1349,1731 1410,1731 1470,1732 1531,1733 1591,1734 1652,1735"/>
                <TextEquiv>
                    <Unicode>werden. Nichts ist natürlicher, als dass aus der</Unicode>
                </TextEquiv>
            </TextLine>
            <TextLine id="r1l14" custom="readingOrder {index:13;}">
                <Coords points="435,1784 1665,1780 1665,1746 1557,1731 435,1731"/>
                <Baseline points="445,1779 505,1779 565,1778 626,1778 686,1777 747,1777 807,1777 868,1777 928,1777 989,1777 1049,1777 1109,1777 1170,1778 1230,1778 1291,1779 1351,1779 1412,1780 1472,1781 1533,1781 1593,1782 1654,1783"/>
                <TextEquiv>
                    <Unicode>lärmend angekündigten Kundgebung der Wiener</Unicode>
                </TextEquiv>
            </TextLine>
            <TextLine id="r1l15" custom="readingOrder {index:14;}">
                <Coords points="434,1828 1548,1850 1658,1822 1548,1784 434,1797"/>
                <Baseline points="445,1827 505,1826 565,1826 625,1825 685,1825 745,1825 805,1825 865,1826 925,1826 985,1826 1046,1827 1106,1827 1166,1828 1226,1828 1286,1829 1346,1829 1406,1830 1466,1830 1526,1830 1586,1830 1647,1830"/>
                <TextEquiv>
                    <Unicode>Journalistik gegen den Obersten Gerichtshof schliess¬</Unicode>
                </TextEquiv>
            </TextLine>
            <TextLine id="r1l16" custom="readingOrder {index:15;}">
                <Coords points="427,1871 1647,1902 1629,1832 427,1836"/>
                <Baseline points="436,1874 496,1875 556,1875 616,1876 676,1876 736,1876 796,1876 856,1876 916,1877 976,1877 1036,1877 1096,1877 1156,1877 1216,1878 1276,1878 1336,1879 1396,1879 1456,1880 1516,1880 1576,1881 1637,1882"/>
                <TextEquiv>
                    <Unicode>lich ein Protest der Unternehmer unserer Concordia¬</Unicode>
                </TextEquiv>
            </TextLine>
            <TextLine id="r1l17" custom="readingOrder {index:16;}">
                <Coords points="421,1916 1664,1940 1664,1881 422,1881"/>
                <Baseline points="432,1928 493,1928 554,1927 615,1927 676,1927 737,1927 798,1927 859,1927 920,1928 981,1928 1042,1929 1103,1929 1164,1929 1225,1930 1286,1930 1347,1931 1408,1931 1469,1931 1530,1932 1591,1932 1653,1932"/>
                <TextEquiv>
                    <Unicode>Blätter wurde. Er vollzog sich, wie man erzählt, in</Unicode>
                </TextEquiv>
            </TextLine>
            <TextLine id="r1l18" custom="readingOrder {index:17;}">
                <Coords points="434,1979 1623,1996 1656,1943 434,1947"/>
                <Baseline points="443,1978 503,1977 563,1975 623,1975 683,1975 743,1974 803,1975 863,1975 923,1975 983,1976 1044,1976 1104,1977 1164,1978 1224,1979 1284,1979 1344,1980 1404,1980 1464,1980 1524,1981 1584,1981 1645,1980"/>
                <TextEquiv>
                    <Unicode>vollzähliger Abwesenheit aller jener der Concordia</Unicode>
                </TextEquiv>
            </TextLine>
            <TextLine id="r1l19" custom="readingOrder {index:18;}">
                <Coords points="425,2022 1667,2035 1649,1992 425,1984"/>
                <Baseline points="435,2027 496,2027 557,2026 618,2026 679,2026 740,2026 801,2026 862,2026 923,2026 984,2026 1045,2027 1106,2027 1167,2027 1228,2028 1289,2028 1350,2028 1411,2028 1472,2028 1533,2028 1594,2028 1656,2027"/>
                <TextEquiv>
                    <Unicode>angehörenden Journalisten, die zum Protest gegen</Unicode>
                </TextEquiv>
            </TextLine>
            <TextLine id="r1l20" custom="readingOrder {index:19;}">
                <Coords points="430,2090 1666,2101 1667,2035 430,2041"/>
                <Baseline points="441,2073 501,2074 562,2074 623,2075 684,2075 745,2076 805,2076 866,2076 927,2076 988,2076 1049,2076 1109,2076 1170,2076 1231,2076 1292,2076 1353,2076 1413,2076 1474,2076 1535,2077 1596,2077 1657,2077"/>
                <TextEquiv>
                    <Unicode>einen Versuch, die persönliche Ehre der im Zeitungs¬</Unicode>
                </TextEquiv>
            </TextLine>
            <TextLine id="r1l21" custom="readingOrder {index:20;}">
                <Coords points="422,2143 1544,2147 1670,2141 1671,2100 422,2090"/>
                <Baseline points="433,2125 494,2125 555,2124 617,2124 678,2124 739,2124 801,2124 862,2124 923,2124 985,2124 1046,2124 1107,2125 1169,2125 1230,2125 1291,2125 1353,2126 1414,2126 1475,2127 1537,2127 1598,2128 1660,2129"/>
                <TextEquiv>
                    <Unicode>dienste Frohnenden anzutasten, berufen wären. Umso</Unicode>
                </TextEquiv>
            </TextLine>
            <TextLine id="r1l22" custom="readingOrder {index:21;}">
                <Coords points="424,2191 1666,2188 1615,2131 424,2142"/>
                <Baseline points="433,2175 494,2175 555,2175 616,2175 677,2175 738,2175 799,2174 861,2174 922,2174 983,2174 1044,2174 1105,2174 1166,2174 1227,2174 1289,2174 1350,2174 1411,2174 1472,2174 1533,2174 1594,2175 1656,2175"/>
                <TextEquiv>
                    <Unicode>zahlreicher aber waren diejenigen versammelt, denen,</Unicode>
                </TextEquiv>
            </TextLine>
            <TextLine id="r1l23" custom="readingOrder {index:22;}">
                <Coords points="437,2231 1679,2227 1612,2180 437,2188"/>
                <Baseline points="447,2225 508,2224 569,2224 630,2223 691,2223 752,2222 813,2222 874,2222 935,2222 996,2222 1057,2222 1118,2222 1179,2222 1240,2223 1301,2223 1362,2224 1423,2224 1484,2225 1545,2225 1606,2226 1668,2227"/>
                <TextEquiv>
                    <Unicode>wenn sie dem geheimsten Herzenswunsch Ausdruck</Unicode>
                </TextEquiv>
            </TextLine>
            <TextLine id="r1l24" custom="readingOrder {index:23;}">
                <Coords points="423,2260 667,2294 1671,2280 1657,2235 423,2238"/>
                <Baseline points="433,2272 494,2272 555,2272 617,2272 678,2272 739,2272 801,2273 862,2273 923,2273 985,2274 1046,2274 1107,2274 1169,2275 1230,2275 1291,2275 1353,2276 1414,2276 1475,2276 1537,2276 1598,2276 1660,2276"/>
                <TextEquiv>
                    <Unicode>zu leihen wagten, angesichts des Urtheils des Obersten</Unicode>
                </TextEquiv>
            </TextLine>
            <TextLine id="r1l25" custom="readingOrder {index:24;}">
                <Coords points="425,2329 1669,2327 1604,2278 425,2284"/>
                <Baseline points="436,2317 497,2319 558,2321 619,2322 680,2322 741,2323 802,2323 864,2322 925,2322 986,2322 1047,2321 1108,2321 1169,2320 1230,2320 1292,2320 1353,2321 1414,2322 1475,2323 1536,2324 1597,2327 1659,2330"/>
                <TextEquiv>
                    <Unicode>Gerichtshofs nur eins erübrigen würde: der Wunsch,</Unicode>
                </TextEquiv>
            </TextLine>
            <TextLine id="r1l26" custom="readingOrder {index:25;}">
                <Coords points="426,2367 1668,2392 1668,2345 1440,2322 426,2347"/>
                <Baseline points="436,2370 497,2371 558,2371 619,2372 680,2372 741,2372 802,2372 863,2372 924,2372 985,2372 1047,2372 1108,2372 1169,2372 1230,2372 1291,2372 1352,2372 1413,2372 1474,2373 1535,2373 1596,2374 1658,2375"/>
                <TextEquiv>
                    <Unicode>dass durch richterlichen Spruch, wie diesmal die</Unicode>
                </TextEquiv>
            </TextLine>
            <TextLine id="r1l27" custom="readingOrder {index:26;}">
                <Coords points="433,2427 1483,2439 1677,2392 432,2376"/>
                <Baseline points="443,2423 504,2423 565,2423 626,2423 687,2423 748,2423 809,2423 871,2423 932,2422 993,2422 1054,2422 1115,2421 1176,2421 1237,2421 1299,2421 1360,2421 1421,2421 1482,2421 1543,2422 1604,2422 1666,2423"/>
                <TextEquiv>
                    <Unicode>Zeitung, ein nächstesmal der Zeitungsschreiber als</Unicode>
                </TextEquiv>
            </TextLine>
            <TextLine id="r1l28" custom="readingOrder {index:27;}">
                <Coords points="433,2484 1665,2485 1665,2438 1575,2426 433,2427"/>
                <Baseline points="442,2476 502,2474 563,2473 623,2472 684,2472 745,2471 805,2471 866,2471 927,2471 987,2471 1048,2471 1109,2472 1169,2472 1230,2472 1291,2472 1351,2472 1412,2472 1473,2472 1533,2472 1594,2472 1655,2471"/>
                <TextEquiv>
                    <Unicode>indifferent in Bezug auf die Ehre erklärt werden</Unicode>
                </TextEquiv>
            </TextLine>
            <TextLine id="r1l29" custom="readingOrder {index:28;}">
                <Coords points="435,2537 602,2508 1663,2531 1663,2484 1363,2492 1284,2458 1225,2491 435,2482"/>
                <Baseline points="445,2523 505,2522 565,2521 626,2521 686,2520 747,2520 807,2520 867,2520 928,2520 988,2520 1049,2520 1109,2520 1169,2520 1230,2520 1290,2520 1351,2520 1411,2520 1471,2520 1532,2519 1592,2519 1653,2518"/>
                <TextEquiv>
                    <Unicode>möge. Zu solcher Anschauung scheinen sie sich</Unicode>
                </TextEquiv>
            </TextLine>
            <TextLine id="r1l30" custom="readingOrder {index:29;}">
                <Coords points="427,2591 1667,2573 1667,2542 1574,2526 427,2532"/>
                <Baseline points="438,2570 499,2570 560,2570 621,2570 682,2570 743,2571 804,2571 865,2571 926,2572 987,2572 1048,2572 1109,2572 1170,2573 1231,2573 1292,2573 1353,2573 1414,2572 1475,2572 1536,2571 1597,2570 1658,2569"/>
                <TextEquiv>
                    <Unicode>ja schon längst geeinigt zu haben, und dass dem</Unicode>
                </TextEquiv>
            </TextLine>
            <TextLine id="r1l31" custom="readingOrder {index:30;}">
                <Coords points="434,2638 1658,2631 1658,2593 1576,2574 434,2589"/>
                <Baseline points="444,2619 504,2619 564,2619 624,2619 684,2619 745,2619 805,2619 865,2619 925,2619 985,2619 1046,2619 1106,2619 1166,2619 1226,2619 1286,2619 1347,2619 1407,2619 1467,2620 1527,2620 1587,2621 1648,2621"/>
                <TextEquiv>
                    <Unicode>in der Concordia bestehenden Ehrengericht keine</Unicode>
                </TextEquiv>
            </TextLine>
            <TextLine id="r1l32" custom="readingOrder {index:31;}">
                <Coords points="430,2676 1587,2682 1662,2676 1662,2629 430,2639"/>
                <Baseline points="440,2670 500,2669 561,2668 621,2667 682,2667 743,2667 803,2667 864,2667 924,2668 985,2668 1046,2668 1106,2669 1167,2670 1227,2670 1288,2670 1349,2671 1409,2671 1470,2671 1530,2671 1591,2670 1652,2670"/>
                <TextEquiv>
                    <Unicode>andere Aufgabe zukommt, als ihr zum Durchbruch</Unicode>
                </TextEquiv>
            </TextLine>
            <TextLine id="r1l33" custom="readingOrder {index:32;}">
                <Coords points="422,2721 1262,2741 1409,2711 1658,2746 1646,2675 422,2678"/>
                <Baseline points="432,2719 492,2718 553,2717 614,2717 675,2716 736,2716 796,2716 857,2716 918,2717 979,2717 1040,2717 1100,2718 1161,2718 1222,2719 1283,2719 1344,2720 1404,2720 1465,2720 1526,2721 1587,2721 1648,2721"/>
                <TextEquiv>
                    <Unicode>zu verhelfen, wird leicht erkennen, wer da weiss,</Unicode>
                </TextEquiv>
            </TextLine>
            <TextLine id="r1l34" custom="readingOrder {index:33;}">
                <Coords points="431,2769 1607,2782 1655,2778 1656,2729 432,2738"/>
                <Baseline points="442,2767 502,2767 562,2766 622,2766 682,2766 743,2766 803,2766 863,2766 923,2767 983,2767 1044,2768 1104,2768 1164,2768 1224,2769 1284,2769 1345,2768 1405,2768 1465,2768 1525,2767 1585,2766 1646,2764"/>
                <TextEquiv>
                    <Unicode>dass jenes Ehrengericht niemals selbst in den</Unicode>
                </TextEquiv>
            </TextLine>
            <TextLine id="r1l35" custom="readingOrder {index:34;}">
                <Coords points="418,2818 1654,2829 1654,2786 1561,2771 418,2769"/>
                <Baseline points="429,2814 489,2815 550,2816 611,2817 672,2817 733,2818 793,2818 854,2818 915,2818 976,2818 1037,2817 1097,2817 1158,2817 1219,2817 1280,2817 1341,2817 1401,2817 1462,2817 1523,2817 1584,2817 1645,2818"/>
                <TextEquiv>
                    <Unicode>Hagrantesten Fällen der Verletzung der Schriftsteller¬</Unicode>
                </TextEquiv>
            </TextLine>
            <TextLine id="r1l36" custom="readingOrder {index:35;}">
                <Coords points="429,2868 1616,2881 1663,2869 1663,2824 429,2830"/>
                <Baseline points="439,2865 499,2866 560,2867 621,2867 682,2868 742,2868 803,2868 864,2868 925,2868 985,2868 1046,2868 1107,2868 1168,2868 1228,2868 1289,2868 1350,2868 1411,2867 1471,2867 1532,2867 1593,2867 1654,2868"/>
                <TextEquiv>
                    <Unicode>ehre eingeschritten ist. Wie viel bequemer wäre das</Unicode>
                </TextEquiv>
            </TextLine>
            <TextLine id="r1l37" custom="readingOrder {index:36;}">
                <Coords points="426,2911 1617,2936 1674,2884 426,2886"/>
                <Baseline points="437,2916 498,2916 559,2915 621,2915 682,2914 743,2914 805,2914 866,2913 927,2913 989,2913 1050,2913 1111,2913 1173,2913 1234,2913 1295,2913 1357,2913 1418,2914 1479,2914 1541,2914 1602,2914 1664,2914"/>
                <TextEquiv>
                    <Unicode>Leben freisinniger Journalisten, wenn niemand mehr</Unicode>
                </TextEquiv>
            </TextLine>
            <TextLine id="r1l38" custom="readingOrder {index:37;}">
                <Coords points="431,2974 1598,2985 1661,2955 1543,2924 431,2919"/>
                <Baseline points="441,2961 501,2963 562,2964 622,2964 683,2965 743,2966 804,2966 864,2967 925,2967 985,2967 1046,2967 1106,2967 1167,2967 1227,2967 1288,2966 1348,2966 1409,2965 1469,2965 1530,2964 1590,2963 1651,2963"/>
                <TextEquiv>
                    <Unicode>ihnen vorwerfen dürfte, dass sie die schwersten ehren¬</Unicode>
                </TextEquiv>
            </TextLine>
            <TextLine id="r1l39" custom="readingOrder {index:38;}">
                <Coords points="433,3049 1565,3045 1675,3008 1675,2964 433,2976"/>
                <Baseline points="443,3016 504,3016 565,3017 626,3017 687,3017 748,3018 809,3018 871,3018 932,3019 993,3019 1054,3019 1115,3019 1176,3018 1237,3018 1299,3018 1360,3017 1421,3017 1482,3016 1543,3015 1604,3014 1666,3013"/>
                <TextEquiv>
                    <Unicode>rührigen Auschuldigungen ruhig hinnehmen, niemand</Unicode>
                </TextEquiv>
            </TextLine>
            <TextEquiv>
                <Unicode>16.1. Lebendige Stunden—zuklus
dem Verlust an Ehre, der aus ihm erwächst, eine
leoninische Theilung zwischen dem Arbeitgeber und
den jjournalistischen Arbeitnehmern stattfinden. Je
reichlicher bemessen der Antheil ist, den sich der
Herausgeber vom Geldertrag des Zeitungsgeschäftes
vorbehält und je karger den Schreibsclaven der
Corruption der Lohn zugemessen wird, ein desto ge¬
häufteres Mass der Missachtung, die das corrupte
Treiben erntet, soll durch die Schaffung einer
Zeitungsehre, von der für jeden Redacteur sein Theil
abtiele, vom Chef auf die Untergebenen überwälzt
werden. Nichts ist natürlicher, als dass aus der
lärmend angekündigten Kundgebung der Wiener
Journalistik gegen den Obersten Gerichtshof schliess¬
lich ein Protest der Unternehmer unserer Concordia¬
Blätter wurde. Er vollzog sich, wie man erzählt, in
vollzähliger Abwesenheit aller jener der Concordia
angehörenden Journalisten, die zum Protest gegen
einen Versuch, die persönliche Ehre der im Zeitungs¬
dienste Frohnenden anzutasten, berufen wären. Umso
zahlreicher aber waren diejenigen versammelt, denen,
wenn sie dem geheimsten Herzenswunsch Ausdruck
zu leihen wagten, angesichts des Urtheils des Obersten
Gerichtshofs nur eins erübrigen würde: der Wunsch,
dass durch richterlichen Spruch, wie diesmal die
Zeitung, ein nächstesmal der Zeitungsschreiber als
indifferent in Bezug auf die Ehre erklärt werden
möge. Zu solcher Anschauung scheinen sie sich
ja schon längst geeinigt zu haben, und dass dem
in der Concordia bestehenden Ehrengericht keine
andere Aufgabe zukommt, als ihr zum Durchbruch
zu verhelfen, wird leicht erkennen, wer da weiss,
dass jenes Ehrengericht niemals selbst in den
Hagrantesten Fällen der Verletzung der Schriftsteller¬
ehre eingeschritten ist. Wie viel bequemer wäre das
Leben freisinniger Journalisten, wenn niemand mehr
ihnen vorwerfen dürfte, dass sie die schwersten ehren¬
rührigen Auschuldigungen ruhig hinnehmen, niemand</Unicode>
            </TextEquiv>
        </TextRegion>
        <TextRegion orientation="0.0" id="r2" custom="readingOrder {index:1;}">
            <Coords points="1990,184 1990,3128 3228,3128 3228,184"/>
            <TextLine id="r2l1" custom="readingOrder {index:0;}">
                <Coords points="2154,222 2225,236 2361,208 2389,226 2422,214 2474,237 2514,211 2560,221 2563,156 2408,138 2347,185 2301,155 2281,165 2251,145 2157,136"/>
                <Baseline points="2166,205 2191,204 2217,205 2243,205 2268,207 2294,209 2320,210 2345,212 2371,213 2397,215 2422,215 2448,216 2474,216 2499,215 2525,213 2551,211"/>
                <TextEquiv>
                    <Unicode>box 21/3</Unicode>
                </TextEquiv>
            </TextLine>
            <TextLine id="r2l2" custom="readingOrder {index:1;}">
                <Coords points="1991,1262 3239,1278 3030,1219 1991,1225"/>
                <Baseline points="2000,1266 2061,1269 2122,1270 2184,1272 2245,1273 2307,1274 2368,1275 2429,1276 2491,1276 2552,1276 2614,1277 2675,1277 2736,1277 2798,1278 2859,1278 2921,1279 2982,1280 3043,1281 3105,1282 3166,1284 3228,1286"/>
                <TextEquiv>
                    <Unicode>mehr, weil der Zeitungsredacteur ein Wesen ohne</Unicode>
                </TextEquiv>
            </TextLine>
            <TextLine id="r2l3" custom="readingOrder {index:2;}">
                <Coords points="1989,1338 3228,1332 3165,1284 1990,1272"/>
                <Baseline points="2000,1316 2060,1317 2121,1319 2182,1320 2243,1321 2304,1322 2365,1323 2426,1323 2487,1324 2548,1325 2609,1325 2669,1326 2730,1326 2791,1327 2852,1327 2913,1328 2974,1329 3035,1330 3096,1330 3157,1332 3218,1333"/>
                <TextEquiv>
                    <Unicode>Ehre wäre, von ehrlosen Redacteuren reden könnte,</Unicode>
                </TextEquiv>
            </TextLine>
            <TextLine id="r2l4" custom="readingOrder {index:3;}">
                <Coords points="1989,1358 3150,1396 3225,1383 3226,1332 1989,1336"/>
                <Baseline points="2000,1362 2060,1364 2121,1366 2182,1368 2243,1369 2304,1370 2364,1371 2425,1373 2486,1373 2547,1374 2608,1375 2668,1375 2729,1376 2790,1376 2851,1377 2912,1377 2972,1377 3033,1377 3094,1378 3155,1378 3216,1378"/>
                <TextEquiv>
                    <Unicode>und wenn man, so wie vor anderthalb Jahrbunderten</Unicode>
                </TextEquiv>
            </TextLine>
            <TextLine id="r2l5" custom="readingOrder {index:4;}">
                <Coords points="1993,1412 2586,1449 3225,1423 3099,1383 1993,1382"/>
                <Baseline points="2003,1414 2063,1415 2124,1416 2184,1417 2245,1418 2305,1419 2366,1420 2426,1421 2487,1422 2547,1423 2608,1424 2669,1424 2729,1425 2790,1425 2850,1426 2911,1426 2971,1426 3032,1426 3092,1426 3153,1426 3214,1426"/>
                <TextEquiv>
                    <Unicode>das Wort -Canailles als Bezeichnung des sgemeinene</Unicode>
                </TextEquiv>
            </TextLine>
            <TextLine id="r2l6" custom="readingOrder {index:5;}">
                <Coords points="1995,1490 2311,1463 3168,1497 3229,1477 3230,1434 1996,1433"/>
                <Baseline points="2005,1463 2065,1465 2126,1466 2187,1467 2248,1468 2308,1469 2369,1470 2430,1471 2491,1472 2551,1472 2612,1473 2673,1474 2734,1474 2794,1475 2855,1476 2916,1476 2977,1477 3037,1478 3098,1478 3159,1479 3220,1480"/>
                <TextEquiv>
                    <Unicode>Volks jeden üblen Sinn verloren hatte, ohne Em¬</Unicode>
                </TextEquiv>
            </TextLine>
            <TextLine id="r2l7" custom="readingOrder {index:6;}">
                <Coords points="1985,1549 3234,1531 3234,1495 2972,1475 1986,1480"/>
                <Baseline points="1996,1516 2057,1516 2118,1516 2180,1517 2241,1518 2303,1519 2364,1520 2425,1521 2487,1522 2548,1523 2610,1524 2671,1525 2732,1526 2794,1527 2855,1528 2917,1528 2978,1528 3039,1528 3101,1528 3162,1527 3224,1525"/>
                <TextEquiv>
                    <Unicode>pörung und Missachtung von der -Journailles reden</Unicode>
                </TextEquiv>
            </TextLine>
            <TextLine id="r2l8" custom="readingOrder {index:7;}">
                <Coords points="2012,1580 2067,1598 2090,1582 2106,1593 2155,1573 2171,1586 2188,1586 2222,1577 2224,1528 2191,1519 2146,1534 2122,1523 2089,1535 2071,1526 2048,1536 2013,1533"/>
                <Baseline points="2022,1565 2049,1566 2076,1566 2103,1565 2130,1565 2157,1565 2184,1568 2212,1573"/>
                <TextEquiv>
                    <Unicode>würde.*)</Unicode>
                </TextEquiv>
            </TextLine>
            <TextLine id="r2l9" custom="readingOrder {index:8;}">
                <Coords points="2120,1804 3232,1821 3232,1780 3171,1763 2121,1751"/>
                <Baseline points="2130,1794 2184,1796 2239,1798 2293,1799 2348,1800 2403,1801 2457,1802 2512,1803 2566,1804 2621,1804 2676,1805 2730,1805 2785,1805 2839,1805 2894,1806 2949,1806 3003,1806 3058,1806 3112,1806 3167,1807 3222,1807"/>
                <TextEquiv>
                    <Unicode>*) Der Gedankengang, der durch die voranstehende Betrachtung</Unicode>
                </TextEquiv>
            </TextLine>
            <TextLine id="r2l10" custom="readingOrder {index:9;}">
                <Coords points="1995,1827 2088,1860 2880,1861 3190,1857 3225,1825 1995,1792"/>
                <Baseline points="2005,1835 2065,1836 2126,1836 2186,1837 2247,1838 2307,1838 2368,1839 2428,1840 2489,1841 2549,1842 2610,1843 2670,1844 2731,1845 2791,1845 2852,1846 2912,1847 2973,1847 3033,1847 3094,1847 3154,1847 3215,1847"/>
                <TextEquiv>
                    <Unicode>führt, wird in dankenswerther Weise von einem Wort erhellt, das neu¬</Unicode>
                </TextEquiv>
            </TextLine>
            <TextLine id="r2l11" custom="readingOrder {index:10;}">
                <Coords points="1995,1876 3168,1899 3234,1847 1996,1838"/>
                <Baseline points="2005,1876 2065,1876 2126,1876 2187,1877 2248,1878 2309,1878 2370,1879 2431,1881 2492,1881 2553,1883 2614,1884 2674,1885 2735,1886 2796,1886 2857,1887 2918,1887 2979,1888 3040,1888 3101,1888 3162,1887 3223,1887"/>
                <TextEquiv>
                    <Unicode>lich, anlässlich des Gastspiels des Deutschen Thrater-Ensembles, auf der</Unicode>
                </TextEquiv>
            </TextLine>
            <TextLine id="r2l12" custom="readingOrder {index:11;}">
                <Coords points="2003,1918 3196,1942 3219,1883 2003,1883"/>
                <Baseline points="2012,1915 2071,1916 2131,1917 2191,1917 2251,1918 2311,1919 2371,1920 2430,1921 2490,1923 2550,1923 2610,1924 2670,1925 2730,1926 2790,1927 2849,1928 2909,1928 2969,1929 3029,1929 3089,1929 3149,1929 3209,1928"/>
                <TextEquiv>
                    <Unicode>sonst schlechteren Erkenntnissen geweihten Bühne des Carltheaters ge¬</Unicode>
                </TextEquiv>
            </TextLine>
            <TextLine id="r2l13" custom="readingOrder {index:12;}">
                <Coords points="1994,1966 3036,1988 3079,1958 3222,1991 3223,1927 1995,1915"/>
                <Baseline points="2005,1956 2065,1957 2125,1957 2186,1958 2246,1958 2306,1959 2367,1960 2427,1961 2487,1962 2548,1963 2608,1964 2668,1964 2729,1965 2789,1966 2849,1967 2910,1968 2970,1969 3030,1969 3091,1970 3151,1970 3212,1970"/>
                <TextEquiv>
                    <Unicode>sprochen wurde. In einer der vier -Lebendigen Stundene Arthur</Unicode>
                </TextEquiv>
            </TextLine>
            <TextLine id="r2l14" custom="readingOrder {index:13;}">
                <Coords points="1989,1999 2992,2015 3076,2010 3077,1967 1989,1967"/>
                <Baseline points="1999,1995 2052,1995 2105,1996 2158,1997 2212,1998 2265,1999 2318,2000 2372,2001 2425,2001 2478,2002 2532,2003 2585,2003 2638,2004 2691,2004 2745,2005 2798,2005 2851,2005 2905,2006 2958,2006 3011,2006 3065,2006"/>
                <TextEquiv>
                    <Unicode>Schnitzler’s ruft der sterbende Journalist Rademacher: „...</Unicode>
                </TextEquiv>
            </TextLine>
            <TextLine id="r2l15" custom="readingOrder {index:14;}">
                <Coords points="3069,2011 3082,2012 3090,2020 3110,2011 3133,2011 3137,2016 3159,2010 3220,2016 3221,1996 3211,1996 3185,1978 3152,1975 3142,1981 3128,1972 3071,1973"/>
                <Baseline points="3080,2005 3106,2006 3132,2007 3158,2007 3184,2008 3211,2010"/>
                <TextEquiv>
                    <Unicode>Wissen</Unicode>
                </TextEquiv>
            </TextLine>
            <TextLine id="r2l16" custom="readingOrder {index:15;}">
                <Coords points="1986,2047 3214,2065 3184,2011 1986,2006"/>
                <Baseline points="1996,2036 2056,2036 2116,2036 2177,2036 2237,2037 2298,2037 2358,2038 2418,2039 2479,2039 2539,2040 2600,2041 2660,2042 2720,2043 2781,2044 2841,2045 2902,2046 2962,2047 3022,2047 3083,2048 3143,2049 3204,2049"/>
                <TextEquiv>
                    <Unicode>Sie, woran ich zu Grund geh'? Sie meinen an den lateinischen Vocabeln,</Unicode>
                </TextEquiv>
            </TextLine>
            <TextLine id="r2l17" custom="readingOrder {index:16;}">
                <Coords points="1985,2084 3179,2097 3214,2056 1986,2047"/>
                <Baseline points="1995,2074 2055,2075 2115,2075 2176,2076 2236,2077 2297,2077 2357,2078 2417,2079 2478,2080 2538,2081 2599,2081 2659,2082 2719,2083 2780,2084 2840,2085 2901,2086 2961,2086 3021,2087 3082,2087 3142,2088 3203,2088"/>
                <TextEquiv>
                    <Unicode>die da auf der Tafel steh'n — Oh nein! An Gall’, dass ich vor Leuten</Unicode>
                </TextEquiv>
            </TextLine>
            <TextLine id="r2l18" custom="readingOrder {index:17;}">
                <Coords points="1993,2132 3215,2144 3216,2089 1994,2081"/>
                <Baseline points="2003,2114 2063,2114 2123,2114 2183,2115 2243,2115 2303,2116 2363,2117 2423,2118 2483,2119 2543,2120 2603,2121 2663,2122 2723,2123 2783,2124 2843,2125 2903,2126 2963,2127 3023,2128 3083,2128 3143,2128 3204,2128"/>
                <TextEquiv>
                    <Unicode>hab' Buckerln machen müssen, die ich verachtet hab’, um eine Stellung</Unicode>
                </TextEquiv>
            </TextLine>
            <TextLine id="r2l19" custom="readingOrder {index:18;}">
                <Coords points="1995,2165 3217,2162 3156,2132 1995,2132"/>
                <Baseline points="2005,2152 2065,2153 2125,2154 2185,2155 2245,2156 2305,2157 2365,2158 2425,2159 2485,2160 2545,2161 2606,2162 2666,2162 2726,2163 2786,2164 2846,2164 2906,2165 2966,2165 3026,2166 3086,2166 3146,2166 3207,2166"/>
                <TextEquiv>
                    <Unicode>zu kriegen. Am Ekel, dass ich Dinge hab’ schreiben müssen, an die ich</Unicode>
                </TextEquiv>
            </TextLine>
            <TextLine id="r2l20" custom="readingOrder {index:19;}">
                <Coords points="1997,2191 3178,2215 3224,2165 1998,2160"/>
                <Baseline points="2008,2193 2068,2194 2128,2194 2188,2195 2249,2195 2309,2196 2369,2197 2429,2198 2490,2198 2550,2199 2610,2200 2670,2201 2731,2202 2791,2203 2851,2203 2911,2204 2972,2205 3032,2205 3092,2206 3152,2206 3213,2206"/>
                <TextEquiv>
                    <Unicode>nicht geglaubt hab’, um nicht zu verhungern. Am Zorn, dass ich für</Unicode>
                </TextEquiv>
            </TextLine>
            <TextLine id="r2l21" custom="readingOrder {index:20;}">
                <Coords points="1999,2245 3228,2247 3208,2208 2000,2196"/>
                <Baseline points="2009,2233 2069,2233 2129,2234 2190,2234 2250,2235 2311,2236 2371,2237 2431,2237 2492,2238 2552,2239 2613,2240 2673,2240 2733,2241 2794,2242 2854,2242 2915,2243 2975,2244 3035,2244 3096,2245 3156,2246 3217,2247"/>
                <TextEquiv>
                    <Unicode>die infamsten Leutausbeuter hab’ Zeilen schinden müssen, die ihr Geld</Unicode>
                </TextEquiv>
            </TextLine>
            <TextLine id="r2l22" custom="readingOrder {index:21;}">
                <Coords points="1996,2277 3222,2297 3222,2248 3110,2241 1996,2230"/>
                <Baseline points="2007,2272 2067,2273 2127,2273 2187,2274 2247,2274 2308,2275 2368,2276 2428,2277 2488,2277 2548,2278 2609,2279 2669,2280 2729,2281 2789,2282 2849,2282 2910,2283 2970,2283 3030,2284 3090,2284 3150,2284 3211,2284"/>
                <TextEquiv>
                    <Unicode>erschwindelt und ergaunert haben, und dass ich ihnen noch dabei ge¬</Unicode>
                </TextEquiv>
            </TextLine>
            <TextLine id="r2l23" custom="readingOrder {index:22;}">
                <Coords points="1988,2307 3217,2340 3218,2289 1988,2283"/>
                <Baseline points="1998,2311 2058,2312 2118,2313 2179,2314 2239,2315 2300,2315 2360,2316 2421,2317 2481,2318 2542,2319 2602,2320 2662,2320 2723,2321 2783,2322 2844,2322 2904,2323 2965,2323 3025,2323 3086,2324 3146,2324 3207,2324"/>
                <TextEquiv>
                    <Unicode>holfen hab’ mit meinem Talent. Ich kann mich zwar nicht beklagen:</Unicode>
                </TextEquiv>
            </TextLine>
            <TextLine id="r2l24" custom="readingOrder {index:23;}">
                <Coords points="1989,2342 3221,2374 3154,2326 1989,2312"/>
                <Baseline points="1999,2351 2059,2351 2120,2352 2180,2352 2241,2353 2302,2354 2362,2355 2423,2356 2483,2357 2544,2358 2605,2359 2665,2360 2726,2361 2786,2362 2847,2362 2908,2363 2968,2363 3029,2364 3089,2363 3150,2363 3211,2363"/>
                <TextEquiv>
                    <Unicode>von der Verachtung und dem Hass gegen das Gesindel</Unicode>
                </TextEquiv>
            </TextLine>
            <TextLine id="r2l25" custom="readingOrder {index:24;}">
                <Coords points="1985,2389 3221,2401 3076,2364 1985,2360"/>
                <Baseline points="1994,2389 2054,2390 2115,2391 2176,2392 2237,2393 2298,2394 2358,2395 2419,2396 2480,2397 2541,2398 2602,2399 2662,2399 2723,2400 2784,2400 2845,2401 2906,2401 2966,2402 3027,2402 3088,2402 3149,2402 3210,2401"/>
                <TextEquiv>
                    <Unicode>hab’ ich immer meinen Theil abbekommen, — nur leider</Unicode>
                </TextEquiv>
            </TextLine>
            <TextLine id="r2l26" custom="readingOrder {index:25;}">
                <Coords points="1997,2426 3223,2450 3203,2397 1997,2389"/>
                <Baseline points="2007,2430 2067,2431 2127,2431 2187,2432 2248,2433 2308,2433 2368,2434 2428,2435 2489,2436 2549,2436 2609,2437 2669,2438 2730,2438 2790,2439 2850,2440 2910,2440 2971,2440 3031,2440 3091,2440 3151,2440 3212,2440"/>
                <TextEquiv>
                    <Unicode>von was Anderm nicht.: Diese eine Stelle verleiht der letzten</Unicode>
                </TextEquiv>
            </TextLine>
            <TextLine id="r2l27" custom="readingOrder {index:26;}">
                <Coords points="1987,2459 3036,2503 3213,2482 3214,2452 1988,2439"/>
                <Baseline points="1997,2468 2057,2469 2117,2470 2178,2471 2238,2472 2298,2473 2359,2474 2419,2475 2479,2475 2540,2476 2600,2477 2660,2477 2721,2478 2781,2478 2841,2479 2902,2479 2962,2480 3022,2480 3083,2480 3143,2481 3204,2481"/>
                <TextEquiv>
                    <Unicode>dramatischen Arbeit des Wiener Schriftstellers eine Bedeutung, die ihr</Unicode>
                </TextEquiv>
            </TextLine>
            <TextLine id="r2l28" custom="readingOrder {index:27;}">
                <Coords points="1994,2498 3181,2535 3222,2527 3223,2474 1994,2482"/>
                <Baseline points="2005,2509 2065,2510 2125,2510 2186,2511 2246,2512 2306,2512 2367,2513 2427,2514 2487,2515 2548,2516 2608,2516 2668,2517 2729,2518 2789,2519 2849,2519 2910,2520 2970,2521 3030,2521 3091,2522 3151,2522 3212,2522"/>
                <TextEquiv>
                    <Unicode>vermöge ihres künstlerischen Gehaltes nie zukäme. Das eigentlich</Unicode>
                </TextEquiv>
            </TextLine>
            <TextLine id="r2l29" custom="readingOrder {index:28;}">
                <Coords points="1983,2546 3209,2577 3208,2534 3018,2520 1984,2506"/>
                <Baseline points="1993,2545 2053,2547 2113,2549 2173,2550 2234,2552 2294,2553 2354,2554 2415,2555 2475,2556 2535,2556 2596,2557 2656,2558 2716,2558 2776,2559 2837,2559 2897,2560 2957,2561 3018,2561 3078,2562 3138,2563 3199,2564"/>
                <TextEquiv>
                    <Unicode>Tragische einer Gestalt ist hier in einem Satze, der der Gesinnung</Unicode>
                </TextEquiv>
            </TextLine>
            <TextLine id="r2l30" custom="readingOrder {index:29;}">
                <Coords points="1993,2584 3037,2615 3207,2607 3222,2566 1994,2557"/>
                <Baseline points="2003,2586 2063,2587 2123,2589 2184,2590 2244,2591 2305,2593 2365,2594 2425,2595 2486,2596 2546,2597 2607,2597 2667,2598 2727,2599 2788,2599 2848,2600 2909,2600 2969,2601 3029,2601 3090,2601 3150,2601 3211,2601"/>
                <TextEquiv>
                    <Unicode>seines Autors alle Ehre macht, erschöpft; er entschädigt für alle erschwitzte</Unicode>
                </TextEquiv>
            </TextLine>
            <TextLine id="r2l31" custom="readingOrder {index:30;}">
                <Coords points="1993,2629 3217,2656 3204,2602 1994,2595"/>
                <Baseline points="2003,2626 2063,2627 2123,2628 2183,2629 2243,2631 2304,2632 2364,2633 2424,2634 2484,2635 2544,2636 2605,2637 2665,2637 2725,2638 2785,2639 2845,2639 2906,2640 2966,2640 3026,2641 3086,2641 3146,2641 3207,2641"/>
                <TextEquiv>
                    <Unicode>Psychologie, die an die Begegnung des Sterbenden mit seinem Jugend¬</Unicode>
                </TextEquiv>
            </TextLine>
            <TextLine id="r2l32" custom="readingOrder {index:31;}">
                <Coords points="1982,2674 3081,2697 3217,2655 1983,2625"/>
                <Baseline points="1992,2666 2052,2667 2113,2668 2174,2670 2235,2671 2295,2672 2356,2673 2417,2674 2478,2675 2538,2675 2599,2676 2660,2677 2721,2678 2781,2678 2842,2679 2903,2679 2964,2679 3024,2680 3085,2680 3146,2680 3207,2680"/>
                <TextEquiv>
                    <Unicode>freunde und an die anderen Variationen eines recht problematischen</Unicode>
                </TextEquiv>
            </TextLine>
            <TextLine id="r2l33" custom="readingOrder {index:32;}">
                <Coords points="1982,2709 3169,2734 3209,2690 1983,2674"/>
                <Baseline points="1992,2704 2052,2705 2112,2707 2172,2708 2233,2709 2293,2711 2353,2712 2414,2713 2474,2714 2534,2715 2595,2716 2655,2717 2715,2718 2775,2718 2836,2719 2896,2719 2956,2719 3017,2719 3077,2719 3137,2719 3198,2719"/>
                <TextEquiv>
                    <Unicode>PProblemse gewendet erscheint. Kein Wiener Beurtheiler und Ueberschätzer</Unicode>
                </TextEquiv>
            </TextLine>
            <TextLine id="r2l34" custom="readingOrder {index:33;}">
                <Coords points="1982,2753 3210,2773 3210,2733 3155,2726 1982,2715"/>
                <Baseline points="1992,2743 2052,2745 2112,2746 2173,2748 2233,2749 2293,2750 2354,2752 2414,2753 2474,2754 2535,2755 2595,2756 2655,2757 2716,2757 2776,2758 2836,2758 2897,2759 2957,2759 3017,2759 3078,2759 3138,2758 3199,2758"/>
                <TextEquiv>
                    <Unicode>der -Lebendigen Stundene hat aus der Fülle scenisch verkleideter</Unicode>
                </TextEquiv>
            </TextLine>
            <TextLine id="r2l35" custom="readingOrder {index:34;}">
                <Coords points="1993,2785 3118,2823 3215,2792 3001,2752 1993,2747"/>
                <Baseline points="2003,2784 2063,2785 2123,2786 2183,2787 2243,2788 2303,2790 2363,2791 2423,2792 2483,2793 2543,2795 2604,2795 2664,2796 2724,2797 2784,2798 2844,2799 2904,2800 2964,2800 3024,2801 3084,2801 3144,2801 3205,2801"/>
                <TextEquiv>
                    <Unicode>Feuilletonbeobachtungen dies eine Wort hervorgehoben. Begreiflicher</Unicode>
                </TextEquiv>
            </TextLine>
            <TextLine id="r2l36" custom="readingOrder {index:35;}">
                <Coords points="1998,2826 2972,2860 3195,2857 3218,2813 1998,2785"/>
                <Baseline points="2007,2825 2067,2825 2127,2826 2187,2827 2247,2828 2307,2829 2367,2830 2427,2831 2487,2832 2547,2833 2607,2834 2667,2835 2727,2836 2787,2837 2847,2838 2907,2838 2967,2839 3027,2839 3087,2840 3147,2840 3207,2840"/>
                <TextEquiv>
                    <Unicode>Weise. Aber Arthur Schnitzler möge aus der lebendigen Stunde, die</Unicode>
                </TextEquiv>
            </TextLine>
            <TextLine id="r2l37" custom="readingOrder {index:36;}">
                <Coords points="1991,2874 3180,2896 3218,2855 1992,2835"/>
                <Baseline points="2002,2863 2062,2864 2122,2865 2182,2867 2243,2868 2303,2869 2363,2870 2423,2871 2484,2872 2544,2873 2604,2874 2664,2875 2725,2876 2785,2876 2845,2877 2905,2878 2966,2879 3026,2879 3086,2880 3146,2880 3207,2881"/>
                <TextEquiv>
                    <Unicode>es ihm eingab, innern Vortheil ziehen, und wenn er wirklich der</Unicode>
                </TextEquiv>
            </TextLine>
            <TextLine id="r2l38" custom="readingOrder {index:37;}">
                <Coords points="1992,2914 3063,2935 3210,2927 3211,2892 1993,2875"/>
                <Baseline points="2002,2907 2065,2906 2128,2906 2191,2906 2254,2907 2317,2907 2380,2908 2443,2909 2506,2910 2569,2911 2633,2912 2696,2913 2759,2914 2822,2915 2885,2916 2948,2917 3011,2918 3074,2919 3137,2920 3201,2920"/>
                <TextEquiv>
                    <Unicode>grösste Dramatiker Oesterreichs ist, sie meinetwegen skünstlerisch aus¬</Unicode>
                </TextEquiv>
            </TextLine>
            <TextLine id="r2l39" custom="readingOrder {index:38;}">
                <Coords points="1979,2940 3209,2977 3198,2926 1980,2916"/>
                <Baseline points="1990,2946 2050,2945 2110,2944 2171,2943 2231,2944 2292,2944 2352,2945 2413,2946 2473,2947 2534,2948 2594,2950 2654,2951 2715,2953 2775,2954 2836,2956 2896,2957 2957,2958 3017,2959 3078,2959 3138,2960 3199,2960"/>
                <TextEquiv>
                    <Unicode>nützen“. Mit einem Satz hat er sich über einen wahrhaft dramatischen</Unicode>
                </TextEquiv>
            </TextLine>
            <TextLine id="r2l40" custom="readingOrder {index:39;}">
                <Coords points="1991,2979 3167,3013 3218,3010 3219,2967 1991,2946"/>
                <Baseline points="2000,2978 2060,2980 2120,2982 2181,2983 2241,2986 2302,2987 2362,2989 2422,2991 2483,2992 2543,2993 2604,2995 2664,2996 2724,2997 2785,2997 2845,2998 2906,2998 2966,2998 3026,2997 3087,2996 3147,2995 3208,2994"/>
                <TextEquiv>
                    <Unicode>Conflict hinweggesetzt, und hat, da ihn das -Verhältnis des Künstlers</Unicode>
                </TextEquiv>
            </TextLine>
            <TextLine id="r2l41" custom="readingOrder {index:40;}">
                <Coords points="1980,3024 3214,3061 3215,3010 3156,3004 1981,2991"/>
                <Baseline points="1990,3021 2050,3021 2111,3022 2171,3023 2232,3024 2293,3025 2353,3027 2414,3028 2475,3029 2535,3031 2596,3032 2657,3033 2717,3034 2778,3036 2839,3037 2899,3037 2960,3038 3021,3038 3081,3038 3142,3037 3203,3036"/>
                <TextEquiv>
                    <Unicode>zum Lebene beschäftigte, nicht Leben gestaltet, sondern eine artistische</Unicode>
                </TextEquiv>
            </TextLine>
            <TextLine id="r2l42" custom="readingOrder {index:41;}">
                <Coords points="2737,3111 2868,3138 2939,3124 3074,3136 3176,3112 3176,3069 3055,3089 2737,3070"/>
                <Baseline points="2748,3114 2774,3115 2800,3116 2826,3116 2852,3117 2878,3117 2904,3117 2930,3117 2957,3118 2983,3117 3009,3117 3035,3117 3061,3117 3087,3117 3113,3116 3139,3116 3166,3116"/>
                <TextEquiv>
                    <Unicode>Anm. d. Herausgebers.</Unicode>
                </TextEquiv>
            </TextLine>
            <TextEquiv>
                <Unicode>box 21/3
mehr, weil der Zeitungsredacteur ein Wesen ohne
Ehre wäre, von ehrlosen Redacteuren reden könnte,
und wenn man, so wie vor anderthalb Jahrbunderten
das Wort -Canailles als Bezeichnung des sgemeinene
Volks jeden üblen Sinn verloren hatte, ohne Em¬
pörung und Missachtung von der -Journailles reden
würde.*)
*) Der Gedankengang, der durch die voranstehende Betrachtung
führt, wird in dankenswerther Weise von einem Wort erhellt, das neu¬
lich, anlässlich des Gastspiels des Deutschen Thrater-Ensembles, auf der
sonst schlechteren Erkenntnissen geweihten Bühne des Carltheaters ge¬
sprochen wurde. In einer der vier -Lebendigen Stundene Arthur
Schnitzler’s ruft der sterbende Journalist Rademacher: „...
Wissen
Sie, woran ich zu Grund geh'? Sie meinen an den lateinischen Vocabeln,
die da auf der Tafel steh'n — Oh nein! An Gall’, dass ich vor Leuten
hab' Buckerln machen müssen, die ich verachtet hab’, um eine Stellung
zu kriegen. Am Ekel, dass ich Dinge hab’ schreiben müssen, an die ich
nicht geglaubt hab’, um nicht zu verhungern. Am Zorn, dass ich für
die infamsten Leutausbeuter hab’ Zeilen schinden müssen, die ihr Geld
erschwindelt und ergaunert haben, und dass ich ihnen noch dabei ge¬
holfen hab’ mit meinem Talent. Ich kann mich zwar nicht beklagen:
von der Verachtung und dem Hass gegen das Gesindel
hab’ ich immer meinen Theil abbekommen, — nur leider
von was Anderm nicht.: Diese eine Stelle verleiht der letzten
dramatischen Arbeit des Wiener Schriftstellers eine Bedeutung, die ihr
vermöge ihres künstlerischen Gehaltes nie zukäme. Das eigentlich
Tragische einer Gestalt ist hier in einem Satze, der der Gesinnung
seines Autors alle Ehre macht, erschöpft; er entschädigt für alle erschwitzte
Psychologie, die an die Begegnung des Sterbenden mit seinem Jugend¬
freunde und an die anderen Variationen eines recht problematischen
PProblemse gewendet erscheint. Kein Wiener Beurtheiler und Ueberschätzer
der -Lebendigen Stundene hat aus der Fülle scenisch verkleideter
Feuilletonbeobachtungen dies eine Wort hervorgehoben. Begreiflicher
Weise. Aber Arthur Schnitzler möge aus der lebendigen Stunde, die
es ihm eingab, innern Vortheil ziehen, und wenn er wirklich der
grösste Dramatiker Oesterreichs ist, sie meinetwegen skünstlerisch aus¬
nützen“. Mit einem Satz hat er sich über einen wahrhaft dramatischen
Conflict hinweggesetzt, und hat, da ihn das -Verhältnis des Künstlers
zum Lebene beschäftigte, nicht Leben gestaltet, sondern eine artistische
Anm. d. Herausgebers.</Unicode>
            </TextEquiv>
        </TextRegion>
    </Page>
</PcGts>
