3392 4224
232 215 1891 320 16.1. Lebendige Stunden zyklus
628 1220 1902 1285 Hand — dem rächenden Schicksal nicht als Gefesselte, nein als
142 1225 619 1294 Dabei enthält das letzte
145 1277 612 1325 Literatur“, die pure
1534 1279 1904 1337 Aber, wie gesagt:
633 1280 1460 1331 Giganten unsern Sühneweg vorzeichnen.
617 1300 1904 1373 Was kann man aus dieser dramatischen Geheimnißthuerei nicht
130 1314 625 1375 Pebens: Es zeigt uns des
1650 1357 1902 1415 Des puren
629 1359 1445 1402 alles herauslesen? Chac’un à sa facon
139 1347 627 1413 ellsten Lichte. Der Dichter
632 1372 1900 1448 Curiosums halber bemerke ich, daß ein bekannter Berliner
138 1396 631 1470 Clemens und Gilbert im
625 1433 1899 1489 College „Die Frau mit dem Dolche“ als eineroische Vertheidigung
135 1434 619 1490 den im buntgewürfelten,
630 1476 1904 1528 der — Seelenwanderung“ aufgefaßt wissen wollte! Wie gesagt:
129 1472 611 1528 : Das Ganze enthält
1338 1507 1901 1573 Die Inscene dieses Frage¬
629 1510 1183 1557 Jeder nach seinem Geschmack!
132 1513 607 1569 unde. Das ganze bischen
629 1552 1901 1588 zeichen=Opus stellt den Regisseur vor beinahe unerfüllbare Bedingungen.
162 1555 607 1611 baut sich vielmehr auf
628 1582 1900 1635 Arthur Eggeling kam einer solchen Erfüllung nur theilweise
620 1634 1899 1679 nahe. Das Bild der „dolchenden“ Frau, eine Kieckserei im
131 1636 613 1681 aauf deutsch, daß auf Erden
627 1671 1892 1720 verballhornten „Jugend=Stil, athmete jede andere Kunstrichtung,
135 1671 612 1726 in meisten verlogenen sind.
620 1707 1916 1770 nur nicht die des Venetianers Pa'ma il Vecchio, dessen Farbenzauber
143 1707 620 1765 Wahrhaftigkeit auf
634 1751 1900 1800 geradezu sprichwörtlich wurde. Was man im „Schauspielhause“ an die
135 1752 608 1800 ichts weiter dar, als eine
634 1771 1911 1832 Wand nagelte, mochte in Borsdorf oder Taucha das Licht der Welt er¬
139 1784 619 1856 er mächtigen Stunden=Uhr,
638 1824 1897 1878 blickt haben: Es machte sich in seiner künstlerischen Geschmacklosigkeit
640 1866 1903 1917 einfach brutal. Hier muß die Regie durchaus auf Remedur
129 1850 614 1927 m wenigsten spruchreif, er¬
630 1903 1909 1962 dringen, will sie sich nicht in Zukunft den herbsten
137 1905 612 1963 sich nochmals den Titel
630 1941 1671 1997 kritischen Anzapfungen ausgesetzt sehen.
142 1951 626 2005 wird des Lebens voll¬
639 1984 1916 2032 wurde das Dramvlett recht gut. Elisabeth Anders hätte vielleicht etwas
134 1984 622 2034 jestellt, was sonst der Erde
641 2023 1911 2064 natürlichere Töne anschlagen können, sie verhalf aber dem Dämonenhaften ihrer
139 2028 619 2082 eit, daß absterbendes
639 2064 1916 2108 Paola mit großem künstlerischen Geschick zu vollem Ausdruck. Mar Brückner
133 2065 623 2125 den Schaffensdrang raubt,
635 2096 1909 2152 spielte seinen Leonhard, der sich dann in einen Lionardo verwandelt,
135 2102 620 2153 verliehen. Und der Dichter
644 2139 1914 2194 mit viel Wärme. Nur stört es mich, daß der strebsame Künstler, um
129 2141 627 2206 Satze: Schwindet das
632 2176 1906 2228 den etwas jugendlich=lichten Timbre seines Organs zu verschleiern, seiner
138 2183 624 2239 ndere im Siegeslauf, so
641 2218 1900 2259 Vocalisirung immerfort eine manirirt dunkle Färbung aufträgt, die für
136 2223 628 2281 bens=Torso, . werde zum
637 2245 1916 2301 die Dauer recht unnatürlich wirken muß. Jean Hofmann ver¬
177 2259 620 2320 zur „lebendigen
637 2291 1914 2353 lieh seiner kleinen aber bedeutungsvollen Rolle das vom Dichter geforderte
183 2297 621 2356 Martyrium zur Qual
634 2334 957 2399 Imponderabile.
170 2334 624 2393 schaffen an. Deine
135 2375 621 2427 mmen ließest, wird Deinen
698 2357 1910 2431 Als dritte Darbietung folgt im Cyclus „Die letzten Masken“.
142 2419 630 2471 endigen“ Stunden im
639 2408 1907 2465 Ein bühnenwirksames Drama von reichlicher Handlung. In der Er¬
1174 2450 1221 2485 7
137 2449 618 2509 ommt im Drama, von
644 2450 1908 2501 findung nicht eben bedeutend. Im Colorit wohlgelungen. Die Handlung
126 2492 625 2549 gück. Selbst die beste Dar¬
647 2499 1914 2542 spiegelt diesmal allerdings eine „lebendige Stunde“ wieder: Den
135 2530 629 2582 atsache. Also mache ich es
633 2531 1909 2583 letzten, großzügigen Persönlichkeits=Ausbruch eines schiffbrüchigen Jour¬
143 2573 628 2623 Willi nicht weiter zum
644 2571 1907 2635 nalisten, der in seiner Todesstunde einen „glücklicheren“ Rivalen durch
130 2617 618 2666 kaum zu einem Achtungs¬
635 2614 1903 2657 ein paar Worte vernichten könnte. In diesem machtvollen „könnte“
132 2647 620 2701 liß das nächste Mal bei der
643 2648 1913 2699 liegt hier das riesenhafte Moment des „Lebendigen“. Daß der Sterbende
137 2689 621 2739 eren Hintergrund sorgen.
638 2681 1923 2733 dieses „könnte“ nicht im voll=unheimlichen Umsange ausbeutet, giebt
635 2729 1913 2785 dem Ganzen einen versöhnenden Schluß. Wir haben noch außerdem —
129 2727 617 2784 gewährte besonders dann
1739 2761 1914 2818 das be¬
142 2762 625 2835 tenmann in „flammende“.
642 2774 1747 2821 gerade beim Anblick dieses weltverlassen Dahinsterbenden —
645 2800 1919 2858 ruhigende Gefühl, daß eine „lebendige“ Stunde keinem Irdischen versagt
635 2851 1918 2892 bleibt: Die Todesstunde... Die Darstellung stand in diesem
120 2828 627 2904 nt Arthur Schnitzler sein
638 2881 1912 2937 Stücke auf glänzender Höhe. Ernst Bornstedt schuf als verkommener
123 2892 626 2937 kamatische, nein auch eine
651 2929 1917 2975 Zeilenschreiber eine Musterleistung, der sich Robert Forsch mit seiner
133 2932 617 2976 diesem mystischen Sammel¬
638 2964 1927 3016 liniensicheren Interpretation des cynisch=welterhabenen Mimen Jackwerth
138 2970 619 3022 was der Dichter selber gar
643 3004 1921 3054 würdig anschloß. Lothar Mehnert in einer Maske, die mich verteufelt
121 3006 633 3068 ler und weiß, daß ihm der
639 3047 1918 3103 an den Wiener Schriftsteller und Kritiker Hermann Bahr erinnerte,
141 3044 623 3106 wenn er sich als Dichter
650 3086 1918 3133 mimte seinen ebenso blasirt=weltmüden wie eitlen Weihgast virtuos.
129 3086 623 3132 st man versucht, gerade
650 3116 1917 3189 In kleineren Rollen bewährten sich Georg Wittmann, Bernhard
138 3126 628 3178 moletts einen steinfesten
642 3160 1461 3209 Wildenhain und Agnes Wenkhaus.
127 3168 621 3214 ischen Andeutungen weiter
689 3181 1922 3249 Das abschließende Lustspiel „Litteratur“ den Leipzigern vom
135 3206 608 3260 Schluß: „Lebendig“
648 3232 1918 3298 letzten Winter her aus einer Matinée bekannt, wurde in diesem Blatte
142 3228 628 3296 nißvoll gähnende Klüfts
654 3285 1919 3337 bereits gewürdigt. Es zeigt Schnitzler's lebenswahren Humor im besten
141 3270 630 3332 ischen Seins erst dann
640 3323 1930 3357 Lichte und errang gestern Abend dank der vorzüglichen Darstellung leb¬
143 3320 635 3380 henleben aufs Spiel
150 3357 631 3413 vollen Lebens=Genusse
638 3355 1921 3413 haften Beifall. Margarethe Frey, an deren außerordentlich feinsinniger
183 3398 1924 3460 mit dem Dolche in der Kunst ich keine Minute zweifelte, mimte ihre Margarethe mit einem sicherem
2033 202 2493 292 box 21/3
1916 1228 3218 1316 Stich in die Charge, der hier ganz ebenso angebracht ist wie bei ihren
1929 1288 3195 1344 männlichen Partnern. Daß Lothar Mehnert und Arthur Eggeling¬
1913 1326 3198 1374 in ihren Rollen ein paar Glanzleistungen schufen, betone ich nicht weiter.
1920 1363 3201 1408 Beide Künstler hoben im Bunde mit Margarethe Frey einen echten
1926 1398 2612 1448 Schnitzler aus der Taufe: Wohl ihm!
1973 1431 3198 1495 Das gutbesetzte Haus zeigte sich nach den beiden ersten Stücken reser¬
1927 1482 3200 1533 virt. Opposition gab's nicht. Dazu sind die Sachsen zu „gemüthlich“.
1924 1519 3198 1558 Ich selber hätte mich ja gefreut, wenn Schnitzler Nr. 1 und Nr. 2 etwas
2917 1561 2957 1592 194
1924 1559 3203 1605 deutlicher abgelehnt worden wären. Weil im Wiener Meister ein
1925 1596 3202 1643 Talent steckt, das sich unmöglich in symbolistischen Kleinkram verlieren
1925 1636 3202 1684 darf, soll uns Mitlebenden nicht ein großer Wurf aus Schnitzler's
1926 1668 3200 1730 genialer Feder ein für alle Male vorenthalten bleiben. Schnitzler
1926 1709 3202 1766 muß sich endlich einmal sammeln. Was aber bläst deutlicher
1922 1754 3125 1798 zu solch einem „Sammeln“, als ein unzweideutiges Fiasko?
1975 1791 3196 1845 Ein Besuch des Cyclus „Lebendige Stunden“ ist jedem
1928 1811 3211 1886 Freunde guter litterarischer Kost zu empfehlen. Bot uns Schnitzler
1918 1868 3197 1934 auch keine Meisterwerke, so stehen wir doch vor Schöpfungen.
1926 1905 3258 1959 die uns deutlich predigen: Es wandeln noch immer Dichter unter der  —
1921 1944 2178 2011 Sonne.
2832 1946 3264 2018 Artur Pleisener
1981 2011 3200 2081 * Stadttheater. (Direction Staegemann.) Neues Theater.
1920 2064 3198 2127 Heute: Der Bajazzo“, hierauf: „Die Puppensee“, zum Schluß:
1921 2110 3200 2171 „Die schöne Galatyea“. — Altes Theater. Heute: 5. volksthüm¬
1923 2161 3203 2225 liche Vorstellung zu halben Preisen: „Der Heerohme“. (Das inter¬
1924 2196 3209 2245 essante, von der Stimmung des großen Jahres 1870 durchwehte
1936 2246 3201 2302 Werk hatte wie bei der Erstaufführung hier so auch kürzlich am
1928 2294 3204 2354 Berliner Lessing=Theater einen glänzenden Erfolg.) — Morgen
1934 2336 3196 2394 geht im Neuen Theater die vieractige Lustspielnovität „So leben
1934 2374 3204 2433 wir“ von L. Leipziger erstmalig in Scene, besetzt durch die Damen
1925 2419 3206 2480 de Lalsky, Göricke, Volewska, Dalldorf und die Herren Hänseler
1933 2463 3201 2519 (gleichzeitig Regisseur der Vorstellung), Schuy, Huth, Hahn und
1933 2512 3208 2567 Heyse. — In der morgen im Alten Theater stattfindenden ersten
1928 2532 3211 2609 Aufführung von Anzengruber's Bauerncomödie mit Gesang
1936 2606 3211 2658 „Die Kreuzelschreiber“ sind beschäftigt die Damen Jurberg, Buse,
1939 2654 3204 2691 Huth, und die Herren Heine, Demme, Haas, Sukfüll, Sturmfels,
1928 2689 3211 2739 Greiner, Walter, Röbbeling und Sternberg. Die Inscene leitet
1933 2728 2402 2800 Herr Regisseur Haas.
2029 2756 3215 2835 Leipziger Schauspielhaus. (Direction Hartmann.) Suder¬
1931 2823 3205 2880 mann's „Ehre“ wird heute, Mittwoch, wiederholt, und am
1924 2859 3201 2911 Donnerstag findet eine Aufführung des so beifällig aufgenomme¬
1932 2898 3205 2956 nen Lustspiels „Liselott“ statt. Bei kleinen Preisen erscheint im
1939 2943 3209 3004 Freitag=Abonnement „Emilie Galotti“. Es sei an dieser Stelle
1936 2998 3208 3043 betont, daß die Abonnenten bei den nächsten Gastspiels=Vor¬
1945 3036 3211 3097 stellungen zu erhöhten Preisen nichts nachzuzahlen haben, wodurch
1946 3074 3212 3141 der Ausgleich, wenn sie dann und wann eine Vorstellung zu
1937 3125 3218 3191 kleinen Preisen haben, geschaffen ist. Die erste Wiederholung
1935 3166 3209 3223 von „Lebendige Stunden“ bringt der kommende Sonnabend und
1940 3202 3213 3278 die nächste Aufführung „Die Schmetterlingsschlacht“ findet Sonne
1948 3264 2275 3323 tag Abend statt.
2050 3274 3213 3359 Generalmusikdirector Fritz Steinbach ist einstimmig zum
1952 3340 3203 3403 Capellmeister des Conservatoriums und Leiter der Gürzenich¬
1943 3383 3203 3455 concerte in Köln an Stelle Franz Wüllner's gewählt worden.
