3484 4256
1258 165 1401 236 ind
312 160 1974 257 16.1. Lebendige Stin Zyklus
842 1219 1321 1316 Telephon 12801.
447 1335 1685 1406 Zlex. Weigl’s Unternehmen für Zeitungs-Ausschnitte
692 1392 1688 1528 „OBSERYED“ Auscuitt
1491 1444 1762 1539 Nr. 15
339 1487 1793 1603 L. österr. behördl. conc. Bureau für Zeitungsberichte u. Personalnachrichten
567 1570 1590 1673 Wien, IX/1, Türkenstrasse 17.
754 1643 1397 1733 Filiale in Budapest: „Figyelö“ —
340 1716 1781 1811 Vertretungen in Berlin, Chicago, Genf, London, Newyork, Paris, Rom, Stockholm.
337 1844 869 1931 Ausschnitt aus:
344 1990 877 2121 vora 4/ 7720
578 2446 1685 2527 (Carl=Theater.) Arthur Schnitzler's Einguter¬
494 2486 1671 2578 Cyklus „Lebendige Stunden“ wurde gestern von
493 2558 1666 2627 den Schauspielern des Berliner Deutschen Theaters auf¬
501 2607 1698 2651 geführt. Es ist bezeichnend für die hiesigen Bühnenzustände,
498 2644 1678 2720 daß wir auf den Iimport warten müssen, um den feinsten
498 2693 1676 2750 und bedeutendsten Wiene: Dichter gespielt zu sehen. Das
501 2737 1680 2800 Ensemble des Deutschen Theaters ließ gestern jene stimmungs¬
319 2746 446 2819 Für
495 2778 1743 2848 volle Geschlossenheit, durch die es sich sons auszeichnet, ver- ive
503 2817 1718 2890 missen. Die künstlerische Disciplin scheint gelockert, und es ).
490 2868 1726 2934 wird nach der natürlichen, wie nach der theatralischen Seite ar
500 2906 1744 2974 Unbedenkliches an Uebertreibungen geleistet. Am schönsten ius.
344 2915 508 2975 " 10
540 2953 1649 3000 # gestern Herr Bassermann hervor, der Verwand¬
1665 2975 1758 3034 das
318 2996 1660 3046 Abonne lungsfähigkeit zeigte, Rittner, dessen prachtvolle Natur
1662 3013 1788 3073 den
317 3037 1658 3095 Abonner wir ja schon kennen, dann noch Herr Reinhardt. Herr
478 3084 1667 3143 Kayßler ist immer noch kein Liebhaber und wird immer
478 3130 1650 3208 noch nicht als Charakterdarsteller verwendet. Fräulein Triesch
1662 3135 1764 3201 die
314 3170 1659 3239 Inhalts: hat vor dem Wiener Publicum viele Hindernisse zu bestehen.
1661 3189 1757 3237 en¬
322 3213 1757 3293 blätt Ueber Schnitzler's Dichtungen sprechen wir noch ausführlich, ng“)
327 3247 501 3297 wodurch
1644 3253 1758 3314 liche
324 3281 488 3335 Leben
1052 3267 1755 3372 ener Murze gebeten wild. Diese Mit¬
321 3305 1354 3408 theilungen werden in Wien um 9 Uhr Früh verschickt.
648 3401 1426 3496 Prospecte gnatis und franco.
2118 170 2553 275 box 21/3
2370 1265 2840 1378 Telephon 12801.
1981 1374 3215 1465 Zlex. Weigl's Unternehmen für Zeitungs-Ausschnitte
2986 1445 3215 1527 Ausschnitt
2219 1450 2876 1589 „OBSERYER‘
3036 1507 3289 1604 Nr. 12
1864 1565 3315 1651 I. österr. behördl. conc. Bureau für Zeilungsberichte u. Personalnachrichten
2098 1634 3106 1734 Wien, IX/1, Türkenstrasse 17.
2277 1703 2908 1782 Filiale in Budapest: „Pigyelö“-
1853 1762 3308 1865 Vertretungen in Berlin, Chicago, Genf, London, Newyork, Paris, Rom, Stockholm.
2528 1830 2952 1967 Aaenspuof
1853 1900 2391 1998 Ausschnitt aus:
1863 2035 2386 2134 vom:77 Z
2098 2349 3035 2459 Theater, Kunst und Musik.
2220 2433 3125 2522 Carl=Theater. Das gestrige Gastspiel des
2053 2485 3111 2561 Berliner Deutschen Theaters befriedigte nicht. Vier
2061 2532 3117 2609 Einacter von Arthur Schnitzler, darunter drei zum
2055 2558 3119 2641 Erbarmen mager, an Neuheit, Form und Witz mittel¬
2063 2613 3118 2697 mäßige Lagerarbeit und dazu ein Spiel, das unseren
2048 2679 3114 2733 Wiener Ansprüchen, so bescheiden dieselben sein
2048 2703 3106 2772 mögen, herzlich wenig entgegenzukommen vermag,
2048 2761 3114 2810 das ist doch ein bischen gar zu wenig, um einen Sieg
1960 2784 3102 2864 s0 davon zu tragen. Nach den drei ersten Stücken
1836 2810 1965 2886 Für
1956 2846 3272 2915 100 „Lebendige Stunden", „Die Frau mit dem Dolche“ melusive
1949 2882 3232 2942 200 und „Die letzten Masken“ bot nur der letzte Einacter Porto.
1947 2940 3243 2997 500 „Literatur“ einige Erquickung. Die Herren Anhänger Zahlbar
1871 2965 3278 3045 " 1000 des Verfassers thaten natürlich ihr Möglichstes, um Voraus.
1972 3022 3296 3080 Im den schalen Eindruck des Abends zu verwischen. Voll## ist das
1841 3062 3292 3147 Abonnem, den Darstellern hat sich wirkliches Verdienst Herrcht es den
1833 3107 3164 3177 Abonnent Bassermann erworben, die übrigen Kräfte kamen ern.
2050 3150 3102 3222 entweder nicht zur Geltung, oder nicht vortheilhäft¬
1972 3193 3299 3263 Der „UBSERVER“ veranstaltet täglich einen Auszug enthaltend die
1840 3229 3285 3289 Inhaltsangabe aller wichtigen Mittheilungen der Wiener Morgen¬
1852 3268 3277 3339 blätter (Tagesjournale ausser „Neue Freie Presse“ und Wiener Zeitung")
1848 3308 3291 3365 wodurch eine Uebersicht über das gesammte politische und wirthschaftliche
1847 3343 3295 3413 Leben des In- und Auslandes in drastischer Kürze geboten wird. Diese Mit¬
1839 3395 2872 3463 theilungen werden in Wien um 9 Uhr Früh verschickt.
2169 3476 2951 3546 Prospecte gratis und franco.
