3436 4256
1159 288 1245 362 S
1289 293 1467 363 unde
351 302 2018 417 16.1. Lebendigeunden Zvklus
2152 299 2626 406 box 21/2
1604 645 1746 793 820
2239 650 2604 854 ∆ 2
1743 760 1885 855 8
2094 858 2339 943 K
2677 889 2763 940 —7
2270 921 2886 1021 ane.-g
1471 896 2611 1102 B
1276 812 1462 1050 H
1714 973 1794 1027 1
593 953 993 1063 095
1082 968 1229 1044 22
2839 968 3140 1086 7743 Uhrr
2695 991 2866 1048 I
1095 1019 1154 1056 8
629 999 1102 1112 SS
1479 1014 1744 1117 AS
1015 1048 1251 1133 DEE
1733 1016 2215 1150 S
2193 1051 2277 1122 80
2231 1071 2387 1155 S
702 1104 1190 1207 Dl
2203 1121 2358 1206 S
1226 1163 1279 1218 7
1494 1151 1643 1229 S
2673 1157 2742 1210 —
978 1181 2542 1296 O
702 1179 898 1287 SE
696 1179 801 1344 70
542 1341 619 1426 &.
949 1283 3062 1507 Die „Musik- und Theaterwelt“
625 1416 960 1534 D
1637 1469 2764 1583 Berliner Wochenschrift.
726 1567 2902 1644 Eigenthum und Verlag: Dr. M. Alfieri, Berlin W., Litzow-Strasse 106.
602 1666 1166 1740 V. Jahrgang. No. 2.
1527 1675 2104 1746 Erscheint Donnerstags.
2299 1687 3012 1763 Berlin, den 9. Januar 1902.
615 1784 1803 1838 Die „Musik- und Theaterwelt“ ist durch die Expedition, Berlin W.,
2152 1802 2740 1856 Die einzelne Nummer kostet 80 Pf.
559 1810 1794 1889 Lützowstr. 106, durch alle Buch- und Musikalienhandlungen und durch alle Post¬
1898 1808 3065 1905 nzeigenpreis: Die einspaltige Petitzeile oder deren Raum kosel 30 DT.
558 1855 1802 1931 Acmter zu bezichen. Der Abonnementspreis beträgt pro Jahr 10 Mark. Bei
1882 1883 3004 1953 auf den Umschlag 50 Pf. Adressentafel pro Zeile jährlich 5 Mark.
564 1902 1811 1974 direkter Zusendung für Deutschland und e#esterreich 2.50 Mk, vierteljährlich; für
2047 1924 2853 1978 Postzcitungsliste No. 517“. — Telephon VIa, 11710.
565 1938 1740 1988 die anderen Länder des Weltpostvereins 3 Mk. vierteljährlich pränumerando.
1888 1941 3011 2023 Das Abonnement gilt nur bei ausdrücklicher Abbestellung für aufgehoben.
1979 2009 2915 2082 —.
774 2049 1909 2105 Nachdruck der Original-Arbeiten ist nur mit
1908 2053 2851 2116 vollständiger Quellenangabe gostattet.
1373 2151 1863 2267 Deutsches
1885 2153 2254 2269 Theater.
657 2241 1818 2334 Am Sonnabend ging Arthur Schnitzlers Einaktereyelus
1842 2259 3077 2349 da oben in dem Bilde. Und während sie noch grübelt,
565 2287 1808 2382 in Scene. Es wäre falsch, wollte man ein gemeinschaft¬
1843 2319 3085 2400 verlangt ihr Geliebter, eben jener junge Mann, stürmisch
565 2339 1811 2419 liches Urtheil über den ganzen Abend abgeben. Bei vier
1837 2360 3078 2438 dee Gewährung eines seligen Augenblicks. Sie zögert, sie
557 2384 1798 2464 Einakter kann der eine gut, der andere weniger gut sein.
1835 2405 3085 2472 schwankt. sie kämpft mit sich und in diesem Kampf um¬
556 2437 1807 2505 deshalb bedarf es eines Urtheils von Fall zu Fall. Der
1829 2451 3074 2522 Tfichten sich ihre Sinne plötzlich und ein wirres Traum¬
559 2484 1812 2554 erste Einakter „Lebendige Stundene war thatsächlich ein
1832 2508 3070 2565 bild beherrscht ihre Seele. In diesem Traumbild aber
560 2519 1338 2593 Fall, jedenfalls war es kein Erfolg.
1835 2536 3082 2608 find“t sie die Lösung für das Bild. Die Frau mit dem
641 2552 1802 2635 Schnitzler wirft darin folgendes Problem auf: In jedem
1837 2588 3081 2655 Dolch hat den Jüngling getödtet, am Morgen, nach einer
552 2610 1796 2688 Leben spielen sich Stunden ab. die werth der Erinnerung
1838 2630 3082 2703 wilden Nacht, gerade als ihr Mann sie überraschte bei
556 2662 1800 2725 sind. Ereignisse, an denen unser Seelenleben theilge¬
1835 2677 3082 2749 der Rückkehr von einer weiten Reise. Sie sieht also in
548 2690 1789 2776 hommen, geben ihnen ein lehendiges Gepräge Sie ver¬
1834 2727 3072 2797 diesem Traumbilde die Gefahr. der sie entgegengeht, durch
548 2746 1798 2823 hallen nicht, sie verklingen nicht, sie verlieren das Ver¬
1844 2772 3069 2839 die Gewährung jener Bitte ihres Geliebten, aber — als
551 2796 1801 2861 gängliche der Zeit, es sind Begriffe, Denksteine geworden,
1828 2811 3075 2875 sie erwachte und noch unter dem Eindruck der gesehenen
560 2829 1795 2902 dlie tief in unserem eigenen ich wurzeln und mit uns ver¬
1836 2854 3074 2927 Phantasieen steht — gestattet sie, was von ihr gefordert
555 2874 1792 2956 wachsen bleiben. Solche Stunden sind eben „lebendige
1840 2899 3066 2963 wird, eilt festen Schrittes nach Hause, um am Abend ihren
549 2925 1799 2994 Stunden“, sie zittern noch nach in uns, nachdem längst
1830 2935 2354 3004 Geliebten zu erwarten.
547 2956 1803 3059 das Ereigniss geschwunden ist. das ihnen einst Leben und
1910 2975 3061 3057 Das Stück hai einen eigenartigen Reiz in der ganzen
555 3005 1062 3072 Odem verliehen hat.
1827 3011 3061 3104 Composition. Das Originelle und Reizvolle ist eben die
646 3028 1800 3138 Gewöhnlich ist es die Erinnerung an ein liebes Wesen
1826 3068 3061 3149 Idee selbst. ihre Ausführung jedoch hat vieles von ihrer
558 3107 1789 3180 das der füchtigen Stunde den bleibenden Zauber leiht.
1842 3121 3065 3189 Schönheit genommen. Bis zum letzten Wort ist es
552 3133 1799 3220 Schnitzler fragt nun, ob der Dichter berechtigt ist diese
1841 3166 3054 3231 ein Feuilleton. ein harmloses Geplauder, mark- und kraftlos.
554 3189 1779 3260 Stunden festzuhalten in seinen Werken, ob er seine in¬
1837 3207 3016 3275 Dramatisch ist eben eins das letzte Wort: ich komme.
558 3229 1787 3303 timsten Empfindungen, sein heiligstes Fühlen, das in jenen
1900 3251 3051 3321 Der dritte Einakter: „Die letzten Masken:: In einem
546 3273 1781 3347 Stunden wachgerufen wurde, dem Ehrgeiz, dem Ruhme
1816 3295 3047 3366 Spital liegt ein Schriftsteller, der Redakteur einer Zeitung,
555 3321 1799 3399 opfern darf. sie der profanen Welt preisgeben und ihnen
1827 3337 3059 3409 im Sterben. Er hat sich zeitlebens geplagt, sein Talent
554 3367 1795 3441 dadurch einen dauernden Werth verleihen darf? ich sage:
1820 3385 3058 3451 und seine Fähigkeiten in dem geschäftsmässigen Dienst
545 3407 1786 3469 Schnitzler fragt, ob das der Dichter darf — aber er be¬
1817 3427 3049 3508 der Tagespresse vergendet. In seiner Sterbestunde über¬
544 3448 1782 3521 antwortet diese Frage nicht. Er lässt sie offen. Wodler
1813 3462 3061 3545 kommt ihn Wuth, Hass und Ekel vor seinem verpfuschten
550 3490 1775 3569 die Frage, noch die Art und Weise, wie sie gestellt inter¬
1817 3520 3051 3589 Leben. Er musste sich immer beugen und ducken vor
548 3549 1776 3624 essirt in dem Stück. Das Ganze ein geistloser, stimmungs¬
1803 3548 3047 3636 Mächtigeren, vor Unfähigeren als er war; sie nützten ihn
548 3581 1543 3646 loser. bewegungsloser und zweckloser Dialog.
1817 3601 3052 3673 nür aus, sie gebrauchten seine Kräfte und lohnten ihn
644 3634 1788 3703 Das zweite Stück: „Die Frau mit dem Dolchr. In
1813 3648 3051 3722 dann ab — Pfennigweise. Er möchte ihnen nur einmal
547 3652 1781 3746 einer Bildergallerie sehen wir ein Bild, eine Frau mit
1822 3692 3047 3775 #och die Wahrheit sagen, allen, die ihn immer über die
545 3717 1786 3777 einem Dolch, vor ihr liegt ein toter Jüngling. Wie ist
1807 3731 3044 3813 Achsel angesehen haben — besonders aber einem, seinem
551 3768 1779 3817 das Bild entstanden, was soll es bedeuten, warum hat die
1804 3774 3039 3869 früheren Freunde, den er hasst seiner Grösse, seiner Be¬
539 3800 1774 3884 Frau den Jüngling getödtet? Wer das Bild sieht, stellt
1824 3823 2175 3888 deutung wegen.
546 3849 885 3921 diese Fragen.
1887 3856 3048 3935 Die Leute halten diesen Freund für einen Dichter.
649 3896 1775 3974 Vor diesem Bilde treffen sich nun ein junger Mann
1816 3898 3045 3995 et weiss es aber besser, er kennt ihn von früher her, es
539 3921 1768 4016 und eine junge Frau, auch diese beiden stellen die Frage.
1813 3958 3047 4041 ist alles Schein und Mache von ihm. Man ruft diesen
559 3983 1768 4048 wenigstens die junge Frau thut es — es interessirt sie.
1809 4003 3044 4088 Frcund, und ails er kommt, erwarten wir den Ausbruch des
549 4013 1778 4107 den Zusammenhang zu ergründen zwischen den beiden
1823 4048 3040 4136 lang verhaltenen Grolls, aber im entscheidlenden Augen¬
531 4077 3011 4194 g Für unsere nächste, am Donnerstag, den 16. Januar 1902 erscheinende Nummer erbitten wir die
535 4156 3054 4262 geschätzten redactionellen Zusendungen u. Inseraten-Aufträge bis Dienstag, 14. Januar 1902 Vorm.
