3484 4192
1252 70 1394 144 Ind
2103 79 2543 182 box 21/3
281 83 1981 198 16.1. Lebendige Stungen- Zyklus
2522 1298 2775 1386 —
1541 1358 3373 1458 ist denn deine ganze Schreiberei, und wenn du das größte Genie der vielleicht weniger werth war al
380 1257 1322 1491 Gu ((Feuilleion.
1555 1395 3371 1501 bist, was ist sie denn gegen so eine Stunde, so eine lebendige Stunde, Er muß sterben, und jener lebt im
1556 1448 3377 1553 in der deine Mutter hier auf dem Lehnstuhl gefessen ist und zu ihm noch jetzt, in seinen letzten Auge
473 1485 1490 1580 Gastspiel des Deutschen Theakers.
1545 1488 3358 1592 uns geredet hat, oder auch geschwiegen — aber da ist sie gewesen eitel sein Glück ist, wie sein Weib i
1600 1551 3383 1647 da' und sie hat gelebt, gelebt!“ antwortet der Junge: „Levendige schaut hat und durch zwei Jahre sein
486 1555 1552 1639 Gestern begann im Carl=Theater das heurige Gast¬
1555 1590 2716 1673 Stunden? Sie leben doch nicht länger als der Letzte, der sich ihrer
2700 1616 3377 1690 Geliebte gewesen ist — eine Art
389 1603 1561 1694 des „Deutschen Theaters“ aus Berlin. Es brachte
1554 1634 2707 1730 erinnert. Es ist nicht der schlechteste Beruf, solchen Stunden Dauer
384 1642 1559 1736 uns gleich am ersten Abend unseres Landsmannes Arthur
2692 1655 3372 1741 doch. Und der Arzt thut ihm den
1558 1691 2224 1761 zu verleihen, über ihre Zeit hinaus.“
387 1691 1559 1779 Schnitzlers „Lebendige Stunden“. Vier Einakter.
2697 1701 3366 1783 Und da er, der Lebenstrotzende, am
1651 1733 2712 1805 In der „Frau mit dem Dolche“ sehen wir
374 1746 1557 1824 Eigentlich ist es nicht schön, daß erst ein Berliner Ensemble uns
2697 1748 3367 1833 überkommt diesen unsägliche Verachtn
1551 1767 2711 1863 einen jungen Mann bei einem Rendezvous mit einer verheirateten
387 1790 1551 1877 mit den neuesten Erzeugnissen eines Wiener Dichters bekannt
2696 1802 3370 1882 mit den Leuten zu schaffen, die m
1552 1823 2712 1903 Frau in einer Gemäldegalerie. Sie stehen vor einem Bilde eines
2692 1843 3377 1924 werden?“ Er sagt nichts und stirbt.
386 1855 1554 1927 machen muß. Und dieser Dichter ist einer unserer besten. Die vier
1554 1876 2715 1962 alten unbekannten Meisters, der 1530 gestorben ist. Eine Frau
381 1883 1552 1976 Einakter, deren erster dem ganzen Zyklus den Namen gegeben hat,
2802 1887 3369 1970 Das letzte Stück heißt „Liter
1550 1918 2706 1993 steht da mit gezücktem Dolche. Frau Pauline ist noch unent¬
380 1938 1557 2035 sind in Berlin freundlich ausgenommen worden und liegen auch
2689 1923 3366 2011 Lustspiel. Die junge Frau Marg#
1555 1971 2696 2040 schlossen, ob sie dem Wunsche des jungen Mannes Leonhard ent¬
2690 1992 3363 2073 Scheidung von ihrem Manne nach
378 1980 1561 2079 schon längere Zeit in einer Buchausgabe (Berlin, S. Fischer) vor.
1544 2016 2701 2095 sprechen, ob sie am Abend zu ihm kommen soll. Sie wird von
376 2034 1558 2133 Der Gesammttitel kann in mannigfaktigen Beziehungen zu den
2695 2029 3368 2106 ein Bohlmeleben durchgemacht. M
1548 2062 2705 2143 dem Bilde, vor dem sie stehen, förmlich hypnotisirt. Die Frau
382 2091 1561 2161 Handlungen gebracht werden, und es liegt Reiz darin, na## en,
2690 2079 3366 2155 Gilbert, hat sie sich ziemlich weit eing
1547 2108 2710 2191 auf dem Bild, sagt sie, das bin ich. Und der todte Jüngling, der
377 2126 1552 2228 in welchem Sinne der Autor ihn in jedem einzelnen Falle wohl
2693 2131 3371 2202 den Hof gemacht und sich gegenseitigh
1545 2153 2701 2236 dort in der Ecke liegt, das bist du, Leonhard. Rasch verändert
367 2169 815 2240 gemeint haben könnte.
2697 2183 3348 2249 T#ist der Aristokrat Clemens in
1544 2202 2690 2279 sich die Szene. Wir sind in einem italienischen Maleratelier des
2679 2233 3356 2289 die Margarethe erobert. Er ist m
487 2215 1559 2300 Das erste Stück „Lebendige Stunden“ ist ein schönes
1541 2258 2705 2334 16. Jahrhunderts: Nach einer glückseligen Nacht soll Lionardo
372 2271 1547 2355 Stimmungsbild. Ein alter Mann hat das Weib eines Anderen
2681 2272 3361 2340 will sie heiraten. Aber von ihrer D
1548 2296 2701 2373 Paola verlassen. Paolas Gatte, der Maler Remigio, ist sern.
368 2310 1548 2394 geliebt, die, von ihrem Manne verlassen, bei ihm neues Glück
2688 2329 3361 2388 Als sie ihm gesteht, daß sie einen R#
1542 2337 2699 2412 So hat sie sich dem Lionardo ergeben, aus Liebe? Nein, er ist
365 2360 1544 2450 gefunden hat. Vielleicht nur das Glück echtester Freundschaft. Ihr
2688 2377 3357 2436 schon gedruckt und soll nächstens her
1533 2393 2693 2478 ihr so gleichgiltig. Unvermuthet kommt Remigio. Lionardo wird
372 2407 1540 2491 Junge, der zwischen seiner Mutter und ihrem Herzensfreunde auf¬
2691 2409 3368 2482 kommt auf der Durchreise zu Besuch
1544 2438 2697 2508 ihn tödten. Um das zu verhindern, sticht sie ihn nieder. Remigio,
365 2445 1549 2540 gewachsen ist, hat das Verhältniß durchschaut und geachtet. Er ist
2689 2462 3365 2522 entspinnt sich, in dessen Verlauf wir
1533 2474 2690 2558 in diesem Augenblick nur Maler, sieht in seinem Weibe jetzt nur
368 2503 1547 2590 ein Dichter. Er liebt seine Mutter, aber ihre stete Kränklichkeit, die
2683 2504 3367 2574 dichterischen Dioskurenpaares erfahren
1537 2529 2700 2609 das Modell des Bildes, das er in Arbeit hat, der Frau mit
358 2536 1543 2629 sich immer mehr steigert und qualvoll wird, bedrückt und beengt
2687 2565 3360 2625 sie beide den Roman ihrer Liebe gesch
1536 2578 2691 2657 dem Dolche. Rasche Verwandlung. Wir sind wieder in der
2689 2608 3343 2666 zwischen ihnen gewechselten Briefe
369 2593 1539 2679 ihn Seine gute Mutter sieht das, und in ihrer Liebe zu ihrem
1530 2618 2686 2695 Gemäldegalerie. Leonhard und Pauline trennen sich. Und als
358 2631 1533 2727 Sohne und in ihrer Angst um ihn und um seine künstlerische
2683 2661 3356 2720 kommt zurück. Er war bei Marg
1526 2660 2686 2751 Leonhard fragt: „Und heut Abend?“ sagt sie: „Ich komme.“
2678 2688 3351 2761 ganze Auflage aufgekauft. Alles w
363 2677 1542 2771 Entwieklung, die vielleicht neben ihr, der Siechen, für immer
1532 2715 2685 2799 Von allen vier Stücken ist dieses das nachdenksamste. Man
2690 2744 3363 2813 Exemplar hat er mitgebracht. Das m
363 2731 1544 2830 stockt, trinkt sie eines Abends das Fläschchen Morphium aus und ist
1529 2760 2685 2856 könnte vieles hineingeheimnissen. Doch auch als reines Spiel der
2680 2800 3360 2852 auch ein Exemplar seines Romanes
355 2783 1549 2862 am anderen Morgen todt. Der Junge hat es nicht gewußt. Er
1534 2814 1942 2880 Phantasie ergötzt es.
2682 2831 3359 2903 gut werden. Doch Margarethe ent
355 2839 1534 2903 hat sich durch Reisen zu zerstreuen gesucht. Zurückgekehrt, erfährt
1636 2860 2686 2939 Das wirksamste Stück ist das dritte: „Die letzten
362 2865 1549 2972 er den Zusammenhang von dem Freu.“ seiner Mutter, dem sie
2678 2886 3355 2954 wirft ihn in den Ofen. Dadurch gib
1531 2891 2695 2991 Masken.“ Ein dem Tobe naher Inwohner des allgemeinen
2690 2931 3355 3000 Beweis ihrer Liebe! Die Farce ist
355 2922 1534 3014 in einem Abschiedsbrief alles erzählt hat. Sie ist für ihren Sohn
1528 2953 2696 3036 Krankenhauses, der Jourualist Rademacher, erinnert sich seines
2785 2974 3351 3044 Bevor ich von der Darstellung
344 2960 2694 3081 gestorben. Sie hätte noch, nach dem Ausspruche des Arzies, einige] Jugendfreundes, des jetzt angesehenen Schriftstellers Alexander
2680 3022 3360 3098 Wort von und an Schnitzler selbst
360 3019 3351 3137 Jahre leben können. Auf den Vorwurf des alten Freundes: „Was Weihgast. Während er im Elend verkommen muß, ist der andere, diesen vier Einaktern bietet, das ist
