3436 4384
987 62 1746 140 Vertretungen in Berlin, Chleage, d.
959 201 1471 277 Ausschnitt aus:
1558 202 1961 373 Wissee
949 315 1545 428 vora 7—777 2-
1348 589 2355 728 ** Im Carl=Theater begann gestern die Gesell¬
1305 642 2347 768 schaft des Deutschen Theaters in Berlin ein Gastspiel. Man
1297 694 2346 831 führte vier einactige Stücke Arthur Schnitzlers zum
1297 753 1911 840 ersten Male auf. Es waren dies:
1322 804 2340 927 1. „Lebendige Stunden“, Schauspiel in einem Auf¬
1280 845 2344 983 zuge. — Es ist eine Art Vorspiel des Cyklus, welches die
1283 901 2339 1025 lebendigen Stunden preist, die Stunden, in denen man das
1283 944 2340 1073 Recht auf das Leben voll geltend macht oder in welchen das
1285 992 2339 1108 Leben sein Recht beansprucht. Eine ältere Frau stirbt, ihr
1281 1044 2349 1181 Freund betrauert sie und kann es dem Sohne der Ver¬
957 1106 1254 1174 Für 50 Zeitu
1275 1097 2337 1224 hlichenen nicht verzeihen, daß dieser, ein Dichter, in der
1075 1159 1173 1206 100
1001 1162 1065 1216 „
1272 1143 2388 1292 Trauerzeit wenigstens nicht, auf das „Schaffen“ verzichten s.
1073 1191 1176 1243 200
1064 1235 1172 1281 500
1270 1206 2417 1342 mag. Der junge Mann hat das letzte Wort und sagt dem zas
1012 1272 1186 1343 „ 1000
1265 1248 2423 1390 Alten wahr: auch dieser werde, wenn der neue Lenz ins jen
1089 1317 1255 1372 Im Geg
1267 1296 2204 1416 Land kommt, durch seine Blumen neu belebt werden.
973 1350 1254 1415 Abonnement d
1292 1358 2318 1484 2. „Die Frau mit dem Dolche", Schauspiel in
971 1398 1244 1472 Abonnenten fr
1250 1397 2419 1537 einem Aufzuge. — Dieses Stück führt eine Art von Seelen= dle
1091 1474 1213 1536 Der
1247 1455 2421 1598 wanderung vor. Der als Bild gemalte Titel läßt eine hyper= gg")
2319 1506 2412 1557 an¬
968 1488 1244 1581 Inhaltsangab
1247 1516 2421 1624 nervöse Frau, die nicht recht weiß, was sie will, oder viel= iche
981 1566 1218 1619 blätter
1251 1557 2419 1686 mehr, was sie soll, träumen oder sich in den Wahn hinein= Mit¬
985 1606 1225 1661 wodurch ein
971 1645 1200 1706 Leben des
1252 1611 2302 1738 reizen, die Renaissance=Dame, der sie ähnlich sieht, sei ihre
983 1684 1232 1740 theilungen w
1234 1664 2313 1784 frühere Incarnation gewesen. Die Dame mit dem Dolche
1233 1719 2290 1836 habe sich, weil sie ihrem Gatten untreu wurde, denselben
1229 1763 2291 1882 in die Brust gestoßen. Sie träumt dies in einer unbesuchten
1237 1806 2287 1929 Galerie angesichts des Bildes und gibt — lebendige Stunden!
1272 1861 2284 1990 einem jungen Manne, dem sie bisher widerstanden, das
1224 1915 2278 2035 Versprechen, ihn zu besuchen. Ob sie sterben will oder hofft,
1220 1952 2280 2080 fort leben zu können, vermag ein prosaisches Gemüth nicht
1210 2020 2274 2135 auszudenken, der Autor aber schreibt vor: „In ihren Zügen
1209 2063 2270 2194 dic schalmchlich die ncberzengung aus, daß ein Schiaen
1200 2123 1977 2220 über ihr ist, dem sie nicht entrinnen kann.“
1246 2185 2277 2300 3. „Die letzten Masken“, Schauspiel in einem
1205 2208 2255 2324 Ausange. — Ein aller Journatig, Kritter, arm und 1¬
1202 2270 2242 2402 lassen, liegt im Spitale und hat nur, ehe es aus Sterben
1198 2315 2271 2464 geht, den einen Wunsch, einen ehemaligen Freund zus
1187 2382 2246 2492 sprechen. Er will dem hohlen Gecken sagen: daß er, der
1194 2419 2238 2527 Journalist, vor zwanzig Jahren der Geliebte seiner Fran
1192 2474 2237 2593 gewesen ist. Der Freund kommt, der Journalist aber schweigt.
1187 2509 2243 2628 Ob er den unerlaubt thörichten „Dichter“ für gestraft genug
1183 2568 2230 2699 hält oder einsieht, welche Schurkerei er in der letzten Lebens¬
1187 2611 2231 2737 stunde begehen würde, wenn er einer Frau, die ihn erhörte,
1171 2663 1882 2763 die Ehre nähme, das wird nicht gesagt.
1211 2720 2230 2850 4. „Literatur“, Schwank in einem Aufzuge. — Das
1167 2766 2217 2876 Stück geißelt gewisse Literaten, einige, vielleicht viele, und
1175 2818 2208 2930 verschafft eine gute, eine lebendige halbe Stunde. Die Ge¬
1171 2873 2212 2994 liebte eines Sportsman, dessen kleiner Finger mehr einen
1167 2914 2217 3035 Gentleman verräth als die ganze Schriftstellerin, eine Frau
1159 2976 2201 3087 von etwas Geist mit gleicher Dosis von Herz, hat eine be¬
1156 3009 2202 3137 wegte Vergangenheit hinter sich ... vielleicht auch eine
1158 3076 2200 3193 derlei Zukunft vor sich. Daraus ist heute kein Roman zu
1160 3117 2191 3243 machen, aber ein sehr witziges Lustspiel, in dem viele Worte
1155 3176 2184 3292 fröhlich knistern. Dieses Stück ist von guter Schnitzlerischer
1146 3223 2187 3344 „Literatur“ von Anno Anatol, als der Zephyr des Poeten
1143 3281 2189 3400 noch durch seinen Rosengarten der Wiener Liebe wehte.
1142 3324 2186 3453 Heute ist das kleine Blumenparterre vor Schnitzlers Bauten
1137 3385 2183 3501 nur der Vorgarten des allgemeinen Krankenhauses, und in
1130 3425 2187 3558 dem baumbesetzten Hof spazieren zumeist unheilbare Kranke:
1133 3480 2179 3587 z. B. Hypochondrie, Hysterie und Lungensucht in Nr. 1,
1132 3532 2175 3643 Nr. 2 und Nr. 3. Daß alle Figuren in Nr. 4 ganz ge¬
1126 3571 2172 3690 sund sind, möchten wir nicht behaupten, aber amusant sind
1115 3620 1282 3693 sie sehr.
1150 3683 2171 3799 Die Darstellung aller vier Stücke war recht gut. Frl. Triesch
1117 3736 2167 3855 fanden wir etwas zu flattrig, ungleich, affectirt, sicher sehr
1106 3777 2158 3906 begabt von Haus aus, jetzt aber bereits der Manier ver¬
1103 3833 2151 3929 fallen. Hingegen halten wir Herrn Bassermann für
1101 3889 2150 3991 einen der besten Bonvivants des deutschen Theaters, nicht
1103 3936 2157 4035 bloß jenes in Berlin. Schnitzler und den Darstellern wurden
1102 3987 1546 4058 reiche Ehren des Abends.
2135 4058 2325 4133 mdisie
