3484 4320
509 -2 1560 67 eennennnne enenenn
477 63 1594 128 lebens nachzuspüren versteht. Doch als dieser Mann —
484 119 1576 179 ist Schnitzler bereits bekannt. Eine neue Offenba¬
474 162 1574 218 rung, den Widerschein eines neuen Feuers hat man
483 204 1583 274 erwartet und ist enttäuscht. Schnitzler ist der Alte
488 258 1585 313 geblieben. Ironie und Resignation wechseln in bun¬
478 315 1583 370 ter Aufeinanderfolge, eine schimmernde Oberfläche,
481 344 1588 426 hinter der soviel aber auch nichts verborgen sein
486 392 642 472 kann.
584 425 1581 500 Der erste Einakter — der Inhalt der vier Ein¬
491 501 1588 559 akter würde bereits in unserer letzten Nummer be¬
481 544 1579 620 sprochen — ist ein Feuilleton aber kein Schau¬
493 585 1585 656 spiel. Der Dichter, der mit seinem Seelenschmerz
495 633 1585 691 sich ins Reich der Phantasic flüchtet. und der Phi¬
481 690 1598 753 lister, dessen Weltanschauung von heut auf morgen
695 740 1592 804 beide treten einander gegenüber. Das
491 734 646 800 reicht
491 777 1579 857 Stück fiel trotz des ausgezeichneten Spieles der Her¬
496 837 1591 903 ren Ott und Recke und trotz der geschickt nachhel¬
497 873 1583 954 fenden Regiekunst des Herrn Direktor Lechner
452 939 1598 1006 ab. „Die Frau mit dem Dolche“ hat auf)
467 986 1591 1056 das Publikum leider nur verblüffend gewirkt. Dies
481 1045 1558 1117 Traumszene ist nicht genügend motiviert. Die tie¬
484 1082 1565 1150 fen Gedanken des Vor= nd Nachspieles können da¬
497 1141 1562 1202 her nicht so wirken, wie man es erwarten sollte.
496 1191 1561 1261 Frau Förster hatte als Pauline Gelegenheit,
486 1235 1565 1290 alle Register ihres reichen Könnens anzuschlagen.
485 1283 1570 1349 Und wie sie dieselben anzuschlagen verstand. Da gab
488 1333 1583 1406 es keinen Mißton. Ein Anschwellen und Verklingen
479 1373 1567 1447 immer derselben Tonfolge, vom zartesten „Pia¬
485 1416 1567 1500 nissimo“ bis zum gewaltigen Forte. Herr Wer¬
477 1471 1569 1543 sner=Eigen konnte als Leonhard nicht sonder¬
478 1532 1564 1603 lich erwärmen. Es liegt etwas Fremdes, Frostiges
462 1589 1575 1649 in seinem Wesen, das aus jeder seiner Bewegungen,
465 1632 1569 1675 aus jedem seiner Worte dem Zuhörer entgegen¬
488 1661 1579 1736 starrt. Vielleicht sind wir verwöhnt, vielleicht sind
484 1725 1577 1788 lwir dem Anfänger gegenüber mehr empfindlich und
476 1764 1577 1848 halten ihm manches für übel, was bei anderen als
480 1822 1574 1890 „Hervorkehren der Individualität“ anstandslos ge¬
493 1869 1572 1923 billigt würde. Allein Herr Werner=Eigen wird die¬
504 1918 1576 1973 sen Empfindungen Beachtung schenken müssen. Flei¬
495 1966 1583 2034 ßig studieren, die Provinz abstreifen und mehr das
490 2016 1571 2074 innere Gefühl sprechen lassen; dies sei für die Zu¬
493 2061 1589 2124 kunft Herrn Werner empfohlen. Ein stattlicher,
495 2105 1130 2190 Remigio war Herr Rittig.
600 2140 1589 2242 „Die letzten Masken“ wirkten gerade¬
484 2194 1590 2294 zu abstoßend. Alles Theater, gemacht vom Anfan¬
520 2259 1578 2322 ge bis zum Ende. Gern würde man die Kranken¬
483 2308 1586 2376 hausszene über sich ergehen lassen, wenn auch nur
497 2359 1581 2413 ein Wort, eine Figur bezeugen würde, daß Schnitz¬
495 2402 1583 2477 ler aus den tiefsten Tiefen menschlicher Seelenre¬
500 2453 1014 2518 gungen geschöpft hat. —
1010 2454 1589 2513 Die Herren Teller und
491 2507 1588 2564 [Frank haben diesem Schauspiele auf die Beine
495 2547 1583 2608 geholfen. Oohne deren bis in die kleinsten Details
498 2598 1588 2669 ausgearbeitetes und sicheres Spiel wäre ein Inte¬
504 2651 1594 2720 resse für diesen Einakter nicht zu finden gewesen.
504 2688 1596 2766 Herr Albin hat mit der Rolle des Weihgast dem
507 2756 1585 2815 richtigen Typus dieser Literatensorte nicht be¬
514 2797 1595 2865 sonders glücklich getroffen. Sein Weihgast ließ zu
510 2852 1589 2924 wenig Aufgeblasenheit, zu wenig bornierten Hoch¬
506 2890 1606 2959 mut erkennen. Frau Wiesner und Herr Reckeg
515 2942 1137 3007 taten in kleineren Rollen mit.
563 2984 1595 3057 Mit dem Einakter „Literatur“ hat Schnitz¬
506 3038 1593 3121 ler unstreitig wie überall so auch gestern den größ¬
501 3079 1591 3163 ten Erfolg des Abends sich errungen. Derlei Typen,
500 3146 1599 3208 wie sie in diesem Lustspiele auftreten, laufen zu du¬
497 3180 1589 3247 itzenden in den Großstädten herum. Allerdings Wie¬
499 3228 1598 3305 ner Humor hat Herr Schnitzler nicht. Eine äußerst
498 3288 1587 3346 gelungene Figur in Maske und Spiel bot Herr
503 3334 1593 3411 [Charle als Schriftsteller Gilbert. Herr Wer¬
494 3376 1622 3451 Iner=Eigen brachte einen faden Aristokraten!
510 3433 1611 3491 glücklich zur Geltung, allerdings lief er bei seiner
507 3479 1594 3549 Auffassung der Rolle Gefahr, monoton zu werden.
513 3528 1600 3585 Frau Förster half sich mit der ihr eigenen Ele¬
514 3575 1606 3639 ganz und Sicherheit über die seichten Stellen, die
498 3621 1611 3698 der Darstellerin der Margarethe äußerst gefährlich
489 3674 1600 3742 werden können, glücklich hinweg. Mit der Wiener
506 3717 1608 3794 Mundart sich auf vertrauteren Fuß zu stellen, muß
512 3760 1617 3844 Mrau Förster sich noch angelegen sein lassen. Die
506 3810 1618 3896 Aufnahme der Einakter war sehr kühl. Die Darstel¬
501 3862 1621 3938 ler, sowie Herr Haller als einer der Spielleiteri
494 3901 870 3990 wurden gerufen.
1356 3923 1604 4016 Dr. F.
2198 816 2673 922 Telephon 12801.
1825 911 3041 998 Alex. Welgl’s Unternehmen für Zeitungs-Ausschnitte
2815 966 3048 1041 Ausschnitt
2872 1026 3127 1112 Nr. 30
2052 986 2710 1146 „OBSERYER
1709 1098 3157 1184 I. österr. behördl. conc. Bureau für Zeitungsberichte u. Personalnachrichten
1943 1172 2956 1280 Wien, IX/1, Tünkenstrasse 17.
2108 1237 2749 1318 — Filiale in Budapest: „Figyelö“
1728 1308 3149 1382 Vertretungen in Berlin, Chicago, Genf, London, Newyork, Paris, Rom, Stockholm.
1737 1446 2240 1538 Ausschnitt aus:
2288 1411 3043 1573 Brünner Zeitung
1739 1572 2315 1702 vo 4 7 70 2-
2076 1948 3001 2092 (Dier Einatter von Artur Schnitzler: „Le¬
1934 1990 2963 2134 bendiaeStunden“, „Dießrau mitdem Holche¬
1933 2064 2990 2176 „Die letzten Masken“, „Literatur.“] Gestern
1921 2090 2993 2229 fand die Erstaufführung einer Reihe von Schauspielen
1925 2147 2988 2272 auf unserer Bühne statt, die sämmtlich aus der Feder
1919 2191 2981 2311 Artur Schnitzler's herrühren. Sie tragen alle die
1914 2222 2974 2354 bekannten Vorzüge des geistreichen Causeurs an sich,
1908 2255 3155 2424 und so ist es eigentlich überflüssig zu bemerken, daß jjuclusive
1911 2315 2972 2439 die Diction glänzend und elegant ist. Dies kann man
1745 2341 1855 2434 Für
1897 2346 3139 2496 besonders von dem Schauspiele: „Die letzten Zahlbar
2980 2410 3143 2467 Porto.
1894 2407 3174 2531 [Masken“ und dem geistsprühenden Lustspiele „Lite=m Voraus.
1895 2444 2965 2568 lratur“ sagen. Die Aufführung aller vier Stücke war
1895 2486 3201 2615 sehr gelungen, und sowohl die Darstellung als auch itte ist aus
1788 2540 1851 2608 „
1894 2528 3209 2656 die Regie, die abwechselnd vom Herrn Director jsteht es den
1887 2562 3068 2692 [Lechner und Herrn Haller geführt wurde, ver=sdern.
1752 2623 2946 2750 Abon hienen alles Lob. Das Publikum, das recht zahlreich
1756 2665 3202 2795 Abonv erschienen war, folgte mit Interesse den einzelnen sithaltend die
1883 2697 3198 2847 Darbietungen und kargte nicht mit dem Beifalle, deriger Zeitung")
2943 2755 3195 2809 Morgen¬
1761 2757 1882 2834 Inha
1879 2750 3201 2884 sowohl dem Dichter wie den Schauspielern galt. Von ixthschaftliche
1881 2785 3207 2925 den letzteren heben wir die Leistungen des Herrn Ottia. Diese Mit¬
1775 2866 1861 2910 wod
1877 2829 2928 2952 Recke, Rittig und Albin hervor. Eine besondere
1760 2895 1852 2949 Leh
1882 2871 2940 3003 Anerkennung verdienen jedoch wegen der charakteristisch!
1769 2942 1849 3002 the
1869 2908 2928 3043 durchgeführten Rollen die Herren Teller, Frank und
1865 2958 2933 3081 Charlé. Herr Werner=Eigen erwies sich in dem
1867 3001 2915 3119 Schauspiele „Die Frau mit dem Dolche“ als un¬
1853 3053 2908 3164 zulänglich, er gab den Part ohne das Feuer, das hier
1869 3096 2907 3223 so nothwendig ist; in dem Lustspiele stellte er jedoch
1849 3134 2900 3258 vollkommen seinen Mann. Frau Förster erwarb
1849 3170 2893 3301 sich als „Pauline" (Die Frau mit dem Dolche)
1853 3223 2910 3333 und als „Margarethe“ (Literatur) durch ihr tempera¬
1844 3258 2916 3390 mentvolles und fein nuanciertes Spiel den lauten
1848 3301 2897 3420 Beifall des Publikums, und auch Frau Wiesner
1837 3347 2896 3470 verstand es, die kleine Rolle der Warterin „Juliane
1835 3380 2881 3510 Paschanda“ in dem Schauspiele „Die letzten Masken“
1827 3433 2888 3560 zur Geltung zu bringen. Dievier Einakter haben
1826 3474 2892 3594 sowohl dem Autor wie den Därstellern verdiente
1829 3512 2523 3622 Auerkennung und Erfolg gebracht.
2754 3578 2895 3659 8.
3249 1 3340 62 M
