3484 4256
285 198 2442 278 16.1. Lebendige Stunden Zuklus bos 21/5
385 1661 1369 1725 ] klappt nicht immer alles. Die gewiß recht schwierige Ver¬
1427 1658 3331 1734 Auch der dramatische Schriftsteller, dessen Frau haber Leonard und den Leonardo des Nenaissance¬
396 1714 1375 1762 wandlung der Scene bei offener Bühne, wie sie „Die
2345 1716 3329 1778 Intermezzos gab, eine so unglückliche erste Probe in
1377 1699 2345 1773 Pauline wir in dem Schauspiel „Die Frau mit
243 1710 305 1803 7
2344 1757 3328 1823 der Kunst des Versesprechens ablegte; von Theater¬
404 1758 1370 1818 Frau mit dem Dolche“, der zweite der Einakter, nötig
1373 1762 2343 1807 dem Dolche“ kennen lernen, wie sie mit einem
399 1801 1369 1865 macht, funktionierte noch recht problematisch und streifte
2347 1802 3320 1858 besuchern, die das Stück nicht von der Lektüre her
1370 1809 2338 1864 Anbeter in einer kleinen Bildergalerie sich ergeht und
407 1838 778 1907 nahe aus Komische.
2346 1849 3338 1903 kannten*), wissen wir, diß sie von Leonardos Bersen
1372 1853 2346 1909 dann vor einem Cinquecento=Bilde, einer weiblichen
447 1868 1365 1940 Der Ausdruck „lebendige Stunden“ wird
2345 1889 3332 1956 so gut wie nichts verstanden haben. Fräulein Brand.s
1369 1892 2345 1940 Gestalt mit einem Dolche, in eine zu dramatischer
168 1909 393 1989 der Wiener
400 1923 1362 1995 im ersten Einakter gemünzt. Ein junger Schriftsteller,
2343 1937 3305 1995 zeigte sich der Volle der Pauline (Paola) gewachen
1373 1939 2333 1992 Anschauung gebrachte Traumphantasie verfällt, auch
179 1976 401 2034 n Einaktern
2345 1981 3323 2040 wenn wir uns auch eine mächtigere Wirkung von i#ter
1380 1974 2334 2037 dieser Schriftsteller verdichtet lebendige Stunden zu
392 1981 1368 2032 dessen Mutter nach jahrelangem schwerstem Leiden ge¬
177 2022 391 2078 e Kakadu“,
1376 2023 2344 2081 poctischen Gebilden: sein eigenstes, persönliches Erleben
2348 2023 3319 2082 Aktion in der Traumhandlung versprochen hatten;
392 2026 1371 2081 storben ist, erfährt von dem intimen alten Freund der
166 2059 398 2124 bedeutendste
1377 2068 2345 2120 wird ihm erwünschter Anlaß und kostbare Anregung
396 2064 1370 2123 Verstorbenen, dem der Sohn klagt, daß der Anblick
2357 2065 3327 2115 schön sprach Herr Faber die Verse des Malers
182 2113 391 2172 war „Der
401 2113 1371 2172 Der Kranken und der Gedanke an die tote Mutter ihn
2352 2107 3314 2162 Remigio. Nebenbei bemerkt: warum mußte sich der
1377 2111 2337 2170 zu künstlerischem Produzieren. Die Gattin weiß das
172 2145 401 2211 Paris des
405 2154 1368 2204 in seinem Schaffen völlig lahm gelegt habe, vielleicht
2348 2156 3327 2212 Namen Remigio die hölzerne deutsche Aussprache statt
1381 2160 2333 2214 recht wobl, und dennoch liebt sie ihn; ja in ihrer
181 2195 394 2253 reicher Be¬
391 2189 1378 2253 auf immer, die Wahrheit über das Ende der Frau
2355 2203 3308 2254 der weichen, melodischen italienischen gefallen lassen?
1382 2201 2339 2260 Vision, die ins Renaissancejahrhundert das hinein
167 2231 402 2299 ung. Von
396 2247 1364 2291 Hofrätin; um dem Sohne die Möglichkeit des geistigen
1371 2249 2350 2303 projiziert, was ihr selbst einmal begegnen könnte, in
2395 2244 3320 2289 In dem dritten Einakter „Die letzten Mas¬
170 2279 395 2342 Gesamttitel
390 2287 1369 2353 Arbeitens wieder zu verschaffen, hat sie durch Chloro¬
2340 2275 3327 2345 ken“, welches „Schauspiel“ sich in einem Zimmer des
1373 2290 2344 2346 dieser Vision giebt sie einem Liebhaber, an den sie sich
171 2327 393 2384 irzen Stück
398 2325 1366 2385 form ihrem Leben ein Ende gemacht. Der Sohn
1373 2332 2338 2389 in rascher Leidenschaft eine einzige Nacht lang ver¬
2339 2332 3317 2388 Wiener Krankenhauses abwickelt, treten Leben und
403 2381 1368 2434 glaubt, in diesem Opfertod eine bindende geistige Ver¬
2344 2367 3309 2428 Tod in scharfen Kontrast. Der Journalist Rademacher,
1369 2367 2339 2428 schenkt hat, lieber selbst den Tod, als daß sie von ihm
166 2417 392 2478 ie Kakadu“
394 2417 1370 2478 pflichtung für seine Zukunft erblicken zu dürfen und
1376 2427 2331 2477 des Gatten Leben bedroht wüßte. Wenn sie daher am
2342 2406 3313 2492 der bei aller Begabung es auf keinen grünen Zweig
176 2455 392 2522 wieder die
393 2470 1364 2520 zu sollen. Da sagt ihm der alte Herr, der pensionierte
1374 2465 2334 2521 Schluß des Stückes, zur Wirklichkeit wieder erwacht,
2340 2466 3319 2528 gebracht hat, liegt sterbend im Spital; bevor er aber stirbt,
394 2514 1359 2570 Beamte — nicht „Lehrer“ wie der Zettel besagte —
187 2506 392 2570 e geistreiche
1373 2504 2344 2569 dem feurigen Galan, der sie begleitet, ein Rendezvous
2343 2514 3312 2564 möchte er sich an einem ehemaligen Freund, der später,
186 2546 394 2607 sich lohnt.
395 2547 1361 2609 Anton Hausdorser, in dessen Garten die Scene sich
2341 2556 3314 2604 als Litterat zu Erfolg und Ruhm gelangt, ihn hat
1372 2558 2342 2611 zusagt für den einzigen Abend, der ihnen vor ihrer
172 2592 391 2653 iener sicher.
2338 2589 3327 2652 links liegen lassen, noch rächen, indem er ihm offenbaren
396 2600 1356 2648 abspielt, folgendes: „Was ist denn deine ganze
1364 2601 2346 2656 Trennung noch beschieden ist, so ahnen wir, daß sie
203 2638 395 2692 mit den
406 2627 1366 2699 Schreiberei, und wenn du das größte Genie bist, was
1373 2642 2343 2703 mit diesem Versprechen zugleich alles das als etwas
2345 2636 3316 2703 will, daß er, der Gescheiterte, einst die Gunst der
168 2672 401 2732 Gunst des
2338 2676 3316 2747 Gattin des Siegreichen genossen hat. Wie er nun aber
393 2678 1367 2739 ist sie gegen so eine lebendige Stunde, in der deine
1366 2685 2334 2739 Schicksalsmäßiges auf sich nimmt, was das Traum¬
174 2724 396 2789 Nachsaison
1377 2727 2337 2781 bild ihr vor dem Bilde der Frau mit dem Dolche
392 2726 1368 2793 Mutter hier auf dem Lehnstuhl gesessen und zu uns
2349 2729 3317 2779 den „Freund“ vor sich hat und ihn in seiner ganzen
169 2772 394 2828 frage; oder
399 2770 1364 2826 geredet hat, oder auch geschwiegen — aber da ist sie
1365 2763 2336 2820 suggeriert hat. Blutige That wird die Signatur der
2346 2779 3320 2836 Kleinlichkeit und Alltäglichkeit durchschaut, giebt er
186 2814 389 2871 i für die
389 2822 1365 2871 gewesen — da und sie hat gelebt, gelebt!“ Der Hof¬
2337 2819 3315 2864 seinen Racheplan auf. Was hab' ich mit ihm zu
1372 2820 2340 2866 nächsten „lebendigen Stunde“ sein, die der schrift¬
164 2847 402 2914 nend leeren
405 2862 1365 2915 rätin Sohn antwortet: „Lebendige Stunden? Sie
2345 2863 3313 2917 schaffen? Was geht mich sein Glück, was gehen mich
1370 2853 2341 2920 stellernde Gatte als wertvolle Beute in sein Dichternetz
170 2902 400 2958 en? Man
1365 2906 1688 2967 einfangen wird.
399 2899 1370 2953 leben doch nicht länger als der letzte, der sich ihrer
2353 2904 3316 2973 seine Sorgen an? ... Was hat unsereiner mit den
166 2943 401 3006 Novitäten
397 2935 1370 3006 erinnert. Es ist nicht der schlechteste Beruf, solchen
1422 2937 2342 3010 Der poetische Gehalt dieses Schauspiels steckt in
165 2990 389 3047 Schauspieler
405 2991 1362 3051 Stunden Dauer zu verleihen, über ihre Zeit hinaus.“
1361 2967 2334 3044 der Traumhandlung mit ihren leidenschaftlichen drama¬
2426 2992 3316 3062 *) Der Cyklus „Lebendige Stunden“ ist in diesem
162 3030 400 3093 Die Rollen
388 3025 1367 3099 Das kurze Stück wurde von den Herren Wilhelm
1366 3038 2328 3089 tischen Accenten und ihren prächtig fließenden Jamben.
2349 3046 3309 3120 Jahre bei S. Fischer in Berlin erschienen; das Bänd¬
181 3080 1240 3153 n der Reaie 1 Mauren und Landeck verständnisvoll gespielt.
1367 3094 2969 3160 Schade nur, daß Herr Otto Mauren, der den Lieb=Ichen von 160 Seiten kostet 2 Mk.
