3484 4224
1009 91 1896 165 et urnene Fihn gent S Uel 135.9
952 143 1888 202 einte.* Läge der Scherz nicht gar so nahe, man müste
963 182 1889 243 als ehrlicher Mensch sagen, es waren keine — leben¬
953 222 1897 287 digen Stunden. Der Dichter hat sich über die Psendo¬
1937 237 2190 334 inclusive
956 257 1890 318 Dichter lustig machen wollen, die sich einreden, der
1946 302 2111 353 Porto.
959 290 1897 362 „Gott in ihnen“ stehe höher als das natürliche
742 315 866 395 Für
1931 332 2124 391 Zahlbar
946 342 1792 405 Menschenempfinden, darum setze sich jedes
1790 348 1894 398 Ge¬
829 358 937 404 100
1916 376 2149 436 im Voraue
949 376 1885 428 fühl in Schaffensdrang um. Sie feciren ihre
838 397 928 442 200
943 415 1880 468 seelischen Regungen und beobachten sich, um sich
832 438 930 483 500
951 444 2181 518 zu beschreiben. Wir wissen nicht, was Schnitzler die huitte ist das
776 477 936 547 „ 1000
948 488 2210 558 Anregung bot, einmal ein Donnerwetter über „Die 1 stcht es den
861 536 2036 583 Im Talente des Kasseehauses“ loszulassen, aber er ndern.
736 568 1677 640 Abonnemer verkenne nicht, daß auch er gleich
1672 575 1895 634 den Ge¬
742 612 2195 676 Abonnente geißelten seine Empfindungen schaffend verwerthete, enthaltend die
942 657 2194 718 Freilich waren es nicht Empfindungen des Schmerzes er Morgen¬
872 692 2187 756 Dei im gewöhnlichen Sinne, war es kein Unglück, das ihn viener Zeitung“)
745 734 2196 786 Inhalts# traf, als er die Eingebildeten mit ihrem harmlosen chaftliche Leben“
940 779 1880 831 Größenwahn kennzeichnen und züchtigen wollte,
1881 765 2198 850 se Mittheilungen
752 782 935 837 blätte
950 821 1887 870 aber ein Weh war's immerhin, und daraus geboren
762 822 931 880 wodurch
939 855 1534 913 erstanden die vier Theaterstücke
1594 856 1884 910 für Litteratur¬
763 860 924 916 des In¬
943 894 1895 962 menschen, die jede geistreiche, wie jede ironische Wendung
753 900 923 965 werden
948 935 1704 990 verstehen, jede Anspielung freudig auffassen.
978 956 1896 1029 Wir wollen uns nach 11 Uhr Abends in keine allzu¬
936 1008 1892 1085 lange litterarisch=dramaturgische Studie über diese vie¬
944 1050 1242 1108 Nippes ergehen.
1131 1077 1909 1150 „Lebendige Stunden“, Schyuspiel in *
937 1128 1888 1198 einem Aufzug. Eine leidende Mutter tödtet sich, weil
938 1164 1006 1219 sie
1005 1172 1881 1219 sieht, daß ihr Leiden dem Sohn die dichte¬
927 1204 1893 1267 rische Schaffensfreude nimmt. Der Sohn erfährt diese
939 1251 1878 1311 heroische That der Mutter durch ihren „Freund“ der
946 1279 1881 1346 sie dem jungen Dichter mittheilt, weil er ihn kennt.
945 1328 1893 1388 Und in der That erklärt dieser nun, seinen Schmerz
934 1366 1873 1428 zu gestalten. Fadenscheinig vergleicht er das damit
932 1410 1892 1479 daß der Gartenbesitzer ja trotz allen Leids auch seinen
942 1442 1209 1495 Garten pflegt.
964 1467 1870 1539 Das Stückchen, von den Herren Reinhard (Freuni
933 1520 1886 1585 der Verstorbenen), Rittner (Sohn), Fischer (Gärtner)
941 1563 1869 1633 sehr lebenswahr gespielt, konnte es zu keinem Er¬
931 1603 1873 1665 folge bringen. Es war auch zu häßlich, daß
934 1642 1883 1701 kein Gegensatz zur Ausgleichung gefunden wurde,
929 1691 1815 1746 denn es wird doch Schnitzlers Absicht nicht
937 1718 1873 1780 wesen sein, alle jungen Dichter als solche Selbst¬
937 1765 1877 1831 aubeter zu bezeichnen? Das wäre, —— nun sagen
938 1804 1299 1862 wir höflich: seltsam,
963 1824 1874 1908 Nr. 2: „Die Frau mit dem Dolche.“ Schau¬
930 1875 1874 1942 spiel in einem Aufzug. Pauliue, die Gattin des
931 1920 1879 1962 Malers Remigio, giebt sich mit Leonhard im Aus¬
915 1938 1875 2029 stellungssaale ein Stelldichein. Sie stehen (und sitzen
910 2009 1856 2095 auf dem Rundsopha) vor dem großen Mittelbilde, das
1866 2021 2805 2090 sicht zu schleudern! Er weiß ja in der That auch nichts.
906 2070 1843 2133 die Frau mit dem Dolche darstellt. Der Maler ist un¬
1856 2089 2795 2140 als zu schimpfen — und nach dem Weggang des
914 2121 1852 2164 bekannt, das Bild stammt aus dem 16. Jahrhundert.
1860 2103 2307 2168 „Glücklichen“ zu sterben.
1899 2138 2807 2208 Hier hat die dichterische Kraft Herrn Dr. Schnitzler
914 2158 1845 2204 Pauline hat es ihrem Manne gesagt, daß sie einen
921 2195 1850 2244 Augenblick nahe daran war, Leonhard zu lieben, in
1861 2196 2808 2261 völlig im Stich gelassen, denn nicht nur hat
910 2219 1853 2280 Folge dessen wurde beschlossen, abzureisen. Pauline ist
1863 2230 2806 2287 er keine Typen geschaffen, er hat auch nicht
914 2271 1388 2325 eine visionäre Natur.
1456 2275 1846 2321 sieht Leonhard als
1863 2280 2797 2335 einmal gewußt, was mit seinen Puppen an¬
909 2294 1855 2351 Leiche, denn auf dem Bilde ist ein Jüngling
1858 2311 2028 2364 fangen.
2032 2302 2806 2371 Ohne Reinhardt (Journalist), Fischer
911 2343 1855 2397 neben der Frau mit dem Dolche todt hingestreckt sichtbar.
1865 2338 2805 2406 (Schauspieler), Bassermann (Dichter) wäre das
918 2391 1851 2437 Es wird dunkel — Verwandlung — und der Maler
1873 2395 2754 2445 Schaufpiel sicher noch kühler aufgenommen worden.
903 2419 1847 2472 aus dem 16. Jahrhundert findet bei der Heimkehr sein
1902 2434 2793 2484 Nr. 4: Litteratur. Schwank in einem Aufzug.
913 2460 1848 2515 inzwischen ihm ungetreu gewordenes Weib. Alles ist
1862 2475 2808 2536 Ein Bohéme=Stück. Margarethe hatte einen Mann, von
904 2499 1845 2554 im Kostüm des 16. Jahrhunderts, und Pauline ersticht
1866 2512 2798 2562 dem sie sich trennte, lebte dann mit dem Dichter Gilbert,
913 2543 1854 2608 Leonhard, der ihre Schande und ihres Gatten Unglück
1859 2543 2809 2600 um eines Tages als Braut des Baron Clemens sicht
901 2588 1847 2628 laut hinaus rufen will, da Remigio beide zu sehr ver¬
1862 2584 2815 2643 von diesem die Wahrheit sagen zu lassen, daß die
913 2627 1852 2672 uchtet, um sich zu rächen, oder gar ihn zu
1863 2626 2806 2677 Dichter Verräther ihrer eigenen Erlebnisse und Phan¬
1173 2662 1280 2716 Es
910 2665 1066 2717 lödten!
1284 2660 1853 2722 wird wieder dunkel, man
1869 2665 2799 2712 tasien seien. Eine Moral aus der Sportswelt. In
915 2700 1675 2762 hört es wie vor der Verwandlung
1714 2708 1853 2759 2 Uhr
1863 2705 2811 2767 der That veröffentlickt Margarethe in ihrem neuesten
901 2739 1851 2790 läuten — es wird hell und vor Pauline, die einen
1866 2751 2805 2787 Roman die Briefe, die sie mit Gilbert wechseite. Das¬
903 2790 1851 2840 Augenblick lang die Vision, die wir als Verwandlung
1858 2782 2799 2845 selbe thut aber auch dieser. Clemens will beide Romane
910 2827 1851 2884 sahen, hatte, steht Leonhard. Da er ihr im ersten
1858 2836 2791 2880 lesen, ehe der Roman Margarethens eingestampft wird
900 2872 1847 2929 Bilde sagte, ihr Mann betrachte sie nur gleich¬
1907 2867 2809 2922 - da entreißt sie ihm den ihren und wirft ihn in den
914 2901 1855 2947 sam als Medell, errege ihre Stimmung nur,
2570 2903 2806 2972 Liebe! Gil¬
1858 2905 2386 2965 Kamin als Zeichen ihrer ——
897 2942 1845 2982 um den Ausdruck hervorzurufen, den er für das
1853 2950 2701 3009 bert bedauert, daß ihm diese Pointe nicht einfiel.
900 2982 1847 3036 Bild braucht, das er gerade malt, rächt sie sich an ihm
1899 2991 2800 3033 Das Stückchen strotzt von Anspielungen, die nur ein
908 3019 1848 3069 und — giebt zu, sich am Abend mit Leonhard zu
1862 3022 2805 3081 Premièren=Publicum goutirt, das mit Litteraten und
896 3070 1839 3127 treffen. Dieses Stückchen soll die Maler treffen,
1859 3065 2499 3122 solchen, die es sein wollen, verkehrt.
1236 3092 1476 3153 aber nicht
901 3091 1231 3154 man fand es
1570 3099 1849 3161 treffend. Im
1900 3095 2796 3157 Bassermann (Clemens), Rittner (Gilbert) und
907 3140 1844 3178 Publicum hatte man es im Zwischenact als Preis¬
1863 3141 2794 3194 Irene Triesch (Margarethe) spielten flott und brachten
911 3172 1850 3240 aufgabe bezeichnet, das Räthsel dieses Theaterstückes
1852 3189 1929 3230 die
1931 3182 2807 3257 etwas lang gezogenen Dialoge zu vollendeter
902 3223 1851 3270 zu lösen. Gespielt wurde es meisterhaft von Frl.
1864 3226 2053 3282 Geltung.
901 3267 1841 3328 Irene Triesch (Pauline) und Richard Hahn (Lcon¬
1903 3257 2793 3317 Herr Dr. Schnitzler wurde zum Schluß stürmisch,
908 3298 1051 3356 hard).
1859 3305 2802 3351 wie auch im Laufe des Abends oft gerusen. Es war
941 3337 1840 3398 Nr. 3: „Die letzten Masken“. Schauspiel in
1853 3337 2807 3385 also äußerlich ein Erfolg. Im letzten Stückchen sagt der
900 3364 1843 3422 einem Aufzug. Ein Schauspieler, der in 8 Tagen
1851 3381 2804 3441 Dichter zur „complicirten" Dichterin, die sich selbstals solche
906 3423 1842 3480 stirbt, wie der Arzt sagt, und ein Journalist, der
1864 3427 2801 3470 Erscheinung bezeichnet: „Sprich nicht von der Ewig¬
900 3463 1848 3514 während des Abends stirbt, bilden die Masken. Aber
1856 3465 2797 3503 keit im Punkte der Wirkung Deines Romanes, ehe
906 3503 1847 3546 eigentlich ist der Journalist nur der Verkleidete, wenn wir
1861 3501 2791 3555 nicht die 2. Auflage erschienen ist.“ Auch wir sagen:
899 3538 1847 3576 nicht sagen wollen, der neidische Hundsfott. Er haßt
1850 3534 2791 3598 Den Erfolg machen die ferneren Aufführungen. Seien
896 3583 1844 3628 den Dichter Weihgast, von dem er behauptet, er sei ein
1854 3580 2709 3636 wir auf die Zahl der Auf—führungen gespannt.
2669 3611 2768 3681 —).
899 3612 1852 3671 Dummkopf und habe nur Glück gehabt. Er verführt
903 3655 1844 3708 die Frau dieses Ahnungslosen, der sein Jugendfreund
903 3697 1847 3748 war, die angeblich ihres Gatten Nichtigkeit durchschaut.
910 3742 1860 3794 Vor dem Schauspieler hält er auf dessen Aurathen
908 3777 1851 3821 Probe, was er ihm sagen werde. Und als der
898 3807 1849 3866 glückliche Dichter dann erscheini und dem neidvollen
914 3854 1854 3905 Journalisten so herzenswarm entgegentritt, hat dieser
901 3889 1883 3957 nicht den Muth, ihm irgend eine Gemeinheit ins Ge¬
