3436 4320
1246 253 1311 301 60
479 265 778 325 remresttemammn
1260 278 3058 341 Anzeigen an die Adminlstrntion und Vezngsreider an die Bxrpollition der „Pehemir senden.
479 263 1248 348 Seitrige mell man an die Rednetkon,
2483 319 2674 382 n
2207 310 2307 384 Sc
1135 335 1342 409 Mruchanusnanen
364 347 1048 417 m  e
1325 385 3219 480 die sich bewußt dem Leben entfremdet, haben Harmonien lauscht, hat die Empfindung für
3063 436 3238 507 Diese
2279 445 2994 524 den Laut des Herzens verloren.
1336 450 2296 532 wir in unseren Tagen miterlebt, und es ist
535 455 1176 552 Lebendige Stunden.
2282 490 3233 561 Ironie gegenüber der Hohlheit gespielter
1327 502 2285 585 kein Zweifel, daß Schnitzler, der selbst zu Be¬
456 517 1248 593 Vier Einacter von Arthur Schnitzler.
2286 533 3237 610 Empfindung erhält einen tragischen Schauer in
1331 547 2278 620 ginn seiner literarischen Thätigkeit nicht übel
462 555 1332 660 Das Schaffen des Dichters und Künstlers
2274 587 3242 654 dem Einacter „Die letzten Masken“, den
1328 602 2279 677 Lust zeigte, nach dieser Seite thinzuneigen, im
363 622 1328 712 überhaupt besteht aus zwei Momenten, die
2281 635 3241 695 bedeutendsten Stück im Cyclus. & Zwei arme
1319 652 2280 714 Widerspruch zu dieser Richtung auch seinerseits
378 673 1328 757 freilich in der Wirklichkeit nicht logisch scharf
2287 685 3237 745 Kerle, ein Journalist Karl Rademacher und ein
1323 697 2284 784 bekennen wollte, daß ihm der Mensch höher
373 720 1331 802 geschieden sind, in dem Aufnehmen des Welt¬
2287 725 3237 792 Schauspieler Florian Jackwerth, sind auf der
1335 747 1800 831 stehe als der Dichter.
369 765 1335 843 bildes und dem Wiedergeben desselben. Dieses
2272 781 3237 845 letzten Station angekommen, in einem Extra¬
1414 781 2281 878 Es geht eine herbe Ironie durch die vier
371 817 1329 894 doppelte Sein birgt einen Conflict in sich, dem
2283 814 3240 895 zimmer des Wiener Krankenhauses, das sie nicht
1334 842 2288 926 Einacter, aber gerade sie ist das Kennzeichen
372 862 1326 929 kein Schaffender entgeht. Er muß auf einer
2283 871 3240 934 mehr gesund verlassen sollen. Der Schauspieler
1334 899 2281 963 der männlichen Weltauffassung, zu der sich
376 908 1330 975 Seite der lebende, fühlende Mensch, auf der
2287 931 3241 991 phantasirt von seinen zukünftigen Erfolgen und
1334 942 2288 1011 Schnitzler durchgerungen hat. Alle Stücke haben
383 952 1331 1021 anderen Seite der beobachtende Zuschauer sein,
2280 967 3252 1041 lädt schon alle Spitalspersonen zu seinem ersten
1332 992 2286 1053 eine epigrammatische Spitze, die fast allzusehr
379 1004 1337 1097 ##uch da, wo es sich um eigene Erlebnisse han¬
2291 1014 3245 1075 Wiederauftreten. Bitterer ist das Herz Rade¬
1341 1039 2291 1097 hervortreten würde, wenn nicht Schnitzler mit
377 1048 1338 1134 dels, und gerade da am schärfsten. Das volle
2290 1070 3240 1124 machers gestimmt. Er hat Großes gewollt und
1334 1089 2281 1150 feinem künstlerischem Sinn sein Motiv zu vollen
395 1103 1342 1182 richgewicht zwischen Erleben und Gestalten
2281 1113 3256 1187 wenig erreicht, und alle seine Talente sind der
1338 1140 2292 1197 Gemälden ausgestaltet hätte. Am härtesten tritt
382 1145 1344 1216 beszustellen ist nur besonders Auserlesenen be¬
2281 1153 3242 1214 Welt verborgen geblieben. In seinem Pult
1345 1183 2289 1248 noch die Spitze in dem ersten Stücke hervor,
391 1200 1334 1258 schieben, und wer weiß, ob es selbst bei dem
2285 1190 3257 1270 liegen die Zeugnisse eines aufwärts ringenden
1345 1228 2285 1293 das dem Cyklus den Namen gegeben hat,
389 1239 1340 1325 harmonischesten der Menschen, bei Goethe aus¬
2289 1248 3250 1312 Geistes und in den letzten Momenten denkt er
1341 1273 2296 1340 „Lebendige Stunden“. Da steckt noch die Ver¬
384 1288 1342 1368 geglichen war. Auch er wird oft genug die
2296 1309 3254 1362 daran, wie er nach seinem Tode sein Andenken
1330 1316 2290 1376 bitterung drin über das verzärtelte Wesen, den
378 1333 1343 1413 Pein empfunden haben, daß sich zwischen das
2285 1353 3246 1406 noch zu rehabilitiren vermag. Aber in dieser
1339 1369 2286 1429 blutlosen Stimmungsucher. Aber gerabe dieser
387 1388 1338 1442 heißeste Empfinden der kühle Beobachter drängt,
2288 1390 3257 1460 Sorge um den Nachruhm mischt sich noch ein
1338 1423 2299 1486 Zorn hat Schnitzler die innigsten Worte ein¬
390 1433 1334 1509 und in sich den Contrast durchgemacht haben,
2286 1431 3261 1510 anderes heftigeres Gefühl. Der Haß gegen
1343 1461 2287 1546 gegeben, die je über den Zwiespalt zwischen
395 1484 1343 1551 wie er dem Auge zuweilen auffällt, wenn
2292 1479 3253 1546 den Dichter Weihegast, seinen Collegen von
1339 1497 2300 1585 Mensch und Dichter gesprochen worden sind.
398 1525 1346 1604 irgend eine rasche, heiße That geschehen ist
2294 1540 3255 1600 ehemals, den die Welt überaus verehrt und
1335 1561 2296 1622 Der junge Dichter Heinrich ist vor Kurzem
390 1570 1341 1656 und die neugierige Menge sich kalt herzudrängt.
1348 1577 3249 1675 verwaist. Seine Mutter, die lange krank ge= den er im Innersten verachtet. Aber nicht nur
393 1625 1344 1683 Man hat es oft als besonderen Vorzug des
1341 1630 3259 1714 wesen, ist plötzlich gestorben und Heinrich ists er, auch die Frau des Dichters Weihegast hat
390 1667 1345 1750 Dichters gepriesen, daß er es vermag, sich über
1345 1665 3263 1761 hinaus in die Welt, um sich Trost zu holen, die innere Leere des gefeierten Poeten erkannt
390 1717 1345 1789 das Leben emporzuschwingen und das, was
2300 1723 3251 1787 und ist mit ihrem übervollen Herzen in die
1343 1748 2301 1811 Aber es treibt ihn wieder zurück in die Hei¬
399 1777 1357 1832 Andere nur dumpf mitmachen, in feste, bleibende
2299 1761 3250 1832 Arme des Journalisten Rademachers geflohen.
1343 1783 2304 1861 math und sein erster Besuch gilt dem vertrauten
392 1811 1343 1881 Form zu gießen. „Und wenn der Mensch in
2291 1821 3256 1884 Weihegast, der Dichter in seiner Nebelsphäre,
1350 1845 2304 1918 Freunde seiner Mutter, der die letzten Jahre
402 1857 1352 1934 seiner Qual verstummt, gab mir ein Gott zu
2303 1878 3264 1932 hat nichts davon gewußt. Und nun brennt
1358 1891 2309 1954 mit ihr in herzlichem Beisammensein verbracht
397 1911 1354 1974 sagen, was ich leide.“ Dieser Vorzug, der sich
2296 1907 3261 1971 in dem armen, sterbenden Journalisten der
1351 1940 2305 2005 hat, dem pensionirten Beamten Anton Haus¬
398 1955 1346 2018 gar oft in den überschwänglichen Ausdrücken
2296 1957 3261 2021 Wunsch, die letzte Maske von dem Gesichte
1352 1995 2309 2054 dorfer. Hausdorfer war der alten Frau, die
398 2002 1349 2072 leines Gottesgnadenthums gespiegelt hat, ver¬
2298 2010 3267 2079 Weihegast's herabzureißen, und ihm, den Be¬
1343 2034 2305 2108 sich schon lange zuvor von ihrem Ehegatten
391 2044 1352 2122 liert allgemach an Werth für eine Zeit,
2297 2026 3282 2119 rühmten, noch vor seinem Sterben ins Gesicht
1352 2084 2303 2150 hat scheiden lassen müssen, die einzige Stütze
398 2089 1359 2171 in welcher die Poesie nicht mehr unbedingt als
2294 2097 3269 2187 zu sagen, daß Weihegast's Frau seine Ge¬
1353 2125 2310 2198 und ihr Sohn Heinrich war ihre einzige Hoff¬
401 2136 1359 2226 der Herold der Zeit gilt, und da der Tichter
2642 2134 3272 2217 Er ersucht dringend den
1349 2151 2659 2239 nung. Aber das Leiden zog sich durch Jahre liebte gewesen.
394 2193 1359 2251 nicht mehr die große Macht über die Menschen
2307 2185 3275 2259 Secundärarzt, ihm noch eine Unter¬
1352 2213 2310 2299 hin und die Mutter erforderte mehr Geduld
404 2238 1355 2301 hat, die er vor dem besessen, besinnt er sich um
1347 2226 3269 2327 als ihr selbst recht war. Namentlich schmerzte redung mit Weihegast zu vermitteln, und der
409 2284 1360 2355 so früher auf sich selbst und fragt sich, ob die
1361 2285 3269 2377 es sie, als der Sohn ihr Leiden als Stö= Doctor, der Mitleid mit dem armen Teufel
401 2326 1359 2393 Einbuße, die der Meusch erleidet, durch den
1356 2328 3274 2436 rung in seinen dichterischen Arbeiten em= hat, bewilligt seinen Wunsch und holt selbst
398 2382 1367 2441 Gewinn als Künstler immer aufgewogen
1359 2375 3268 2474 pfand, und so faßte sie eines Tages den den Dichter. In der Zwischenzeit vertraut
397 2424 1362 2482 wird. Dieser Conflict klingt ergreifend in Ib¬
2309 2428 3253 2501 Rademacher seinem Collegen, dem Schauspieler,
1361 2446 2312 2528 Entschluß, das Hinderniß aus dem Wege
401 2463 1383 2528 sens Epilog „Wenn wir Todten erwachen“
2305 2470 3258 2535 was ihn quält, und hält an ihn „probeweise“.
1364 2507 2315 2575 zu räumen. Nur ihr Freund Hausdorfer
412 2506 1369 2586 durch. Und wenn Irene den Professor Rubek
2316 2516 3266 2587 wie der Schauspieler es gewollt, die Ansprache,
400 2539 2304 2633 mit einem harten Ton Dichter nennt, so er= sollte es wissen; sie verrieth es ihm in einem
2303 2586 3271 2637 die für den Weihegast bestimmt ist. Und unn
1353 2596 2304 2657 letzten Brief und beschwor ihn, dem Sohne
411 2614 1369 2671 widert sie auf die Anfrage, warum sie ihn so
2306 2612 3267 2675 kommt der Dichter, vornehm, freundlich, herab¬
403 2643 2310 2718 bezeichnet: „weil Du ohne Kraft und Willen nichts davon zu sagen. Aber als Hausdorser
2306 2662 3263 2725 lassend und Rademacher — sagt ihm nichts.
1361 2693 2315 2761 merkt, wie „objectiv“ Heinrich sich zum Tode
412 2708 1373 2780 bist und voll Absolution für alle Deine Hand¬
2311 2711 3272 2773 Die letzten Masken herunterreißen? Wozu?
1371 2739 2315 2809 seiner Mutter stellt, kann er sich nicht zurück
415 2740 1373 2817 lungen und Gedanken. Zuerst hast Du meine
2317 2753 3278 2823 Was geht ihn das noch an, der im Sterben#
1355 2787 2316 2849 halten und theilt Heinrich mit, was seine
404 2804 1373 2857 Seele gemordet und dann modellierst Yu Dich
2312 2804 3273 2868 liegt? Er findet nur noch die Menschen arm¬
420 2848 2317 2921 selbst in Reue und Buße und Selbstanklage Mutter gethan hat. Heinrich antwortet im
2309 2852 3281 2919 selig, die auch morgen noch leben und — die
1363 2884 2321 2954 ersten Augenblick erschreckt, schon im zweiten
410 2895 1378 2964 und damit, meinst Du dann, ist Dein
2311 2894 3276 2972 Komödie mitspielen müssen! Die kleine Tra¬
1362 2939 2313 2998 mit einer Phrase, die zeigt, daß ihm die unge¬
408 2947 1377 3006 Conto beglichen.“ Vor Rubek stand das
2311 2958 3279 3013 gödie ist in ihrer Art ein Meisterstück, und
416 2977 2310 3072 schöne, jugendliche, glühende Weib, das ihm heuere Selbstopferung der Mutter als selbst¬
2308 2987 3273 3060 nur in der freilich nicht leicht vermeidbaren
1367 3025 2311 3089 verständlich erscheint, die ihm den Weg zum
422 3038 1390 3104 mit ihrem schön geformten Körper das höchste
2307 3038 3276 3112 Weise, wie die Ansprache Rademachers an den
1363 3081 2314 3157 geistigen Fortschritt bahnt. „Mir bleibt nichts
413 3096 1377 3151 Opfer gebracht, und nachdem er das große,
2323 3091 3270 3153 Schauspieler motivirt ist, empfindet man ein
1375 3116 2322 3195 anderes übrig als mich selbst zu tödten oder
420 3139 1378 3214 seither berühmte Werk geschaffen, was sagt nun
2312 3138 3281 3197 wenig die Maschine. In dem engen Rahmen spielt
1360 3163 2318 3246 den Beweis zu versuchen, daß meine Mutter
407 3187 1383 3245 der Künstler zu seinem hingebenden Modell?
2324 3191 3282 3254 sich ein volles Leben ab, und ein echter Schauer
1367 3218 2311 3300 nicht vergeblich gestorben ist.“ Und Hausdorfer
421 3235 1379 3312 „Ich danke Dir vom ganzen Herzen, Irene. Dies
2319 3230 3277 3297 tragischer Größe weht durch den resignirten
1370 3263 2324 3329 antwortet ihm jene schönen Worte, die allein
427 3279 1387 3350 ist eine segensreiche Episode für mich ge¬
2319 3282 3276 3343 Ausklang des Stückes. Hier vergißt man voll¬
424 3309 2320 3389 wesen.“ Auf der einen Seite die vollständige geeignet sind, dem ganzen Abend die Weihe zu
2313 3318 3285 3406 ständig die Pointe über der mächtigen Stim¬
431 3356 2324 3442 Hingabe, auf der anderen Seite die kühle Con= geben: „Heinrich! Vor einem Monat hat Deine
2315 3371 3280 3461 mung. Minder geglückt ist dies in dem zweiten
433 3404 2316 3480 statirung eines künstlerischen Erfolges. Es ist Mutter noch gelebt, und Du kannst so reden?
2326 3434 3287 3490 Stücke „Die Frau mit dem Dolche“, das selbst
435 3444 2332 3526 der Riß zwischen m Menschen und Künstler, Für Dich hat sie sich umgebracht, und Du
2317 3462 3295 3535 mit dem Aufwand eines interessanten scenischen
1379 3501 2322 3570 gehst hin und schüttelst es von Dir ab? Und
439 3509 1379 3583 der hier ausgesprochen ist. Zu diesem tief¬
2329 3530 3294 3587 Experimentes die Kühle der Reflexion nicht
1371 3534 2336 3633 in ein paar Tagen nimmst Du's vielleicht hin,
428 3562 1386 3635 greifenden tragischen Gegensatz hat sich zu allen
1388 3560 3289 3657 als wär' es ihre Schuldigkeit gewesen? Habe ganz überwunden hat. Pauline, die Frau eines
428 3598 1385 3670 Zeiten ein zweiter komischer hinzugesellt. Der
2323 3614 3281 3681 Dichters, hat Beziehungen mit dem jungen
1377 3630 2342 3702 ich nicht recht? seid Ihr nicht Einer wie der
432 3658 1389 3724 Dichter mochte gar nicht mehr im Leben stehen
2322 3671 3294 3731 Leonhard angeknüpft, die sie vergeblich in den
1378 3689 2332 3755 Andere? Hochmüthig seid Ihr — das ist es:
423 3703 1392 3767 und fühlte sich nur in seiner erträumten Welt
2321 3707 3289 3774 Schranken zu halten sucht. Sie verehrt noch
435 3729 2339 3818 wohl, in der er Alleinherrscher war. In den hochmüthig, Alle, die Großen wie die Kleinen!
2325 3755 3286 3818 ihren Mann und versteht Leonhard nicht, da
1377 3778 2331 3849 Was ist denn Deine ganze Schreiberei, und
429 3792 1394 3872 Poeten stieg ein ungemessener Hochmuth auf,
2320 3798 3278 3861 er ihr die Kühle auseinandersetzt, mit welcher
1381 3825 2331 3902 wenn Du das größte Genie bist, was ist sie
438 3842 1395 3907 der nur ihre abstracte Welt gelten lassen
1386 3841 3290 3946 denn gegen so eine Stunde, so eine lebendige der Dichter die intimsten Erlebnisse seiner
438 3894 1393 3956 wollte, und während sie alles Geschehen um
2322 3899 3293 3957 Frau in seinen Werken dem Pöbel zum
1380 3931 2331 3988 Stunde, in der Deine Mutter hier auf dem
437 3930 1384 4008 sich her ausschließlich als eine unbequeme, über¬
2319 3946 3298 4005 Besten gibt. Aber sie soll ihn verstehen.
1382 3981 2326 4033 Lehnstuhl gesessen ist und zu uns geredet hat,
432 3984 1386 4055 flüssige Störung ihrer Träume empfanden,
2325 3986 3290 4051 lernen. Vor einem Bilde in der Galerie „Die¬
1392 4018 2333 4082 oder auch geschwiegen — aber da ist sie ge¬
437 4009 1395 4111 hegten und pflegten sie um so inniger ihre Ge¬
2330 4030 3296 4097 Frau mit dem Dolche“ aus der Renaissancezeit
1393 4046 2333 4128 wesen — da! und sie hat gelebt, gelebt!“
436 4083 1390 4160 fühle und Gefühlchen, von denen uns auch nicht
1382 4097 3286 4171 Und Heinrich? Er antwortet wieder mit einer sind sie zusammengekommen und das Gesicht der
442 4138 1403 4197 die Schwingung einer Secunde erspart ge¬
437 4131 3288 4238 blieben ist. Beispiele dieser Selbstgefälligkeit, Phrase, sein Ohr, das auf angeblich höhere! Dame erinnert so lebhaft an das Paulineus,
