3484 4224
2108 121 2544 210 box 21/3
293 99 1949 220 16. 1. Lebendige Stunden zuklus
2238 748 2717 851 Telephon 12801.
1866 859 3085 938 Alex. Weigl’s Unternehmen für Zeitungs-Ausschnitte
2773 920 3096 1009 Ausschnitt
2099 949 2794 1071 „OBSERYER“
2914 984 3170 1072 Nr. 61
788 1046 1258 1137 Telephon 12801.
1753 1053 3203 1145 I. österr. behördl. conc. Bureau für Zeitungsberichte u. Personalnachrichten
1980 1122 2989 1198 Wien, IX/1, Türkenstrasse 17.
427 1140 1661 1219 Alex. Weigl’'s Unternehmen für Zeitungs-Ausschnitte
2152 1187 2789 1265 Filiale in Budapest: „Figyelö“
1419 1207 1656 1283 Ausschnitt
1767 1257 3203 1318 Vertretungen in Berlin, Chicago, Genf, London, Newyork, Paris, Rom, Stockholm.
372 1238 597 1339 195
650 1217 1337 1354 „OBSERYER“
1475 1271 1719 1354 Nr. 64
320 1345 1740 1416 I. österr. behördl. conc. Bureau für Zeitungsberichte u. Personalnachrichte
1753 1385 2282 1481 Ausschnitt aus:
532 1414 1539 1499 Wien, IX/1, Türkenstrasse 17.
713 1475 1355 1559 Filiale in Budapest: „Figyelö“-
2376 1436 3180 1576 Die Bombe, Wien
316 1522 1737 1613 Vertretungen in Berlin, Chicago, Genf, London, Newyork, Paris, Rom, Stockholn
1737 1527 2317 1637 vom: 76/72
900 1596 1581 1764 Kikeri, Wien,
309 1673 836 1774 Ausschnitt aus:
311 1822 888 1937 vore #/ 17702.
2116 1948 3149 2050 Das Berliner „Deutsche Theater“ hat uns
2023 2025 3143 2097 wieder einen Besuch abgestattet, und wir konnten neuerdings
2025 2066 3136 2122 die ausgezeichnete Leitung, das exacte Zusammenspiel und
2021 2111 3135 2181 den ersichtlichen Ernst der künstlerischen Bethätigung mit
2033 2151 3129 2227 Genugthnung constatieren. Für moderne Stücke gibt es
815 2159 1206 2248 Literarisches.
2020 2216 3164 2277 gegenwärtig kein besseres Ensemble, als das des „Deutschen
549 2215 1539 2313 Anläßlich der Aufführung der „Lebendigen Stunden“
2015 2254 3118 2317 Theaters“. Beim Versstück versagen seine Kräfte, mit
474 2268 1536 2363 (feiert die Judenpresse den „vaterländischen“ Dichter
1752 2306 1865 2379 Für
1868 2312 3118 2352 50 Zeit den Classikern kann es nicht mitgehen. Freuen wir uns
478 2327 1066 2400 Schnitzler. Warum denn nicht?
1854 2351 1965 2399 100
2008 2355 3115 2401 wenigstens, dass es nach einer Seite gut entwickelt ist.
719 2352 1169 2426 Auch am Jordanstrand
1862 2386 1975 2435 200
2010 2393 3118 2461 An unserem Burgtheater erlebt man ja auch oft sehr merk¬
712 2393 1173 2466 Liegt ein — Vaterland!
1854 2423 1949 2475 500
2011 2432 3178 2512 würdige Classikervorstellungen, während beim modernen as.
1795 2464 1979 2536 „ 1000
2012 2492 3105 2550 Stück die erstarrte Manieriertheit vieler hervorragender
1865 2512 2014 2572 Im G
3111 2502 3209 2574 das
2012 2531 3107 2598 Künstler sich störend bemerkbar macht. Das „Deutsche
805 2523 1299 2609 Bezugs-Bedingungen:
1751 2545 2002 2609 Abonnement
3093 2564 3205 2614 den
2014 2571 3108 2640 [Theater“ ist schon ganz zur Moderne hinüber, das
1759 2597 1999 2661 Abonnenten
296 2587 1493 2659 Für 50 Zeitungsausschnitte (Artikel oder Notizen) Kr. 15.—)
1999 2597 3102 2693 * Burgtheater ist dem Alten entwachsen und im Neuen
1354 2586 1718 2707 28.— inclusivel
421 2634 518 2687 100
1298 2648 1354 2705 „
936 2653 978 2701 „
1524 2664 1688 2708 Porto.
2017 2666 2501 2722 noch nicht ganz heimisch.
414 2676 531 2734 200
1868 2664 2006 2734 Der „
1352 2677 1488 2731 50.—
1310 2685 1362 2736 9
3093 2678 3200 2740 die
1514 2693 1696 2749 Zahlbar
406 2719 533 2772 500
1758 2715 2029 2774 Inhaltsangah
1314 2721 1482 2778 „ 110.—
2098 2697 3197 2783 Als erste Novität brachte das Deutsche Theater en¬
937 2734 1003 2785 „
1189 2727 1237 2789 „
1296 2733 1724 2819 200.— im Voraus
333 2731 531 2818 „ 1000
937 2769 1000 2819 „
1045 2734 1114 2817 2
1770 2749 3204 2825 blätter (7 Schnitzlers „Lebendige Stunden“ vier Einacter, von denen ag“)
1777 2797 2010 2860 wodurch ein
434 2806 1723 2868 Im Gegensatze zu anderen Bureanx für Zeitungsausschnitte ist d
2002 2795 3213 2865 Cnur zwei wirkten. Es ist echt Schnitzler'sche Manier iche
1753 2838 2000 2889 Leben des
3101 2841 3192 2909 Mit¬
310 2839 1348 2901 Abonnement durch keine bestimmte Zeitdauer begrenzt;
1384 2846 1729 2899 auch steht es di
2005 2845 3111 2922 darin; guter, nur manchmal ein wenig weichlicher Geschmack,
1768 2874 2001 2941 theilungen v
311 2888 1633 2951 Abonnenten frei die aufgegebenen Themen zu ergänzen oder zu ändern.
2005 2903 3110 2958 feuilletonistischer Esprit, oft einfacher Ringstraßencafé¬
2005 2931 3112 3011 Bummelwitz, und in der Handlung jener charakteristische
437 2958 1730 3023 Der „OBSERVER“ veranstaltet täglich einen Auszug enthaltend d
2004 2986 3105 3031 „Dreh“, die Freude an unvermutheten Wandlungen und
316 3005 1736 3056 Inhaltsangabe aller wichtigen Mittheilungen der Wiener Morge.
2004 3026 3104 3096 Biegungen, welche dem reindeutschen Geist fremd sind,
305 3044 1758 3099 blätter (Tagesjournale ausser „Neue Freie Presse“ und Wiener Zeitung")
2000 3075 3111 3135 aber das Wiener und Berliner Premièren=Publicum
320 3075 1766 3143 wodurch eine Uebersicht über das gesammte politische und wirthschaftliche
2011 3118 3098 3183 sympathisch anmuthen. Schnitzler ist der Liebling der
321 3121 1763 3180 Leben des In- und Auslandes in drastischer Kürze geboten wird. Diese Mit¬
318 3166 1350 3224 theilungen werden in Wien um 9 Uhr Früh verschickt.
2010 3163 3108 3218 höheren Börsen= und Commercialbourgeoisie,
2002 3205 3115 3274 deren Empfindungen und Denkweise er in seinen Schöpfungen
1999 3243 3096 3304 so nahe steht. „Das süße Mädel“ ist ganz aus
640 3248 1408 3328 Prospecte gnatis und fnanco.
1994 3303 3105 3350 dem Geiste dieser Bourgeoisie herausgesehen. Anatol
1999 3335 3104 3391 ist das elegante Ringstraßenjüngel, in welchem zersetzender
2000 3386 3105 3439 Witz und babylonische Melancholie innig gepaart sind.
2009 3432 3096 3494 „Freiwild“ gibt der Wuth dieser Lebejünglinge gegen
2000 3478 3089 3523 die eingeborene Geburts= und Militäraristokratie Ausdruck.
2001 3522 3085 3574 Die Frauen Schnitzlers sind die geistreichelnden, ehe¬
1996 3566 3098 3620 brüchelnden Börsen= und Fabrikanten damen, die
1999 3605 3102 3654 man gelegentlich in Ischl sieht (Baden und Vöslau
1996 3651 3095 3699 ist für Schnitzler nicht mehr fein geuug). Grund¬
1991 3690 3088 3743 stimmung Schnitzler'scher Poesie wie bei Heine:
1990 3741 3089 3789 Gemisch von Melancholie und Frivolität, sehr
1998 3783 3099 3838 congenial der Stimmung des Premièren=Publicums, in
1993 3828 3098 3869 welchem je nach den Börseneoursen die Melaucholie
1986 3872 2581 3937 oder die Frivolität überwiegt.
