3484 4256
1812 215 1888 278 S
243 199 2409 305 16.1. Lebendige Stunden zukius box 21/5
1851 1060 1946 1121 —
1778 1113 3043 1179 Madeleines bei, während Herr Forest den haar¬
582 1124 1497 1222 Kdi Tessing=Theater.
1775 1160 3056 1234 buschumwallten Dichtersmann auf zwei feste Beine
567 1196 1066 1264 „Der Puppenspieler“. —
1798 1202 3039 1279 stellte. Der Schwank von der Literatur rettete
1082 1199 1795 1274 „Die Frau mit dem Dolche". —
562 1245 1100 1323 „Die letzten Masken“.
1792 1246 3030 1298 denn auch den Abend. Die Heiterkeit des Parketts
1151 1270 1799 1343 „Literatur". Vier Einakter
1787 1296 3034 1372 wäre noch stärker gewesen, wenn sie sich nicht erst in den letzten
894 1302 1481 1376 von Arthur Schnitzler.
1769 1351 3032 1409 paar Minuten hätte austoben können. Bis dahin hatte man
648 1350 1798 1431 Diese in Berlin zum Teil schon bekannten Novellen sind
1790 1381 2967 1445 eigentlich auf die Lustigkeit des Lustspiels warten müssen.
560 1409 1802 1473 nur zufällig dialogisiert und für die Bühne zurecht gemacht
1856 1425 3042 1497 Von den übrigen Mitwirkenden hatten Herr Reicher
554 1451 1792 1518 worden. Eigentlich gehören sie nicht hinauf. Es fehlt ihnen
1797 1450 3034 1545 als sterbender armer Zeitungsmensch und Herr Paul Marx
558 1495 1796 1567 alles Theaterblut und alles in gutem Sinne Theaterwirk¬
1799 1518 3028 1582 als menschenfreundlicher Doktor redlichen Anteil an den
567 1531 1803 1610 same; sie gehen sämtlich zu behäbig in die Breite, lassen fast
1795 1557 3023 1641 schauspielerischen Ehren des Abends. Herr Forest aber
559 1569 3028 1637 sämtlich die just für den Einakter, den tragischen wie den schuf in den Letzten Masken eine Gestalt, die man länger als
555 1605 3030 1722 komischen, unentbehrliche scharfe Pointe vermissen. Ob Schnitzlers ganzes Schauspiel im Gedächtnis behalten wird:
557 1658 3023 1735 Schnitzler nun das Ende eines Hochmütigen schildert, der mit den rührenden kleinen Provinz=Komiker, der nur noch acht
559 1719 3023 1808 anderer Menschen Schicksal spielen wollte und am Ende er= Tage zu leben hat und Lebensmut für achtzig Jahre besitzt.
550 1755 3023 1871 kennen muß, daß sie in ihrer fröhlichen, gesunden Einfalt Eine Meisterleistung, die selbst mit dem in der Idee ver¬
547 1801 1791 1869 klüger als er gewesen sind; ob er Nietzsches Gedanken von der
1795 1819 3014 1891 sihlten, mangelhaft ausgeführten und unklaren Stücke ver¬
546 1829 1799 1918 ewigen Wiederkehr des Gleichen zu einem platten Re¬
1789 1857 3024 1945 Ihnte; eine Meisterleistung, die lebhafteren Beifall verdient
550 1886 1785 1955 naissance=Puppendrama verarbeitet; ob er unter den
1788 1906 3014 1991 hätte, als ihr, durch Verschulden des Verfassers zuteil wurde.
545 1933 1802 2006 Scatten des Todes den Armen, Verachteten und Vergessenen,
2808 1968 2992 2037 r. n.
554 1962 1789 2045 feelisch reicher und mächtiger dastehen läßt als seinen vom
545 1996 1789 2084 Glück begünstigten, ehemaligen Jugendfreund; ob er schließ¬
552 2051 1798 2140 #h ein paar Witzblattszenen zwischen der Dichterin, dem sie
545 2092 1805 2167 amwerbenden Herrenreiter und dem Dichter skizziert, — man
541 2142 1807 2222 hat in jedem Falle das Gefühl, allzu breiten Redeflüssen
545 2192 1789 2258 gegenüber zu stehen die nur deshalb so laut rauschen, weil
552 2223 1085 2301 sie beschämend flach sind.
642 2291 1847 2388 Von den vier Stücken, die trotz des sie vereinigenden
541 2339 1807 2406 klangvollen Titels gar nichts gemeinsam haben, faßt der
546 2381 1805 2456 Puppenspieler noch am ehesten ans Herz. Seine Vorzi.ge sind
556 2424 1803 2481 schon eingehend gewürdigt worden, als er hier zum ersten
549 2470 1803 2544 Male auftauchte; bei der Wiederholung achtet man mehr
551 2532 1782 2590 auf die Unwahrscheinlichkeit und Nomanhaftigkeit der Er¬
558 2558 1780 2623 findung, als es für den Autor gut ist. Aber Basser¬
554 2605 1796 2661 mann lieh dem herabgekommenen Stolzen seine ganze
547 2658 1791 2723 Kunst, und die konstruierte Figur gewann so viel lebendige
554 2690 1795 2759 Herbheit, und der ganze Jammer des Hungerleiders, der
547 2722 1797 2806 immer noch den Millionär markieren möchte, war so echt,
545 2767 1792 2844 daß man den entthronten König und Abenteurer minuten¬
540 2820 1796 2884 lang fast lieb gewann. Als erfolgverwöhnter Alexander
537 2866 1804 2937 Weihgast in den „Letzten Masken“ war er dagegen der fixe
553 2900 1794 2993 Schauspieler, nichts weiter. Aus dem allzu süßlich=gespreiz¬
540 2954 1793 3007 ten Ton, der blöd=geckenhaften Geberde, der outrierten Her¬
548 2992 1789 3066 ausarbeitung eines einzigen Charakterzuges grinste die grobe
542 3039 1792 3111 Karrikatur und verdarb dem Dichter alle Rührungseffekte.
536 3088 1790 3160 Besser als der jüdelnde Weihgast in das Trauerspiel paßte
546 3119 1800 3208 der freiherrliche Jockey Clemens in die den Abend schließende
542 3160 1795 3247 Literaturposse. Hält man einen solchen Aristokraten in
549 3213 1788 3304 solcher Umwelt schon einmal für möglich, oder findet man sich
538 3257 1786 3320 lachend mit dem Zerrbilde ab, dann verdient Bassermann
533 3295 1781 3377 Lob für seine immerhin diskrete Farbengebung. Außer¬
533 3340 1783 3423 dem steuerte Irene Triesch eine schelmische und
545 3382 1800 3491 hübsch parodistisch angelegte Lyrikerin von der Art Marie
