3484 4224
283 193 2458 311 16. 1. Lebendige Stunden zyklus box 21/5
1971 1057 3096 1121 verschmäht es der Gute dennoch, sie vor der Welt zum
794 1057 1742 1174 Gana Theater und Konzerte.
1977 1095 3093 1160 Vorschein zu bringen, denn das Leben ist nach seiner An¬
1524 1119 1914 1201 Berlin, 5. März.
1978 1137 3089 1214 schauung ein albernes Puppenspiel, und die Menschen sind
851 1148 1946 1220 Das Lessing=Theater veranstaltete gestern zur Ab¬
1971 1187 3096 1251 nicht viel mehr wert als Puppen, die man an den Drähten
802 1195 1940 1275 wechselung einmal wieder einen Schnitzler=Abend.
1971 1232 3083 1293 tanzen läßt. Diese Anschauung, in die Tat umgesetzt, be¬
810 1259 1940 1326 Gegeben wurden die vier Einakter Arthur Schnitzlers:
1958 1266 3094 1339 kommt ihm aber übel, denn am Ende entpuppt er sich selbst
806 1298 1287 1360 „Der Puppenspieler“
1273 1305 1950 1367 „Die letzten Masken“ „Die
1963 1315 3089 1396 als eine haltlose Puppe, von der Hand des Schicksals
810 1346 1949 1419 Frau mit dem Dolche" und „Literatur“, allesamt
1957 1354 3096 1421 herumgeworfen, niedergeschlagen und zerzaust. ... In den
812 1383 1950 1455 schnurriger Weise vereint unter dem Gesamttitel „Leben¬
1967 1406 3095 1471 „Masken“ sehen wir einen Journalisten, der noch in der
818 1429 1948 1490 dige Stunden“, der ein einaktiges Stück Schnitzlers be¬
1969 1448 3084 1511 Todesstunde voll grenzenlosem Haß gegen den erfolg¬
816 1470 1938 1537 zeichnet, welches gar nicht in die Erscheinung trat. Es
1965 1486 3093 1555 reicheren Rivalen, diesen zerschmettern will, aber vor dessen
818 1520 1941 1583 paßte dieser Titel also sozusagen wie die Faust aufs Auge.
1960 1536 3094 1602 ahnungsloser Borniertheit und stupender Minderwertigkeit
808 1562 1949 1612 Das gilt auch noch im anderen Sinne. Denn diese „leben¬
1954 1580 3090 1647 kapituliert: eine quälende, beklemmende Szene, nach
806 1609 1950 1682 digen Stunden“, die der Verfasser höchst anspruchsvoll
1965 1623 3080 1683 deren Ende sich der Brust unwillkurlich ein
816 1652 1936 1711 dem Publikum suggerieren will, bedeuteten ein paar ver¬
1965 1656 2602 1729 befreiender Seufzer entringt.
2727 1666 3081 1736 „Die Frau mit
808 1693 1939 1774 lorene, tote Stunden. Die Langeweile soll ja bekanntlich
1965 1696 3090 1775 dem Dolche“ ist wohl das wirhamste der Sächelchen. Der
816 1728 1087 1784 töten können.
1959 1754 3073 1817 Verfasser spielt hier, wie er das auch sonst so gerne tut,
855 1781 1937 1851 Herr Schnitzler hat schon viele Einakter geschrieben. Das
1967 1793 3081 1846 mit dem Seelenwanderungsproblem und kokettiert in wider¬
810 1821 1946 1880 Aphoristische, leise Andeutende, das gelinde Säuseln und
1959 1833 3081 1899 wärtiger Weise mit philosophischer Tiefgründigkeit. Eine
820 1863 1934 1929 schleierhafte Vertuschen, aus dem die Phantasie des Zu¬
1958 1878 3085 1943 Frau fällt vor einem Haleriebild, vor der Dame mit dem
819 1901 1944 1974 schauers sich doch nach Belieben alles mögliche herausholen
1963 1923 3072 1987 Dolche in hysterische Träumereien und wähnt sich tief ins
810 1958 1940 2018 kann — das ist es, was seiner schriftstellerischen Wesenheit
1926 1959 3081 2038 Mittelalter zurückversetzt, wo ihre Seele in anderer Hülle
809 2008 1926 2067 am besten „liegt". Zu schwächlich und seelenschwindsüchtig,
1958 2008 3091 2075 schon einmal auf Erden wandelte, suchend nach galanten
802 2028 1932 2109 um einen großen Wurf wagen zu können, möchte er uns
1966 2050 3080 2123 Abenteuern und sich in solchen „auslebend“. Nach dem Er¬
815 2074 1929 2150 weismachen daß er in seinen kleinen Sachen den großen
1955 2089 3085 2146 wachen findet sie natürlich ihren zum Ehebruch bereiten
810 2114 1941 2192 Gehalt erschütternder Dramen ausschöpft und ihn gleichsam
1964 2142 3083 2210 Galan, um mit ihm den seit Jahrhunderten zerrissenen
811 2163 1807 2237 kondensiert — eine Art dramatischer Fleischextrakt —
1791 2182 1936 2235 — in
1953 2170 3078 2250 Faden wieder festzuknüpfen. — „Litteratur“ behandelt in
805 2202 1943 2280 Kurs bringt. Vielleicht macht er sich das auch selbst weis.
1950 2215 3081 2305 burlesk=komischer Weise die Auseinandersetzung des leichten
802 2249 1930 2324 Dann aber ist es eine gewaltige Selbsttäuschung. Denn
1957 2265 3071 2344 Literatums mit einem kunstfeindlichen Aristokraten — ein
809 2300 1937 2352 niemals werden raffiniert pointierte Dialoge mit in Geist¬
1963 2313 3077 2371 Stück, in dem das Wiener Kaffeehausmilieu ebenso drastisch
803 2343 1924 2417 reichigkeit schillernden Bonmots eine dramatische Handlung
1955 2363 3082 2425 wie drollig gezeichnet ist. — Ziehen wir die Summe aus
800 2391 1936 2455 ersetzen. Daß Schnitzler hierfür aber kein Organ besitzt,
1958 2399 3077 2457 dem gesamten „Erlebnis“ so bleibt dramatisch eine große
802 2422 1930 2497 hat er in seinen „abendfüllenden“ Stücken, beispielsweise in
1945 2434 3078 2499 Null, gedanklich ein Konglomerat von Spitzfindigkeiten, die
805 2476 1933 2543 dem „Zwischenspiel“ zur Genüge erkennen lassen. Wenn
1955 2487 3079 2552 in einer Sammlung „Schnitzel und Späne“ vereinigt, unter¬
799 2515 1924 2581 dies auf allen Bühnen durchgefallene Werk mit dem
1954 2521 2899 2591 haltsamer sein würde, als in der gegebenen Form.
807 2555 1938 2632 Grillparzerpreise gekrönt wurde, so beweist das durchans
2000 2576 3087 2646 Gespiolt wurde von den ersten Kräften der Lessingbühne
797 2600 1939 2689 nichts für Herrn Schnitzler, vielmehr alles gegen die
1944 2610 3079 2680 meisterlich. Herr Bassermann zeigte wieder glänzend
796 2635 1093 2705 samose Jury.
1948 2664 3071 2742 die geniale Vielseitigkeit und schöpferische Gestaltungkraft
844 2683 1935 2758 Im „Puppenspieler“ zeigt uns der Verfasser einen seiner
1959 2704 3066 2778 seiner künstlerischen Natur, die ihresgleichen in der Gegen¬
804 2716 1929 2795 Uebermenschen. Voll von den genialsten dichterischen Ideen
1938 2758 3087 2823 wart kaum finden dürfte. Herr Reicher war der vollendete,
1884 2817 2012 2962 —
1879 2914 3001 2998 charf und sicher zeichnende Charakteristiker, und Frau
1882 2977 3013 3031 Triesch verband mit ihrem warmblütigen Temperament
1869 3019 3015 3070 eine tief eindrucksvolle Innerlichkeit. Auch die Herren
1876 3068 3024 3133 Forest und Stieler, sowie Frau Hofmann standen
1883 3117 3007 3173 auf angemessener künstlerischer Höhe. Das Publikum ver¬
1884 3155 3011 3216 hielt sich teils zurückhaltend, teils sogar ablehnend. Erst
1891 3206 3005 3277 am Schluß gelangte ein lebhafter Applaus zum Durchbruch.
2639 3243 2967 3322 Paul Lerch.
