3436 4320
2115 291 2584 393 box 21/2
292 322 1992 421 16.1. Lebendige Stunden zyklus
1166 1103 1310 1195 174
1677 1097 2089 1193 Theater=Korrespondenz.
1169 1183 2594 1278 in jeder Epoche der Geschichte, wo die Künste blühen und der Geschmack
1183 1261 2598 1329 regiert, die Menschheit gesunken findet und auch nicht ein einziges Beispiel
1174 1329 2597 1384 aufweisen kann, daß ein hoher Grad und eine große Allgemeinheit
1176 1394 2593 1450 ästhetischer Kultur bei einem Volke mit politischer Freiheit und bürgerlicher
1179 1431 2598 1490 Tugend, daß schöne Sitten mit guten Sitten und Politur des Betragens
1169 1494 2588 1553 mit Wahrheit desselben Hand in Hand gegangen wäre." Er belegt dann
1172 1547 2579 1616 des Weiteren seine Ansicht durch die entscheidenden Beispiele aus der Kunst¬
1182 1593 2059 1670 und Kulturgeschichte aller Zeiten und Völker.
1260 1643 2587 1724 Was nun im Besonderen die Frage betrifft, ob „durch den politischen
1173 1696 2594 1768 und kulturellen Aufschwung“ unserer Nation auch unsere deutsche dramatische
1175 1765 2598 1821 Dichtung in gleichem Maße gewonnen hat, so möchte ich darauf durch
1175 1824 2145 1893 folgende Tabelle eine Antwort zu geben versuchen:
1295 1909 2483 1968 1800—1810: Shakespere wird durch Schlegels Vermittelung
1619 1956 2473 2019 der Heros der deutschen dramatischen Literatur:
1293 2000 1946 2060 1810—1820: Kleist, Grillpurzer;
1304 2055 1988 2130 1820—1830: Grillparzer, Grabbe:
1300 2103 1987 2188 1830—1840: Grillparzer, Grabbe:
1304 2160 1932 2235 1840—1850: Hebbel, Gutzkow;
1293 2217 2471 2295 1850—1860: Hebbel, Ludwig, Gutzkow, Richard Wagner:
1298 2269 2067 2345 1860—1870: Hebbel, Richard Wagner:
1295 2321 2475 2410 1870—1880: Richard Anzengruber, Wildenbruch, Paul Lindau;
1310 2382 1993 2455 1880—1890: Lindau, Blumenthal;
1308 2442 2478 2517 1890—1900: Hauptmann, Sudermann, Blumenthal, Schnitzler,
1621 2486 2236 2552 Dreyer, Hartleben, Otto Ernst.
1272 2545 2574 2637 Der Leser wird die Tabelle richtig verstehen: Goethe und Schillr
1176 2615 2587 2680 sind mit Absicht — als dem innersten Wesen und den Wurzeln nach zum
1175 2696 2584 2761 vorhergehenden Jahrhundert gehörig — nicht genannt. Die einzelnen
1180 2730 2591 2795 Dichter sind dem Jahrzehnt zugetheilt, in dem sie mit den maßgebendsten
1183 2786 2577 2846 Werken an die Oeffentlichkeit getreten sind. Die Tabelle zeigt: Das Jahr
1184 2838 2586 2898 zehnt nach dem großen Kriege ist geradezu das große dramatische Trauer¬
1175 2890 2592 2968 jahr des ganzen Jahrhunderts. Der Oesterreicher Anzengruber kann doch
1176 2959 2575 3017 wirklich nicht aus dem politischen und wirthschaftlichen Aufschwung ab¬
1185 3004 2579 3078 geleitet werden. Richard Wagners Glanz strahlt mit unerhörter Hellig¬
1177 3050 2591 3123 keit, die Wurzeln seiner Kunst aber reichen Jahrzehnte zurück; er kann
1174 3115 2587 3166 also auch nicht dem politischen Aufschwung aufs Konto gesetzt werden.
1178 3163 2595 3254 Immerhin mögen allerdings das jetzige Bayrenth und der wirthschaftliche
1189 3225 2591 3293 Aufschwung nicht ganz ohne Zusammenhang dastehen. Wildenbruch ist der
1175 3268 2584 3343 einzige, den man in seinen dramatischen Stoffen mit dem neu begründeten
1185 3325 2575 3395 Reich in Beziehung setzen könnte. Er wird aber bald durch die auf¬
1176 3394 2577 3450 gehenden Sterne Lindau und Blumenthal in den Schatten gestellt. Das
1173 3434 2592 3504 letzte Jahrzehnt bringt dann mit Sudermann und Hauptmann in der
1172 3494 2594 3556 That eine neue Kunstrichtung. Hauptmanns Wirkung aber reicht — mit
1178 3547 2597 3615 Ausnahme der eigentlich eine Entgleisung bedeutenden „Versunkenen
2874 3590 2943 3677 85
