3484 4224
2115 345 2999 444 Sölchen Opfértod, der ihn tief erschüttertnn er
2113 422 2994 486 nur fühnen, indem er ihn rechtfertig Das
2105 467 2993 525 Hohe nun auch zu schaffen, zu dem er sich be¬
2103 498 2994 579 rufen glaubtes und zu dem ihm d#r Mutter
2103 547 3003 621 den Weg über ihre Leiche bahnte, ist nun seine
2107 599 2996 661 Lebensaufgabe. Sie darf nicht umsonst für ihn
2103 632 3007 699 gestorben sein. Wohl hält ihm sein välrlicher
2113 673 3006 746 Freund entgegen, daß alle Kunst der Unsterblichkeit
2096 711 3002 794 eine einzige lebende Stunde nicht aufwiege,
2096 772 3009 829 aber der Poct sagt: „Lebende Stunden? Sie leben
2106 808 2989 880 doch nicht länger, als der Letzte, der sich ihrer er¬
2092 854 3002 932 innert. Es ist nicht der schlechteste Beruf, solchen
2106 907 2992 968 Stunden Dauer zu verleihen über ihr Ziel hinaus!“
2139 945 3004 1019 Damit hat Schnitzler seine eigene Aufgabe ein
2097 995 2993 1062 wenig umständlich und gewaltsam umgrenzt. Abgesehen
2098 1028 2991 1100 davon, daß es gefährlich ist, durch so anspruchs¬
2103 1082 2992 1148 voll breites Anschlagen eines Motios, die An¬
2097 1121 2803 1205 sprüche an das Kemmende zu
2798 1131 2993 1192 erhöhen
2095 1150 2988 1233 Doch Schnitzler muß seiner Sache sicher ge¬
2096 1209 2999 1281 wesen sein, und die Selbstkritik war in ihm
2091 1265 3027 1339 so stark wie das Selbstgefühl. Ist ja beim wahren?
2097 1297 2684 1377 Könner ohnedics ein und dasselbe.
2135 1338 3021 1424 Gleich der zweite Einakter: „Die Frau mit#
2086 1385 2984 1466 dem Dolche“ ist eine sehr interesiante Arbeit.
2095 1448 2993 1526 Zwar hat sie was durchaus Novellistisches, doch ist.
2095 1490 2998 1555 die Seene sehr geschickt behandelt. Schnitzler rührt
2098 1535 2991 1611 daran an eines der größten Probleme der Naim, a
2082 1556 2991 1643 das Leben, das wir vor dem gegenwärtigen Deisin
2079 1616 2987 1672 geführt, und das uns in manchen Momenten in
1408 1626 1821 1689 Teleton 12801.
2080 1654 2993 1726 plötzlicher Helligkeit auftaucht wie ein jernes
2092 1709 2973 1779 und doch so gegenwärtiges Bild. In der Ge¬
951 1714 3000 1826 Alex. Weigl’s Unternehmen für Zeitungs-Ausse mälde= Galerie hat Pauline innene Sehboner
1949 1792 2980 1862 Ausschll ein Rendezvous gegeben. Dort, wo die rätsel¬
2101 1837 2974 1907 hafte Frau im Nachtgewande, einen Mutigen
1978 1828 2079 1923 Nr
1268 1801 1914 1955 „OBSERVER“
2092 1883 2986 1939 Dolch in der Hand, im Rahmen hängt. Der
2094 1924 2979 1987 fühlt sich Pauline verwandt. Aeußerlich und
801 1904 2101 2047 österr. behördl. conc. Bureau für Zeitungsberichte u. Persona
2079 1963 2986 2052 im Wesen und halb im Scherz äußert sie, daß der
1063 2021 3001 2102 Wien. IX Türkenstrasse 1 Maler dieses Bildes, Leonhard, vor so und so viel!
2080 2048 2983 2131 Jahrhunderten in ihrem Hause in Itölien ver
1285 2081 1974 2162 - Filiale in Budapest: „Figyelö“ —
2083 2090 2978 2153 kehrt habe. Und ein Grausen faßt sie, wie sie im
2082 2140 2988 2215 dunkeln Grunde des Bildes den Leichnam ihres
897 2146 2084 2237 Vertretungen in Berlin. Chicago, Genf, London, Newyork, Paris, R
2083 2182 2971 2254 Freundes sieht. Das ist er, er, Jeonhard! Wie von
2076 2226 2992 2302 Sinnen fällt sie hin und die Scene verwandelt sich¬
2086 2276 2990 2347 in eine solche der italienischen Renaissance. Pauline,
889 2278 2076 2402 Ausschnitt aus: eage
2081 2317 2975 2390 Remigios Gattin, hat die ganze Nacht bei Leonburd¬
2074 2366 2967 2438 verbracht und der Morgen bringt ihr den Gatten wieder.
2081 2411 2970 2479 Sie will ihm alles gestehen, und ihr Liebhaber
893 2416 1390 2530 Vvom 75 77
2079 2451 2974 2508 will sich von ihm töten lassen. Aber Remigio hat
2072 2499 2994 2579 nur Verachtung für ihn und wie der mit Verachtung
2077 2544 2981 2611 Gestrafte Rache schwörend von dannen will, stößt ihn
2073 2585 2973 2665 Pauline den Dolch ins Herz. Wieder Verwandlung
2079 2631 2976 2699 der Scene. Die Gemäldegalerie, Pauline erwacht
2069 2678 2975 2754 aus ihrer kurzen Ohnmacht und verspricht dem
2074 2716 2965 2791 drängenden Liebhaber, heute Abend zum Rendezvous!
2058 2760 2377 2834 ###kommen.
1187 2764 1880 2897 W
2117 2808 2975 2869 Sehr fein ist hier ein Leben gegeben, geführt von
2074 2856 2960 2919 einem wundersam aus der Vergangenheit in die Zu¬
2070 2905 2960 2968 kunft wirkenden Geschick. Scenisch gelang die Phantas¬
2074 2946 2954 2999 magorie ausgezeichnet. Wie ein verblaßter Gobelin
1779 2966 1854 3003 2
1640 2975 1701 3031 1
2072 2999 2946 3061 sah die Bühne aus und die Driesch war brillant.
2128 3037 2953 3085 Dos Dritio: „Die letzten Masken“ ist
2062 3070 2973 3140 eine bittere Satire auf das halbe, schöngeistreichelnde,
1343 3064 1889 3152 Deutlches Cheater.
2071 3130 2967 3192 vom Glück in die Höhe gebrahte Talent. Ims
1206 3118 2064 3210 Gestern zum ersten Male: „Lebendige Stunden“.
2074 3161 2962 3225 Hospital wird der Journalist Radenacher sterben. Er
1168 3179 1916 3240 Vier Einäkter von Arthur Schnitzler.
2081 3202 2956 3275 hat vor seinem Tode nur noch den einen Wunsch
1226 3213 2060 3297 Ein entzückender Abend. Schwer, mit Künstelei
2074 3252 2951 3317 dem „Dichter“ Weihpost, der so viel Gück im Leben
949 3249 1071 3332 Für
1075 3268 2053 3331 50 7 und gesuchten Sentimentalitälen sing er an und
2076 3298 2958 3353 hatte, die Wahrheit zu sagen. Abrechzen möchte
1036 3311 1156 3361 100
1164 3325 2060 3383 steigerte sich über novellistische Schönheiten und
2063 3347 2951 3389 das verkannte Genie mit dem flachen Kopf.
1030 3348 1152 3407 200
1173 3370 2063 3435 interessante psychologische Studien hinweg zu einer
1046 3384 1154 3435 500
2078 3386 2955 3444 Aber wie er ihn in seiner Erbärmlichkeit eicht, ind
1169 3414 2054 3462 fröhlichen, echten, befreienden Heiterkeit. Das
2081 3427 2976 3483 seiner platten Nichtigkeit, schweigt er und er stirbts
971 3420 1157 3496 „ 1000
1168 3452 2064 3509 Lustspielchen „Litteratur“ das den Schluß
2075 3472 2958 3525 in der Erkenntnis: daß er, ein Sterbender, mit
1056 3473 1144 3536 Im
1177 3495 2060 3541 bildete, ist die Perle. Ein Stückchen, wie wir
2078 3513 2968 3564 diesem Mann nichts mehr zu thun haben könne.
928 3497 1170 3584 Abonnemen
1186 3524 2059 3595 nicht bald eines haben werden im Bereich des deut¬
2073 3553 2958 3623 In der Figur eines kranken Komikers ist Schnitzler
930 3568 1173 3632 Abonnenten
1181 3583 2051 3639 schen Lustspiels. Für Schnitzler war der ganze Abend
2068 3596 2960 3656 eine samose Gestalt gelungen. Hanns Fischer,
1178 3627 2055 3698 ein außerordentlicher, durch keine Freundeshilfe er¬
1045 3639 1162 3703 Der
2073 3645 2966 3694 Max Reinhardt und Albert Bassermann
1179 3665 1460 3735 wirkter Erfolg.
2070 3687 2960 3745 arbeiteten die Charaktere ungemein scharf und plastisch
940 3676 1171 3745 Inhaltsang
1216 3686 2071 3771 Das erste der einaktigen Werke: „Lebendige,
941 3736 1165 3785 blütter
2074 3736 2247 3802 heraus.
1164 3760 2065 3831 Stunden“ ist das schwächste. Es hat dem gan
937 3766 1173 3824 wodurch ei
2121 3757 2971 3850 Der Schlager war der Einakier „Litteratur“.
947 3805 1531 3858 des In- und Auslandes A
2070 3831 2968 3892 Ein Kavalier hat sich aus der schreibenden und
949 3806 1759 3907 werden in Wien um 9 Uhr Früh verschickt.
2072 3866 2973 3942 malenden Bohôme ein Weiblein geholt, das #r heiraten
1247 3889 2070 3996 Prospecte gratis und franco.
2070 3914 2968 3979 wird. Ihre sinnlichkeitglühenden Gedichte gestenihm als
2075 3963 2978 4026 unerlebt, sie weiß sie ihm als pure Phantasse auf¬
2077 4003 2973 4065 zuschwätzen. Er gehört zur Rasse der von der
2082 4032 2985 4107 Aulur für die „Hörnung“ besonsere Prüdesie
2068 4084 2961 4147 nierten, und dem kleinen schwedenden Frauchen
