3484 4256
1333 346 1432 405 II1
384 335 2042 443 16.1. Lebendige St.den zyklus
2190 344 2651 445 box 21/2
728 765 973 850 Seite 14.
1564 801 2311 890 Die Musik- und Theaterwelt.
2952 812 3150 898 No. 2.
676 869 1915 987 blick versagt die moralische Kraft; mit der Philosophie
1960 928 3179 1004 hunderts fanl auch das Klavier in Ungarn Eingang, und
688 948 1919 1028 eines Sterbenden, der lächelnd auf die Nichtigkeiten des
1955 973 3182 1042 es gab wohl kaum ein Magnatenhaus, wo dieses In ument
673 1004 1922 1091 Lebens blickt, reicht der Kranke dem gehassten Freunde
1956 1024 3170 1075 gefehlt hätte. Aus diesem Anlasse liessen sich viele troff¬
680 1048 1490 1107 die Hand und vergisst seinen Groil.
1962 1075 3183 1146 liche ausländische Künstler in Ungarn nieder, die sich
779 1082 1922 1175 Das Stück ist, was Stimmung anbetrifft, das Beste, es
1955 1105 3174 1183 grösstentheils mit Klavierunterricht beschäftigten. Alle
677 1129 1922 1199 ist voll intimer Wirkung. Schnitzler ist hier in seinem
1959 1154 3181 1225 waren natürlich Bewunderer von Haydn, Mozart und
685 1164 1916 1247 Element. Zu einer dramatischen Höhe erhebt es sich in¬
1955 1182 3183 1251 Beethoven, und bald wurden auch die Compositionen
682 1217 1915 1278 dessen nicht. Ernst und traurig, ohne Tragik, lebendig
1952 1244 3182 1321 dieser Klassiker in den Magnatenhäusern bekannt und
677 1257 1911 1335 und bewegt, ohne dramatisch zu sein, besteht es mehr in
1952 1291 3183 1350 beliebt. Dass einzelne Magnaten selbst vorzügliche
684 1305 1916 1381 Seelenschilderungen und Seelenschmerzen. Es rührt, aber
1955 1321 3185 1396 Klavierspieler waren, geht daraus hervor, dass Beethoven
684 1336 1911 1424 es erschüttert nicht. Die Exposition des Ganzen lässt
1946 1381 3176 1451 bekanntlich mehrere seiner Sonaten ungarischen Damen
674 1390 1915 1477 jedenfalls mehr erwarten, als die Lösung wirklich bringt.
1953 1427 3169 1490 gewidmet. Bald verbreitete sich die Musik auch in den
779 1436 1916 1515 Der letzte Einakter „Litteratur“ ist ein reizender,
1955 1465 3185 1529 bürgerlichen Kreisen, und gerade aus ihnen stammen die
673 1470 1905 1562 lachender graciöser Dialog mit einer allerliebsten Pointe
1957 1510 2940 1581 besten ungarischen Künstler und Componisten.
680 1512 1910 1585 zum Schluss. Dieser Einakter hatte einen unbestrittenen
678 1557 1905 1655 Erfolg. Die geistvolle, prickeinde Sprache riss hin, das
2021 1571 3173 1662 Aus der nationalen Musik entfaltete sich allmählig, zu
677 1609 1895 1678 sprühende Funkenfeuerwerk Schnitzler’schen Geistes ver¬
1947 1626 3169 1714 Beginn des XIX. Jahrhunderts, die ungarische Kunst¬
670 1647 1904 1737 setzte in Laune und Stimmung. Ich würde das zarte
1946 1682 3165 1756 musik, die durch die Gründung des ersten ständigen
676 1702 1908 1787 Gewebe zerreissen, wollte ich die Fabel erzählen, alles
1956 1730 3160 1801 Theaters in Kolozsvar den Anstoss zur weiteren Ent¬
665 1730 1594 1809 ist Grazie, Komik, Schalk und Schelmerei.
1952 1777 3164 1850 wieklung erhielt. Diese Bühne führte unter dem Pro¬
754 1780 1906 1864 Da man im Deutschen Theater grösseren Aufgaben
1943 1810 3160 1887 tektor te der Siebenbürger Aristokratie die erste unga¬
661 1832 1905 1906 gerecht wird, war es auch hier der Fall. Alle spielten
1949 1861 3165 1944 rische Originaloper „Béla futäsa“ („Die Flucht Bela's¬)
667 1882 1899 1956 gut, hervorragend Bassermann und die Triesch. Im letzten
1938 1904 3171 1981 im Jahre 1823 auf. Die Musik rührt von Josef Ruzsieska
675 1922 1898 1976 Akt hätte ich nur bei Fräulein Triesch mehr Laune er¬
1938 1956 3170 2029 her, dem Kapellmeister des Kolozevärer Theaters. Den
664 1967 1891 2047 wartet, gefordert aber hätte ich, dass sie das Bewusstsein
1938 1997 3160 2050 Text schrieb der Schauspieler Johann Kocsi Patko nach
665 2003 1894 2085 der Ueberlegenheit ihres Geistes dem beschrünkten
1939 2032 3164 2109 Kotzebue's „Die Tartaren in Ungarn“; das Libretto schloss
667 2046 1902 2144 Sportsman gegenüber mehr charakterisirt hätte. Nittner
1934 2081 3165 2154 sich ganz dem Original an, nur einige Chor- und Lieder¬
660 2102 1857 2176 war interessant, Reinhard gut, aber monoton. Dr. L.
1929 2122 3164 2199 einlagen wurden hinzugefügt Die Oper erzielte trotz des
1929 2172 3166 2247 ziemlie“ schwachen Tegtes doch einen guten Erfolg,
1936 2217 3162 2292 Pauptsächlich wegen der originalen ungarischen Einlagen.
2032 2258 3166 2326 Beld darauf erschien eine zweite ungarische Oper von
670 2216 1899 2370 Angarische Opern= und Nunstmusin.
1934 2302 3163 2387 Josef Heinisch, Text von Ladislaus Szabo von Szentjobi:
1933 2350 3166 2409 „Mätyas Kiralynak valasztasar. („Die Wahl König
660 2324 1887 2434 Kunsthistorische Skizze von Desider von Rottmeger*)
1933 2388 3163 2458 Mathias'“.) Ein grösserer Aufschwung ist seit 1837, der
1135 2392 1420 2461 (Budapest.)
1936 2431 3150 2507 Eröffnung des Pester urgarischen Theaters, zu verzeichnen.
749 2435 1893 2518 Der Beobachter des musikalischen Lebens in Budapest
1938 2483 3148 2551 Damals schricb Andreas Bartay, der Direktor dieses
655 2497 1903 2570 findet eben eeiche Gestaltungen und moderne Gruppirungen
1942 2525 2796 2592 Theaters, die dritte Oper „Csel“ („List“).
657 2526 1896 2618 künstlerischer Strebungen vor, wie in den anderen Haupt¬“
2006 2575 3150 2642 Die ersten drei Opern sind nur mit mehr oder weniger
664 2585 1918 2648 städten Europas. Mit dem Auslande ist ein gewisses „
1923 2602 3162 2689 Erfolg gekrönte F'lugproben der ungarischen Kunstmusik.
665 2627 1614 2693 Tauschverhältniss ins Leben getreten
1607 2636 1893 2697 Budapester
1936 2651 3150 2718 Die erste wirklich gelungene Oper ist Franz Erkel’s
654 2671 1905 2754 Künstler beiderlei Geschlechts sind nicht nur willkommene.
1935 2705 3156 2775 „Bäthori Maria“, dessen zweiaktiges Libretto Beni Egressy
663 2714 1895 2793 Gäste, sondern erlangen auch ständige Engagements im
1933 2745 3150 2819 verfasst hatte. Die Oper wurde am 8. August 1840 mit
661 2749 1896 2828 Auslande, währen wieder Ausländern Budapest einen
1930 2792 3149 2863 grossem Beifall aufgeführt. Franz Erkel kann als der
657 2788 1703 2878 dankbaren Boden und Lebensunterhalt gewährt.
1943 2833 3143 2906 Schöpfer der Ungarischen Oper bezeichnet werden, seine
754 2848 1874 2924 Wenden wir aber den Blick zurück auf die Ent¬
1950 2873 3154 2950 Verdienste auf diesem Gebiete sind unverlöschbar. Er
663 2902 1879 2975 wicklung der ungarischen Musik, so fungirt Budapest
1936 2918 3154 2983 zeigte den Pfad. auf dem man weiter schreiten, das Ziel,
647 2944 1879 3012 nicht immer als dauernd massgesender Mittelpunkt; ein
1927 2964 3146 3041 das man verfolgen musste, um die ungarische Oper auf
648 2985 1889 3051 solcher war vormals überhaupt nicht zu treffen. Was
1930 3010 3142 3084 das Niveau der italienischen, französischen und deutschen
655 3023 1887 3102 in Ungarn zur Aufzeichnung berechtigt wäre, tauchte bald
1921 3055 3148 3131 zu erheben. Am 27. Januar 1844 ging seine zweite Oper,
658 3061 1890 3152 hier, bald dort auf, am königlichen Hofe, im Hause eines
1923 3104 3140 3162 „Hunyadi Laszlo“ in Seene, und diese vieraktige Oper
654 3111 1873 3186 kunstliebenden Magnaten oder in dem einer Kirche zu¬
1960 3144 3142 3215 urde mit noch grösserem Beifall empfangen als Bäthori
647 3168 1876 3238 gehörenden Kreise, Deshalb besitzen wir zur Epoche der
1909 3183 3145 3256 Maria“, wegen der vielen schönen Musikstücke, an denen
652 3210 1887 3283 Entwicklung der ungarischen Musik wenig oder gar keine
1911 3232 3144 3315 dieses Werkso überreich ist. Die Ouverture, die herrlich
660 3251 1878 3328 Verbindung: trotz des Mangels an Daten aus längst ver¬
1915 3272 3139 3350 inspirirte Kirchenscene, der charakteristische ungarische
649 3287 1879 3378 gangenen Zeiten können wir doch behaupten, dass in
1921 3311 3131 3392 Trauermarsch, das Gebet Erzsebet’se es sind Aeusserungen
646 3336 1873 3419 Ungarn alle Vorarbeiten gemacht waren, um die Musik
1916 3364 3140 3447 eines Genies, in dem echtes dramatisches Biut pulsirt.
652 3391 1877 3460 zu einer wirklichen Kunst emporzuläutern. Im XVI. Jahr¬
1921 3401 3119 3480 Hervorzuheben ist noch das „Hattyudal“ („Schwanenlied“),
650 3415 1877 3510 hundert hätte die Kunst wie in Italien, Frankreich und
1920 3452 3134 3506 eine berühmte Orchesterpiece, vielleicht die beste in der
640 3465 1879 3549 Deutschland, auch in Ungarn einen Aufschwung nehmen
1910 3494 3139 3579 ungarischen klassischen Musiklitteratur. Die Musik des
642 3513 1872 3591 müssen, aber in der fürdieselbe so ungünstigen, stürmischen
1923 3535 3140 3614 Nationalhymnus „Isten ald meg a magyart: (Gott segne
647 3565 1871 3638 Zeit konnte sie in Ungarn nicht zur Selbstständigkeit ge¬
1905 3577 3136 3662 Engarn) hatte ebenfalls Erkel im Jahre 1845 geschrieben.
648 3598 1881 3681 langen. Eine auf letztere abzielende Bewegung war in
1989 3633 3125 3699 Nach zwölf Jahren. 1857, componirte er mit Franz
649 3642 1869 3725 der zweiten Hälfte des vorigen Jahrhunderts bemerkbar.
1897 3642 3128 3746 und Karl Doppler zusammen die dreiaktige Gelegenheits¬
636 3675 1870 3775 wo auch gleichzeitig Interesse und Aufmerksamkeit
1912 3721 3137 3788 oper „Erzsebet“, die zu Ehren der Ankunft der Königin
635 3725 1851 3796 für die nationalen Motive sich ausbreiten. Bald er¬
1900 3758 3132 3843 Elisabeth in Budapest aufgeführt wurde. Zwei Jahre
642 3771 1870 3852 langt auch Budapest den ihm gebührenden Platz und
1908 3804 3129 3875 später erschien Erkel's „Bank-ban“, dessen Erfolg den des
635 3814 1875 3904 nimmt dann einen raschen und eminenten Aufschwung.
1915 3850 3126 3920 „Hungadi Laszlor noch übertraf. Voll prächtiger Melodie,
727 3871 1871 3945 Deutsche und italienische Musik wurde in Ungarn
1904 3895 3131 3969 originaler Instrumentirung und feiner musikalischer Com¬
637 3893 1861 3976 schon in der zweiten Hälfte des XVIII. Jahrhunderts in
1899 3930 3120 4013 binationen, brachte diese Composition weniger gebrauchte
640 3971 1868 4032 den Magnatenkreisen gepflegt, die nicht nur vorzügliche
1901 3967 3118 4051 und alte Instrumente zur Verwendung und erzielte haupt¬
645 3993 1868 4076 Orchester hielten, sondern bekannte ausländische Ton¬
1897 4016 3120 4101 sächlich mit der Benutzung des ungarischen Cimbals sehr
640 4043 1854 4113 dichter an deren Spitze beriefen. Pompös eingerichtete
1904 4069 3113 4127 originelle. verblüffende Wirkungen. Für die Theisscene
639 4093 1868 4162 Theater wurden in den vornehmen Schlössern erbaut und
1894 4103 3103 4179 hatte er die ungarische Hirtenflöte, das Tilinko“, auf¬
627 4123 1863 4208 die vorzüglichsten Werke der damaligen Opernlitteratur
1897 4139 3115 4234 genommen und gab damit dem Bilde eine echt ungarische
622 4179 1900 4268 auf deren Bühne aufgeführt. Im Anfange des XIX. Jahr¬
1885 4188 2144 4253 Stimmung.
2119 4225 2157 4258 1
