3392 4256
1904 260 2380 365 box 21/5
1113 265 1283 339 und
202 268 1923 379 16.1. Lebendige Stunden ZykIus
1478 1477 3281 1542 der das Leben verläßt, nur mehr Gedanken der Ver=] „Café Größenwahn“ mit der nötigen
2543 1525 3290 1587 Er gab in der „Frau mit dem Dolch“ in
1481 1538 2544 1611 söhnung Trost bringen können. Was im Leben wichtig
690 1433 1223 1613 Man un 2u.
2523 1567 3298 1647 gesundblütige Robustheit, eine künstlerisch
1491 1596 2537 1654 schien: äußerlich über dem Nebenmenschen zu stehen,
685 1593 1231 1670 Levendige Stunden.
2535 1617 3293 1689 der Zeit der Medici. Im ersten Einakt
1482 1632 2531 1689 versinkt im letzten Augenblick mit tausend anderen Klein¬
412 1632 1482 1741 Einakterzyklus von Arthar Schnitzler. — Zur Auf¬
2532 1670 3293 1734 scharf scheidend von dem Genannten a
1492 1670 2545 1745 lichkeiten und wärmend durchdringt ein erstarrendes
554 1687 1350 1767 führung im Schauspielhaus am 10. Juni.
2536 1718 3280 1785 der guten Charakteristik fehlte etwas
1480 1723 2537 1794 Herz nur mehr das Gefühl versöhnlicher Liebe; die
493 1729 1493 1813 Lebendige Stunden.: Stunden, die in den Tiesen
2539 1770 3289 1834 so wie der im Schmerzaffekt vollwertig
1480 1775 2547 1852 Stürme des Lebens wühlen den nicht mehr auf, der
419 1803 1489 1867 der Seele Widerhall finden, Stunden, die fruchtbar wer¬
2534 1822 3292 1889 Herrn Graff etwas Schwung und
1483 1832 2546 1898 schon am „anderen Ufer“ steht. Alle Rachsucht löst
420 1837 1488 1907 den, in denen das eben neue Form annimmt. Im
2533 1848 3304 1938 Grieg war einmal Gentleman und
1485 1884 2541 1941 sich im letzten Seufzer, in Mitleid: „Wie armselig
427 1882 1483 1958 ersten Einakter gibt der Opferrod der Mutter dem
2537 1915 3281 1980 versumgluteter Liebhaber und beides
1484 1922 2540 1994 sind doch die Menschen, die auch morgen noch leben
427 1937 1484 2005 jungen Dichter die Kraft zu neuem Schaffen wieder.
2546 1964 3293 2030 „Letzten Masken“, spielte Herr Wagn
1494 1970 1764 2055 müssen ..“
425 1986 1485 2045 Wertvoller als die stille Pietät des väterlichen Freundes
2543 2007 3304 2080 szene naturalistisch= kraftvoll und eind
1569 2005 2552 2092 In „Literatur“ wird das Thema ironisierend
428 2033 1495 2099 für die Verstorbene ist die schöpferische Kraft, aus
2547 2067 3269 2141 venberg schädigte seine Leistung
1481 2068 2545 2160 umgekehrt: Wie kläglich jene Literaten, denen auch
420 2079 1488 2150 der die Tote und ihre Tat zu dauerndem Leben im
2540 2104 3273 2178 strotzende Regimentstambourmaske,
1484 2123 2551 2189 „lebensige Stunden“ nichts sind als Gelegenheit zu
416 2134 818 2225 Kunstwerk ersteht.
2547 2158 3298 2228 hinter der der Sorgenmensch nicht #
1486 2172 2542 2243 einer seichten Romanmache. Papierseelen rascheln, ein
514 2163 1496 2253 In der „Frau mit dem Dolch“ wird aus
2539 2213 3290 2277 kam. Alpassys tüchtige Gestaltung
1481 2225 2545 2292 geckischer Kerl mit „gepflegten Händen und ungepflegtem
435 2226 1491 2300 Ahnungen: Unterbewußtseins=Phantasien, verfehlten
2539 2263 3290 2320 litt darunter, daß auf einen pflichtei
1490 2271 2540 2343 Gehirn“ wird das Ideal der herzensleeren Literatin,
435 2283 1484 2353 Wünschen und Befürchtungen, die als nevelhafte Er¬
2555 2311 3295 2371 Publikums das Wort „Komiker“ so w
1481 2308 2357 2393 der das Leben nur eine Romanphrase ist.
423 2324 1494 2411 rinnerungen als „Schon=einmal=erlebt=haben“ imponie¬
2536 2353 3293 2422 Lachen auch in ernsten Rollen für nö
1580 2348 2552 2439 Paula Dürr war in der Doppelrolle der „Pau¬
436 2374 1493 2463 ren, Schicksalswende, neuer Lebensentschluß. Die
2540 2405 3290 2472 Darsteller hätte dem durch stärkere Be
1486 2418 2539 2478 line Paola“ interessante Frau mit dämonisch phan¬
434 2424 1504 2495 „Letzten Masken“ führen dorthin, wohin Schnitz¬
2545 2458 3292 2516 kranken in der Maske begegnen können.
1499 2467 2545 2530 tastischen Seelenhintergrund: Reste robusten renaissance¬
439 2485 1496 2551 lers tiefste Werke („Sterben“ und Motive in der „Frau
2544 2504 3291 2567 noch Herr Hamik einen vor lauter A
1497 2506 2550 2583 haften Überweibtums leuchten charakteristisch hinter der
433 2532 1490 2600 des Weisen“) immer leiten: An den Rand des Lebens.
2544 2549 3298 2630 hörbaren Gärtner, Herr Otto ein ##
1483 2565 2543 2630 Gegenwartsinkarnation nervös=beweglicher Neukuitur auf.
437 2558 1494 2648 Ein Sterbender sammelt lebenslang aufgesreicherten Neid
2548 2605 3280 2680 ges Turfgigerl, das amüsant, aber
1490 2613 2554 2674 In „Literatur“ aber trat das falsche Pathos zu sehr
430 2626 1504 2702 zu dem Wunsch, dem glücklicheren Nebenbuhler im
2541 2655 3287 2725 assessorenhaftes als wienerisches Näse
1494 2655 2550 2734 hinter liebenswürdiger Frische zurück. Die Ironie als
443 2674 1496 2749 Lebenskampf seinen Haß entgegenspeien zu können. Als
2633 2694 3298 2763 Werden die toten Minuten zwischen
1497 2705 2556 2776 bestimmendes Kolorit, das Bohsmienhafte Blaustrümpfige
440 2719 1504 2798 der Beneidete kommt, wird dem Verscheidenden diese letzte
2561 2741 3287 2811 Stunden“ noch etwas gekürzt, so wird d
1498 2773 2554 2819 kam eiwas zu kurz. Dagegen servierte Herr Schich
436 2771 1503 2841 Freude dadurch zur sebendigen Stunde, daß er auf diesen
444 2841 3292 2925 häßlichen Triumph verzichtet. Er erkennt, daß dem, den verwandten, posierenden, männlichen Typus aus dem bergs rein erfreulichen Eindruck machen.
