3392 4224
1807 202 1881 257 S
233 172 2417 290 16.1. Lebendige Stunden zvkiu,, box 21/5
1295 906 2637 1000 Dichter und Figur zusammen: man sieht sie förmlich Daumen und Zeige¬
1300 980 2653 1056 finger der Rechten aneinanderlegen. Für die „Letzten Masken“ braucht das
1287 1040 2646 1095 Theater weniger zu tun, weil Schnitzler mehr getan hat. Dieses Dramolet
1296 1092 2655 1168 ist ein Momentbild von intimster Wahrheit und undurchdringlicher Ge¬
1300 1144 2642 1207 schlossenheit, mit jener Fülle von Imponderabilien, die zugleich den vollen
1294 1199 2649 1259 Schein des Lebens und die zwingende Realität der Kunst erzeugen. Man
1288 1247 2642 1328 hat dem Dichter vorgeworfen, er habe die Gestalt des Rademacher dadurch
1288 1315 2644 1380 herabgedrückt, daß er ihn seine heiligsten Erlebnisse, anstatt in einem Monolog,
1289 1357 2656 1443 dem lächerlichen Florian Jackwerth aus Olmütz gleichsam zur Probe beichten
1299 1417 2660 1493 lasse. Ich sehe darin eine große künstlerische Weisheit. Mit demselben
1288 1474 2643 1538 Mitleid, mit dem dieser Rademacher auf den halb weimernden, halb
1298 1513 2654 1573 renommierenden und ganz und gar nicht glücklichen Modeschriftsteller Weihgast
1298 1574 2640 1639 blickt, mit eben diesem Mitleid blickt Schnitzler auf den Journalisten
1292 1635 2647 1705 Rademacher selber. Das soll durchaus kein Held sein. Das ist ein armer, durch
1296 1696 2647 1750 und durch zermürbter Mensch, mit dem Schuß Hjalmartum, das auch den
1304 1739 2641 1821 bessern Teilnehmern der Erdenrundfahrt obligat ist, rachsüchtig und ge¬
1297 1797 2648 1872 schwätzig, und jenem Schmierenbruder schließlich nicht so fern. Ueberhebt
1301 1854 2649 1917 euch nicht, betrogene Betrüger, die ihr ja doch alle seid! klingt es aus
1297 1906 2639 1971 diesem Spiel. Es ist dabei bewundernswert, wie Schnitzler die Komödianten¬
1297 1957 2658 2012 haftigkeit seiner drei Männer abgetönt hat und sie ironisch spiegelt. Aber
1301 2013 2641 2081 seinem Lächeln ist ein Gran Wehmut beigemengt. „Literatur“ steht darum
1292 2057 2640 2136 böher, weil ihr Dichter um ein paar Stufen höher steht. Er lacht nur
1299 2115 2644 2191 noch; ohne Melancholie und ohne eine Spur von Zorn. Hier ist es ganz
1290 2175 2643 2248 verfehlt, von giftiger Bosheit und von der „Geißelung literarischer Zustände
1292 2226 2648 2302 zu sprechen. Das lohnte gerade! Nein, Schnitzler streichelt seine vaters¬
1301 2280 2644 2360 namenlosen Typen eher, zum Dank dafür, daß sie so komische Gewächse
1295 2337 2645 2396 sind. Sie machen nicht die Witze ihres Autors, sondern haben ihre eigene,
1301 2401 2638 2460 angeborene Rarrheit. Sie sprechen, wie der Schnabel ihnen gewachsen ist,
1294 2441 2650 2524 und bringen von ungefähr den deliziösesten, geschliffensten, kunstvollsten
1293 2512 2644 2574 Dialog zuwege. Sie sind so sprüblebendig, daß eins von ihnen schau¬
1306 2549 2651 2630 spielerisch total mißraten konnte, ohne daß dadurch dem lustigen Erfolg
1291 2605 2272 2679 dieses wahrhaften Lustspiels Eintrag geschehen wäre.
1361 2642 2647 2735 Der Mittelpunkt dieses erquickend nachdenklichen Abends ist Basser¬
1296 2694 2639 2789 mann. Es ist nicht möglich, Unbedeutendheit bedeutender, Uninteressant¬
1292 2762 2640 2843 heit interessanter darzustellen. Tausend Lichter und Schatten umspielen jede
1291 2817 2655 2890 von den drei Gestalten, so, daß nicht blos ihre Gegenwart, sondern auch
1298 2879 2652 2966 ihre Jugend, ihr Milieu und ihre Zukunft augenfällig wird. Wie das ge¬
1301 2914 2668 2995 schieht, ist rätselhaft. Ton, Haltung, Maske, Gang, Mimik, Gestikulation:
1290 2975 2654 3050 das alles ist immer neu und immer doch organisch, wie improvisiert und
1293 3040 2335 3123 von dem intensivsten musikalischen und malerischen Reiz.
1282 3126 1444 3205 280
