3484 4256
304 136 1961 222 16. 1. Lebendige Stunden Zuklus
763 929 1296 1028 + Bureau für
716 953 786 1042 O
751 1021 1483 1104 Zeitungsausschnitte und Verlag
757 1076 1447 1154 der Wissenschaftlichen Revue.
670 1122 1571 1210 BERLIN N., Auguststr. 87 part.
838 1190 1402 1263 Telephon Amt III. No. 3051.
580 1279 936 1362 Teienrammn Aürese,
948 1290 1287 1373 Ausschnitt
556 1341 944 1413 60LOSCHMIDT. Auguststr. 37.
1053 1361 1166 1418 aus
911 1458 1390 1552 Danziger Zeitung
617 1451 735 1617 %
922 1682 1220 1767 —7. 1. 02
804 1953 1438 2045 „Lebendige Stunden.“
646 2004 1635 2100 Arthur Schnitzler hat unter diesem Sammel¬
623 2050 784 2121 namen
970 2082 1632 2157 ##von vier Einactern geschaffen,
613 2102 1637 2203 der am Freitag Abend im Deutschen Theater zu
610 2146 1632 2247 Berlin einen unbestrittenen Erfolg davontrug.
614 2189 701 2249 Unf
699 2204 1632 2310 ere geschätzte Mitarbeiterin schreibt uns darübet
618 2239 717 2294 aus
764 2246 896 2299 rlin:
653 2282 744 2334 „Le
786 2272 1627 2359 ndige Stunden“ von Arthur Schnihzler
612 2323 663 2370 h
785 2328 1627 2419 Deutschen Theater einen theilweise sehr leb¬
604 2362 645 2410 h
802 2374 1631 2452 olg — die beiden letzten der vier Einacter,
800 2410 1570 2483 diesem Sammeltitel gegeben wurden, ge
601 2427 656 2483 #
797 2458 1624 2539 Wir kommen später auf Inhalt und Dar¬
608 2477 678 2541 stell
768 2481 920 2537 zurück.“
638 2531 1625 2634 Der „N. Fr. Pr.“ wird über den gleichen Anlaß
589 2552 670 2635 30
783 2573 1034 2638 s berichtet:
765 2622 1620 2713 Deutschen Theater hatte heute ein Einacter¬
595 2627 707 2712 Cyhl
744 2670 1613 2750 von Arthur Schnihler einen großen Erfolg.
602 2708 1622 2788 ImKörksten wirkten die beiben lehten von den
597 2746 1628 2842 vier Sfücken — das Schauspiel „Die letzten Masken“.
590 2793 1618 2869 und das Lustspiel „Literatur“. Das Schauspiel zeigt
588 2838 1612 2915 einen Ivurnalisten, der im allgemeinen Krankenhause
591 2867 1612 2956 stirbt und vor seinem Tode seinen Freind, einen
580 2908 1620 2987 berühmten Schriftsteller, zu sehen wünscht, um ihm zu
580 2949 1614 3022 enthüllen, daß dessen Frau seine Geliebte gewesen. Der
596 2983 1599 3062 Schriftsteller kommt, aber der Journalist enthüllt nichts,
569 3036 1614 3112 weil er eben stirbt und weil dem Sterbenden diejenigen
585 3057 1598 3144 gleichgiltig sind, die nach ihm in der Welt zurück¬
580 3104 1607 3184 bleiben. Das Lustspiel, welches die Zunftliteraten ver¬
568 3146 1607 3234 spottet, weckte durch seine geistvollen Ausfälle stürmische
571 3181 1599 3267 Heiterkeit. Auch das Schauspie! „Die Frau mit dem
578 3216 1594 3308 Dolch“, das in der Galerie vor einem alten Bilde
579 3252 1600 3329 spielt und die Geschichte dieses Bildes auf die Scene
596 3298 1592 3394 bringt, hatte Erfolg, wenngleich die Inscenirung und
592 3330 1593 3417 Darstellung den gestellten Aufgaben hier nicht gan
632 3373 1598 3461 recht geworden ist. Das Schauspiel „Lebendige
623 3415 1596 3491 unden“ mit dem der Cyklus begann, ist von den
649 3458 1592 3542 dramatilchen Werken das schmächsie. Unter den
678 3491 1590 3578 tern stand Bassermann in der ersten Reihe.
671 3532 1589 3615 Hans Fischer und in den komischen Rollen des
677 3575 1581 3666 Stückes Rittner und Irene Triesch waren vor¬
663 3609 1580 3696 ich. Der Rutor wohnte der Vorstellung bei und
642 3646 1588 3756 te nach jedem Stück mehrmal# vor dem Vorhang
549 3678 789 3747 erscheinen.“
2125 110 2558 199 box 21/2
2171 1407 2673 1580 Kax Goldsc
2666 1515 2782 1629 77
2228 1531 2662 1632 * Bureau für 4
2028 1562 2123 1646 O
2748 1576 2867 1671 %
2070 1620 2783 1707 Zeitungsausschnitte und Verlag
2080 1672 2781 1761 der Wissenschaftlichen Revue.
1981 1719 2893 1820 BERLIN N., Auguststr. 87 part.
2163 1796 2718 1872 Telephon Amt III, No. 3051.
2275 1898 2614 1980 Ausschnitt
1910 1881 2255 1964 Tererammn Aüresge
1893 1948 2252 2013 60LDSCHMIDT, Auguststr. 87.
2377 1956 2488 2022 aus
1854 2058 1992 2198 #
1926 2077 2802 2287 VHallosche Telung, Halle (Saule)
2413 2342 2699 2448 —7. 1. 02
1787 2742 2927 2831 — Arthur Schnitzlers: „Lebendige Stunden,
1729 2782 2954 2877 vier Einaktererlin am Sonnabend im Deutschen
1734 2838 2936 2912 Theater erstmalig aufgeführt und erzielten einen großen Erfolg.
1732 2878 2943 2957 Lebensphilosophie, Causerie, Groteske, Poesie und witzige Aperaus,
1723 2913 2950 2989 jedes in seiner Art geschickt behandelt und alles wiederum in seiner
1735 2956 2939 3031 Summe von einem gestaltungskräftigen Formtalent zu starken
1727 2988 2942 3069 Wirkungen und Pointen herausgearbeitet, — sie machen die vier
1735 3028 2937 3116 hübschen kleinen Werke aus, die folgende Einzeltitel führen:
1743 3067 2952 3160 Lebendige Stunden, Die Frau mit dem Dolche, Die letzten Masken##
1798 3104 1946 3174 teratur.
2955 4042 3038 4107 TRN
