3484 4320
1230 291 1328 351 I
1888 297 1938 354 8
2128 284 2600 381 box 21/4
320 290 1987 395 16.1. Lebendige Stunden zvkin.
3123 1396 3301 1544 1
1599 1510 3391 1562 so weit unsere Zunge klingt, wäre ja am besten und bündigsten Heine, Devrient, Treßler, Thimig
1586 1560 3391 1634 durch eine einzige Aufschrift zu kennzeichnen, die ich unter den bringen kann. Häßliche persönl
1584 1581 3390 1683 Nachlaßpapieren Berthold Auerbachs als Titel zu einem vor= der Einreichung von Schnitzlers „
1585 1637 3391 1734 bereiteten, dann aber vermutlich aus Ekel gar nicht geschriebe= kein Grund sein, für das Burgth
1594 1689 2739 1751 nen Aufsatz fand: „Eine Woche Theater oder:
2748 1706 3379 1774 Gesellschaftskomödien nicht auf
1598 1731 3386 1800 [Man schämt sich, ein Deutscher zu sein“. stellen. Laube hat widerwillig
1595 1770 3392 1847 Augenblicklich gäbe das sogar allzu ergiebigen Stoff nicht „Nibelungen“ zur Aufführung
1587 1800 3390 1890 nur zu einem Artikel, sondern zu einem ganzen Buch. Zulder in der Erledigung der Händel
1588 1851 3396 1931 einem Buch, das allerdings durch die von Breitkopf u. Härtel Hofschauspieler Heine ganz richtig
1581 1891 3369 1971 verlegte Statistik unserer Bühnenaufführungen in der Haupt=lichkeit nur im Hinblick darauf
1587 1941 3386 2021 sache erledigt erscheint. Dem Sachverständigen sagen diese seiner Truppe frommen würde, ha
1594 1987 2745 2051 Ziffern mehr als irgendein Text. In Wien zumal kommen
2752 2012 3391 2070 „Lebendige Stunden“ in leben
1589 2028 3375 2086 Shalespeare, Goethe, Schiller, Grillparzer, Hebbel nicht auf münzen, wenn ihm die Komödie
1567 2067 3396 2152 gegen die Modewaren, die der Tag bringt und meist dasselbe worden wäre. Hoffentlich schreib
1590 2116 3393 2192 Jahr verschlingt. Ich zähle die in München Hinlänglich Lebendigere Stunden für das B
1584 2161 3392 2234 bekannten Lebendigen Stunden von Arthur heilsamste Lösung für den Autor u
1582 2202 3377 2280 [Schnitzler keineswegs zu derartigen völlig nichtigen theaters hohe Zeit, sich mit dem
1587 2240 3396 2318 Eintagserscheinungen. Die beiden Einakter „Die letzten tragen, der ein spielbares Wien
1583 2276 3397 2360 [Masten“ und die groteske, wenn auch im Vergleich mit könnte. (Wie uns soeben telegraß
1586 2326 3388 2408 Gottfried Kellers „Mißbrauchten Liebesbriefen“ überderbe der diesjährige Bauernfeld¬
1580 2358 3393 2457 Parodie „Literatur“ verdienen gewiß den Anteil von Arthur Schnitzler für seine „Lebe
1591 2407 2987 2479 Zuschauern und Darstellern. Das erste Stück der Reihe D. Red.)
1588 2448 2752 2511 „Lebendige Stunden“ liest sich leidlicher, wirkte aber
1581 2497 2760 2549 bei dem vorjährigen Wiener Gastspiel des Deutschen Theaters
1572 2522 2752 2601 und bei der gestrigen ersten Aufführung des Zyklus im Deut¬
1585 2577 2749 2646 schen Volkstheater im Schauspielhaus als recht bleiernes
1568 2619 2744 2671 Viertelstündchen. „Die Frau mit dem Dolch“ in
1572 2662 2754 2730 der Darstellung der Brahm=Truppe völlig mißglückt durch
1568 2707 2755 2757 ungeschickte Verwendung des Zwischenvorhangs, gefiel gestern,
1565 2726 2750 2817 Abank der Sandrock, besser, bleibt im ganzen aber gleich¬
538 2757 1573 2838 O0 Wiener Theater. Eine ganze Reihe von „rätsel¬
1586 2787 2742 2844 wohl eine nicht gerade besonders genießbare Lesefrucht.
421 2819 1586 2881 haft geborenen und kaum gegrüßt verlorenen“ Neuigkeiten
1584 2836 2749 2895 Immerhin ist es heutzutage schon etwas, unter vier Akten
414 2857 1595 2921 im Volks=, Raimund= und Josephstädter Theater, fragwürdige
1591 2882 2736 2942 einen mit edleren Mitteln unterhaltenden wie „Literatur“
419 2897 1590 2968 englische, magyarische und talmi=französische Komödien,
1589 2922 2739 2976 und einen tiefer greifenden wie „Die letzten Masken“ zu
411 2958 2749 2989 Volksstücke, Schwänke hab' ich — hoffentlich mit Ihrer Zu= bringen. Was zur vollen Wirkung fehlte, war eine bis ins
418 2981 2744 3068 stimmung — zu besprechen versäumt oder, ehrlicher gesagt, Kleinste untadelige Aufführung, wie sie weder Brahm (trotz
422 3033 2745 3089 unterlassen. Eine ansehnliche Zahl ähnlicher Abende in allen einzelner Meisterleistungen, zumal Bassermanns) noch unser
425 3069 2751 3130 Schauspielhäusern des Reiches und außerhalb des Reiches, Volkstheater, sondern einzig und allein das Burgtheater (mit'
807 3110 986 3191 L1
