3436 4224
1280 170 1340 241 1
2145 170 2593 280 box 21/3
326 188 2012 294 16.1. Lebendige Stunden zuklus
350 946 831 1053 Telephon 12801.
200 1043 1233 1159 eigl's Unternehmen für Zeitungs-Ausschnitte
983 1110 1234 1183 Ausschnitt
1029 1162 1309 1257 Nr. 53
212 1120 903 1283 „OBSERYER“
192 1222 1349 1352 fl. conc. Bureau für Zeitungsberichte u. Personalnachrichten
188 1309 1133 1424 en, IX/1. Türkenstrasse 17.
249 1389 941 1471 — Piliale in Budapest: „Figyeló“ —
181 1418 1336 1526 Berlin, Chicago, Genf, London, Newyork, Paris, Rom, Stockholm.
185 1586 428 1692 t aus:
183 1749 480 1857 E
1076 2104 3279 2229 lihn zu besuchen. Ob sie sterben will oder hofft, fort (Krülker der „Wieller Abendpoll Tkeffend bemerlt, das
241 2100 899 2274 Feuilleton.
1086 2172 3252 2287 leben zu können, vermag ein prosaisches Gemüt nicht kleine Blumenparterre vor Schnitzlers Bauten nur der
1087 2234 3253 2316 auszudenken, der Autor aber schreibt vor: „In ihren Vorgarten des allgemeinen Krankenhauses, und in
1087 2276 3249 2355 Zügen drückt sich allmählich die Ueberzeugung aus, dem baumbesetzten Hof spazieren zumeist unheilbare
320 2270 806 2391 Wiener Brief.
1088 2319 3247 2422 daß ein Schicksal über ihr ist, dem sie nicht entrinnen Kranke: z. B. Hypochondrie, Hysterie und Lungensucht
862 2351 1252 2440 „7. Mai. Jkann.“
2141 2385 3249 2471 |I. Nr. 1, Nr. 2 und Nr. 3. Daß alle Figuren in
208 2386 1111 2493 Carltheater begann gestern die Gesellschaft
1161 2427 3240 2527 3. „Die letzten Masken“, Schauspiel in INr. 4 ganz gesund sind, möchten wir nicht behaupten
172 2465 1094 2527 itschen Theaters in Berlin ein Gastspiel. Man
1087 2438 2716 2543 einem Aufzuge. — Ein alter Journalist, Kritiker, arm aber amüsant sind sie sehr.
172 2503 1091 2591 ier einaktige Stücke Arthur Schnitzlers
1092 2525 2181 2590 und verlassen, liegt im Spitale und hat nur, ehe es
2217 2517 3245 2590 Die Darstellung aller vier Stücke, die Sie auch
173 2553 819 2629 ten Male auf. Es waren dies:
1059 2568 3247 2659 ans Sterben geht, den einen Wunsch, einen ehemaligen in Brünn baldigst zu sehen bekommen werden, war recht
183 2614 3245 2666 „Lebendige Stunden“ Schauspiel in Freund zu sprechen. Er will dem hohlen Gecken sagen: gut. Schnitzler und den Darstellern wurden reiche
168 2655 2175 2720 ufzuge. — Es ist eine Art Vorspiel des Cyklus, daß er, der Journalist, vor zwanzig Jahren der Ge¬
2150 2660 2578 2763 Ehren des Abends.
171 2704 2159 2781 tere Frau stirbt, ihr Freund betrauert sie und liebte seiner Frau gewesen ist. Der Freund kommt, der
3074 2694 3267 2789 —
185 2751 1085 2822 dem Sohne der Verblichenen nicht verzeihen,
1087 2763 2180 2857 Journalist aber schweigt. Ob er den unerlaubt törichten!
166 2795 1096 2870 ser, ein Dichter, in der Trauerzeit wenigstens
1084 2809 2180 2886 „Dichter“ für gestraft genug hält oder einsieht, welche
174 2840 2177 2927 f das „Schaffen“ verzichten mag. Der junge Schurkerei er in der letzten Lebensstunde begehen
168 2901 2171 2997 hat das letzte Wort und sagt dem Alten wahr: würde, wenn er einer Frau, die ihn erhörte, die Ehre
172 2935 1703 3010 eser werde, wenn der neue Lenz ins Land nähme, das wird nicht gesagt.
172 2989 977 3043 durch seine Blumen neu belebt werden.
1151 2980 2153 3073 4. „Literatur“, Schwank in einem Aufzuge.
171 3040 2159 3126 [Die Frau mit dem Dolche“ Schauspiel] — Das Stück geißelt gewisse Literaten, einige, viel¬
172 3097 2171 3187 Aufzuge. — Dieses Stück führt eine Artfleicht viele und verschafft eine gute, eine lebendige
163 3139 2158 3223 elenwanderung vor. Der als Bild gemalteshalbe Stunde. Die Geliebte eines Sportsman,
165 3180 2168 3267 ßt eine hypernervöse Frau, die nicht rechtl dessen kleiner Finger mehr einen Gentleman verrät
158 3214 2161 3303 as sie will, oder vielmehr, was sie soll, als die ganze Schriftstellerin, eine Frau mit etwas
183 3278 2156 3365 oder sich in den Wahn hineinreizen, die Geist mit gleicher Dosis von Herz, hat eine bewegte
165 3308 2164 3401 nce=Dame, der sie ähnlich sieht, sei ihre Vergangenheit hinter sich. vielleicht auch eine
176 3380 2160 3447 Inkarnation gewesen. Die Dame mit dem derlei Zukunft vor sich. Daraus ist heute kein Roman
169 3407 2154 3513 abe sich, weil sie ihrem Gatten untreu wurde, zu machen, aber ein sehr witziges Lustspiel, in dem
188 3479 2157 3517 in die Brust gestoßen. Sie träumt dies in viele Worte fröhlich knistern. Dieses Stück ist von
162 3520 2158 3595 besuchten Gallerie angesichts des Bildes und guter Schnitzlerischer „Literatur“ von Anno Anatol,
279 3567 2146 3624 lebendige Stunden! — einem jungens als der Zephyr des Poeten noch durch seinen Rosen¬
160 3616 2171 3722 dem sie bisher widerstanden, das Versprechen, garten der Wiener Liebe wehte. Heute ist, wie der
