3484 4192
560 85 607 134 8
628 98 1664 216 Ammen Brrerenmn
566 129 609 193 2
521 183 621 251 —
543 190 1679 277 □ l. österr. behördl. konz. Unternehmen für Zeitungs-Ausschaitte
555 267 622 309 70
700 244 1590 351 Wien, I., Concordiaplatz 4.
938 339 1358 401 Vertretungen
531 344 638 396 *
556 352 1679 443 0 in Berlin, Budapest, Chicago, Christiania, Genf, Kopen¬
534 415 1689 506 hagen, London, Madrid, Mailand, Minneapolis. New-Vork,
570 472 1653 537 0 Paris, Rom. San Francisco, Stockholm, St. Petersburg.
960 497 1350 560 (Quellenangabe ohne Gewilf.
543 566 591 631 —
575 567 1671 669 AusschnitfDegtsche Warte, Berlin
549 616 633 685 15
538 677 768 737 E vom:
820 681 1150 769 K
748 819 1580 919 kunst und Wissenschaft.
758 899 1600 976 Lessing=Theater. Unter dem Gesamttitel
663 943 1603 1012 Lebendige Stunden“ hat Axthur Schnitz¬
674 988 1398 1055 her vier seiner Einakter zusaämmengesahe
663 1046 1598 1091 eigentlich tote Stunden, fast vergessene Liebessünden,
663 1064 1607 1124 die plötzlich wieder Leben zu gewinnen scheinen
660 1141 1608 1187 und die Lebenden beunruhigen. Das erste Stück, den
676 1162 1598 1230 „Puppenspieler", nennt Schnitzler eine Studir.
668 1220 1598 1267 Er will damit das Unfertige, Skizzenhafte desselben ent¬
673 1254 1610 1319 schuldigen. Studien gehören aber nicht auf die Bühne,
676 1298 1611 1360 wo keine Literaturgeschichte getrieben werden kann. Der
668 1342 1611 1406 Mann, der einst selbstherrlich seine Genossen wie Puppen
669 1386 1613 1436 an seinen Drähten lenken zu können glaubte, der
672 1431 1622 1505 das ihn heimlich liebende Mädchen einem seiner Freunde
675 1480 1616 1541 glühende Liebesschwüre ins Ohr raunen ließ, nur um
705 1525 1619 1575 wien zu soppen, krifst nach langen Jahren beide wieder
674 1551 1610 1624 im glücklichsten, geordneten Familienleben, während er
663 1600 1603 1672 selbst als gescheiterte Existenz nur seinen Bettlerstolz be¬
666 1643 1603 1702 wahrt hat. Die Erinnerung an die verschmähte Liebe
665 1679 1600 1765 erfüllt ihn mit tiefer Wehmut. Albert Bassermanns
664 1722 1601 1800 Kunst schuf aus diesem Puppenspieler eine dem Leben
654 1783 1612 1850 abgelauschte Gestalt. — Darauf folgte ein Schauspiel
655 1825 1608 1899 „Die Frau mit dem Dolche", künstlich
660 1861 1597 1937 ausgellügelt, mit einem mystischen Einschlag. Eine
664 1906 1606 1980 junge Frau liebt ihren Gatten, einen berühmten
665 1950 1608 2014 dramatischen Schriftsteller, betrügt ihn aber aus sinn¬
657 1993 1595 2056 licher Laune einmal mit einem seiner jüngeren Bekannten.
656 2049 1604 2115 Zur Verabredung dieses edlen Vorhabens treffen sich die
653 2079 1600 2145 Dame und ihr Seladon in einer Gemäldegalerie vor
650 2128 1600 2198 dem Bilde eines alten, unbekannten Malers, vor der
659 2182 1596 2233 „Frau mit dem Dolche", die mit der Beschauerin
644 2214 1599 2296 eine große Aehnlichkeit hat. Das Bild erweckt
650 2253 1600 2345 in dieser den Gedanken, sie habe ein gleiches
653 2299 1596 2359 Abenteuer wie jetzt schon einmal in einem früheren Leben
650 2353 1593 2419 gehabt, und in dem Bilde sei es verewigt. Sie sinkt in
649 2393 1593 2446 Ohnmacht, und während derselben sieht sie in ihrer
648 2432 1587 2511 Phantasie einen analogen Vorgang in einem Maler¬
646 2471 1597 2560 atelier zur Zeit der Medici. Die Darstellung dieser
635 2534 1587 2599 Traumszene ist eine anerkennenswerte Leistung der
643 2559 1590 2638 Regie. Sonst ist das Stück bedeutungslos. Selbst
640 2608 1583 2677 Irene Triesch in der Doppelrolle vernrochte für dasselbe
626 2661 1581 2729 kein Interesse zu erwecken. — Ebenso wenig packend ist
636 2684 1588 2774 der dritte Einakter „Die letzten Masken“; er ist
627 2738 1578 2824 mur ein Virtuosenmätzchen wie der vorige. Ein alter,
637 2790 1582 2855 armer Journalist liegt sterbend im Krankenhause. Vor
633 2823 1579 2911 seinem Tode erwacht in ihm noch einmal der Haß gegen
624 2863 1569 2963 einen vom Glück begünstigten Jugendfreund, einen geistig
620 2927 1599 2995 unbedeutenden Schriftsteller. Er will seinen Haß durch eine
627 2958 1574 3039 Gemeinheit befriedigen und jenem die Tatsache ins Gesicht
630 3006 1573 3089 schleudern, daß er dessen Gattin als Geliebte besessen
627 3045 1576 3135 habe. Als aber der eitle Mann vor ihm sitzt, vermag
619 3080 1573 3170 er den niedrigen Vorsatz nicht auszuführen, weil die Er¬
617 3131 1571 3218 kenntnis von der Nichtigkeit irdischer Dinge ihn erfaßt.
623 3185 1573 3266 Emanuel Reicher bot eine fein durchgearbeitete patho¬
613 3233 1574 3295 logische Studie, Albert Bassermann die charakteristische
619 3270 1563 3351 Darstellung einer literarischen Eintagsgröße voll
615 3317 1569 3376 Selbstüberhebung. Auch Karl Forest als tod¬
612 3363 1567 3438 geweihter Schauspieler war von pckender Tragikomik. —
612 3402 1561 3467 Ehrlichen warmen Beifall fand nur der letzte Einalter
608 3461 1559 3517 „Literatur“, der zwei literarische Bohemiens launig
618 3496 1555 3556 schildert, eine Frau und einen Mann, die ihr
604 3547 1564 3614 loses und bald abgebrochenes Liebesverhältnis
604 3581 1555 3657 schriftstellerisch ausgeschlachtet, ihre Liebeskorrespondenz
601 3626 1561 3704 jeder in einem Romane veröffentlicht haben.
600 3675 1552 3742 Das wird ihnen sehr unbequem aus Furcht
600 3712 1550 3781 vor dem neuen, aristokratischen Liebhaber der Dame, der
600 3767 1555 3818 aus dieser dokumentarischen Uebereinstimmung der Brief¬
601 3809 1542 3874 konzepte Argwohn schöpfen, den wahren Sachverhalt
605 3839 1551 3913 durchschauen und Rechenschaft fordern kann. Irene
597 3883 1560 3967 Triesch, Albert Bassermann und Karl Forest spielten das
607 3926 1009 4009 Stück flott und lustig.
1417 3945 1519 4016 R.
1144 3939 1408 4028 n
2682 1572 3078 1657 Telephon 12801.
2010 1733 3050 1843 MUPrRTRTETRTSSSKUNNN
1955 1746 2005 1817 5
1933 1818 3056 1905 O l. österr. behördl. konz. Unternehmen für Zeitungs-Ausschnitte
1941 1847 2006 1900 6
1940 1891 2011 1935 0
2090 1873 2966 1968 Wien, I., Concordiaplatz 4.
1910 1925 2012 1988 2
2306 1937 2741 2017 Vertretungen
1981 1994 3053 2059 in Berlin, Budapest, Chicago, Christiania, Genf, Kopen¬
1905 2030 1982 2087 750
1980 2031 3061 2117 hagen, London, Madrid, Mailand, Minneapolis, New-Vork,
2011 2073 3038 2160 Paris, Rom, San Francisco, Stockholm, St. Petersburg.
1927 2109 2002 2157 6
2328 2128 2710 2176 (Quelienangabe ohne Gewähr.)
1911 2164 1956 2200 —
1923 2146 2941 2282 6 Ausschnitt aus: Freie Deutsche Preese
1913 2219 1988 2274 15
1904 2271 3055 2345 E vom: 6 3. 19tPreisinnige Zeitung, Berlin
2074 2411 2974 2513 Kunst und Wissenschaft
2327 2489 2735 2557 Lelsing-Theater
2006 2532 3131 2612 Mittwoch zum ersten Male „Lebendige Stunden“
1922 2576 3132 2657 vier Einakter von Arthur Schnitzler. Und zwar: „Der
1928 2612 3122 2685 Puppenspieler“, „Die Frau mit dem-Dorche“, „Die letzten Masken“,
1920 2650 2171 2704 „Literatur“
2007 2692 3114 2773 Die schwere Not der Zeit zwingt Direktor Brahm immer
1926 2721 3118 2815 wieder, Ausgrabungsversuche mit älteren Dramen vorzunehmen.
1921 2768 3114 2845 Auch Schnitzlers vier Einakter sind den Berlinern bereits bekannt.
1931 2803 3123 2887 Der Zyklus „Lebendige Stunden“ hat allerdings eine andere Zu¬
1918 2844 3110 2923 sammensetzung erfahren, indem nunmehr „Der Puppenspieler“
1916 2885 3119 2953 vorangestellt worden ist. Durch diese Umgestaltung ist wohl eine
1921 2920 3107 3005 Kleinigkeit gewonnen worden, da diese Studie sich als wertvoller
1908 2961 3126 3049 erweist denn das frühere Eröffnungsstück. Aber auch jetzt stand es
1915 2998 3112 3085 so, daß sich erst bei dem letzten Einakter, dem Lustspiel „Literatur",
1904 3044 3116 3131 ein engerer Kontakt zwischen Bühne und Publikum herstellte. Die
1904 3063 3112 3168 vorhergebenden dramatisierten Dialoge enthalten gewiß manches
1908 3124 3115 3195 Interessante, wenn auch die Tendenz in ihnen vor zu viel „Geist¬
1897 3163 3108 3238 reichigkeit“ nicht immec klar zum Ausdruck gebracht wird, jedoch im
1908 3197 3108 3284 ganzen siehtman doch dort fast nur Theater, kein wirk¬
1903 3236 3099 3314 liches Leben. Mit der „Literatur“ aber ist es trotz der
1910 3278 3106 3357 starken Karilierung anders; es ist auch gewiß kein Zufall, daß hier
1903 3323 3113 3382 die Darsteller gleichfalls ihr Bestes gaben. Albert Basser¬
1893 3356 3105 3435 mann vor allem als Clemens als Aristokrat mit den wohlgepflegten
1902 3395 3110 3479 Händen und dem schlechtgepflegten Gehirn bot eine geradezu hin¬
1903 3437 3104 3521 reißende Charakterstudie, und wirkungsvoll unterstützte ihn Irene
1900 3472 3105 3551 Triesch, während Carl Forest, der in den „letzten
1894 3516 3113 3590 Masken“ seinen Schauspieler mit vollendeter Kunst gab, im Schluß¬
1901 3549 3102 3634 stück sich wenigstens ehrenvoll hielt. Albert Bassermann stand auch
1891 3591 3099 3665 im zweiten von den drei ersten Einaktern an hervorragendster
1890 3624 3108 3716 Stelle, und man kann ruhig behaupten, daß der Erfolg des Avends
1897 3657 3089 3746 hauptsächlich seiner genialen Darstellung zu verdanken ist. Im
1896 3711 3103 3798 übrigen sei noch Emanuel Reicher erwähnt, der in den
1894 3751 3097 3841 „letzten Masken“ den Journalisten Rademacher gab, und als
1886 3782 3116 3888 solcher zeigte, daß er immer noch höchst effeltvoll zu sterben,
1881 3823 2069 3887 versteht.
