3484 4192
275 192 2442 296 16. 1. Lebendige Stunden— zykius bos 21/5
2496 975 2832 1076 reiephen 12801:
2548 1079 2653 1153 44
1948 1134 2590 1247 „ODSERTER
1743 1207 2854 1304 1. öeterr. behördl. konz. Unternehmen für Zeitungs-Ausschnitte
1183 1243 1542 1336 Telephon 12.801.
1931 1272 2686 1348 Wien, I., Concordiaplatz 4.
2145 1328 2471 1397 Vertretungen
1751 1347 2867 1442 in Berlin, Basel, Budapest, Chicago, Cleveland, Christiania,
639 1312 1284 1488 „OBSERVER
1759 1417 2870 1482 Genf, Kopenhagen, London, Madrid, Mailand, Minneapolis,
1761 1458 2867 1547 New-Vork, Paris, Rom, San Francisco, Stockholm, St. Peters¬
419 1475 1521 1539 1. österr. behördl. konz. Unternehmen für Zeitungs-Ausschnitte
2146 1495 2465 1564 burg, Toronto.
608 1522 1354 1601 Wien, I., Concordiaplatz 4.
2065 1508 2687 1619 auschesewlgblatt
819 1581 1136 1645 Vertretungen
1755 1584 2729 1681 Ausschnitt aus: Ostdeutsche Rundschar
417 1605 1533 1701 in Berlin, Basel, Budapest, Chicago, Cleveland, Christiania,
429 1669 1523 1735 Genf, Kopenhagen, London, Madrid, Mailand, Minneapolis,
1997 1678 2511 1779 -6 AFRlL i
431 1708 1545 1792 New-Vork, Paris, Rom, San Francisco, Stockholm, St. Peters¬
819 1749 1130 1805 burg, Toronto.
1758 1726 1909 1808 vom:
733 1789 1213 1862 (Quellenangabe ohne Gewähr).
1847 1813 2813 1893 Die Freie Volksbühne veranstaltete auf
421 1838 799 1924 Ausschnitt aus:
1737 1900 2796 1949 der Neuen Wiener Bühne einen Schnitzlerzuklus
647 1840 1473 1983 Neue Freie Presse. Wien
1736 1936 2798 2005 und eröffnete ihn mit einem Einakter aus dem Anatol¬
423 1966 585 2028 vom:
851 1966 1144 2056 6— k. 1910
1740 1977 2807 2051 zyklus, dessen Buchausgabe Loris mit den voranstehenden
1751 2030 2811 2109 Versen begleitete... Agonien, Episoden... Ist solche
435 2060 1538 2119 [Freie Volksbühne.] Das abwechslungsvolle
339 2098 1530 2160 Programm dieses Unternehmens wurde durch die Sonntags
360 2139 1538 2203 vom Ensemble der Neuen Wiener Bühne veranstaltete Auf¬
1788 2174 2853 2232 „Süße Mädel“=Kost für die Mitglieder einer Volksbühne,
363 2185 1536 2247 führung dreier Einakter von Artur Schnitzler wertvoll
1779 2215 2841 2282 die ethische Ziele verfolgt, nach vierjährigem Bestande
355 2238 1538 2301 bereichert. Man kennt Schnitzlers grazirfenun leicht¬
1790 2260 2852 2314 nicht zu früh geboten? Wurde der Einakter „Eine
349 2270 1529 2329 gefügten Anatolakt „Die Frage an das Schicksal“,
1778 2303 2843 2364 Frageandas Schicksal“ auch wirklich nur auf¬
353 2291 1525 2365 die mit bitterer Ironie, starken tragischen und tragikomischen
359 2355 1528 2407 Effekten aufwühlende Spitalsszene „Die letzten Masken“
1778 2348 2838 2423 geführt, um ein „Bild vom Werden und der inneren
352 2391 1537 2453 und die köstliche Persiflage des eigenen Gewerbes im Lust¬
1780 2397 2842 2479 Entwicklung“ Schnitzlers in den fünfzehn Jahren zu geben,
360 2437 1527 2504 spiel „Literatur" von früheren Aufführungen am Deut¬
1774 2447 2833 2509 die zwischen der Entstehung des Eröffnungsstückes und der
369 2481 1536 2549 schen Volkstheater. Die Darstellung der Neuen Wiener
1781 2494 2857 2555 beiden folgenden Einakter „Die letzten Masken“:
354 2538 1539 2589 Bühne hat keinen Vergleich zu scheuen. Direktor Charlé
1781 2546 2843 2612 und „Literatur" liegen, bleibt immer noch die Frage
364 2563 1544 2638 gab den Anatol mit Behagen und einer gewissen saloppen
1785 2597 2831 2667 offen, ob die Kenntnis dieses Entwicklungsganges für
366 2607 1540 2669 Eleganz, die ihm nicht liegende Rolle des sterbenden Jour¬
1771 2635 2833 2705 Leute, die außerhalb der Literatur stehen, so dringend
368 2647 1546 2704 nalisten Rademacher mit bemerkenswerter Charakteristik, den
1781 2694 2841 2758 notwendig ist und ob durch solche Experimente am Ende
366 2690 1531 2762 Baron Clemens, jenen in die Literaturgesellschaft hinein¬
362 2725 1548 2798 geschneiten Aristokraten, mit prächtigem Humor und echtestem
1785 2740 2842 2805 nicht gar ihr natürliches Empfinden verwirrt wird. Gewiß,
370 2778 1537 2855 Ausdruck. Neben ihm verdienten Fräulein Michalek als
1787 2792 2833 2852 die Schwierigkeiten, methodisch ein Repertoire des Besten
365 2813 1545 2882 Coru, Herr Ziegler als Max und Herr Heyse als
1780 2829 2853 2901 zu bieten, sind größer, als sich die kritische Schulweisheit
357 2877 1539 2923 Weihgast volles Lob. Der Humor der Frau v. Linden
1781 2884 2837 2935 träumen läßt, und nirgends gilt die Theorie weniger als
366 2895 1549 2982 (als Margarete in „Literatur“) war doch ein wenig zu grob
1784 2926 2833 2993 im Bühnenbetrieb. Da heißt es die günstige Gelegenheit
666 2946 1546 3003 Das Gefüge dieses Lustspiels verlangt wohl
357 2954 677 3019 und eintönig.
1775 2983 2840 3045 beim Schopf packen, wo und wann sie sich bietet, und aus
356 3004 1549 3053 von dieser Rolle weniger Karikatur und etwas mehr graziösen
1778 3027 2832 3084 der Not eine Tugend machen, heiße sie Jung= oder Alt¬
361 3027 1555 3113 Uebermut. Sonst würde uns ja die Verliebtheit des netten
1770 3086 2840 3137 Wien, Charlé oder Jarno. Es ist erstaunlich, in wie
371 3086 1548 3145 Barons allzulächerlich erscheinen. ... Das Publikum amü¬
364 3117 1547 3198 sierte sich herzlich und nahm die drei Einakter mit großem
1775 3111 2840 3188 kurzer Zeit sich Direktor Charlé vom Operettenkomiker
1779 3168 2846 3238 zum ernsten Konversationsschauspieler emporgearbeitet
374 3178 634 3239 Beifall auf.
540 3202 1085 3289 Im Hnfhuv.t..
1774 3213 2847 3287 hat. Um aber einen Schnitzlerzyklus zu tragen und im
1777 3269 2842 3326 Rahmen einer Volksbühne zu rechtfertigen, dazu reicht
1770 3309 2843 3390 heute die Palette seinee Darstellungsmittel noch nicht aus.
1783 3365 2840 3440 In den Letzten Masken“ erfreute Herr Heyse und in
1779 3414 2838 3494 „Literatak“ Herr Ziegler, in dem die Neue Wiener
1779 3458 2849 3538 Bülhe eine wertvolle Kraßt gewonnnen zu haben scheint.
