3436 4224
2082 248 2669 321 Könner ohnedies ein und dass be.
2122 282 2953 370 Gleich der zweite Einalter: „Die Frau mit
2070 350 2911 409 dem Tolche“ ist eine sehr interesante 9#
2068 389 2958 454 Zwar hat sie was durchaus Novellistisches, doch ist
2074 435 2974 492 die Scene sehr geschickt behandelt. Schu##lerührt
2072 463 2851 531 daran an eines der größten Probleme
2068 512 2980 587 das Leben, das wir vor dem gegenwärtigen Deiei
2060 560 2988 629 geführt, und das uns in manchen Momenien in
2068 616 2974 675 plötzlicher Helligkeit auftaucht wie ein jehnes
1342 587 1774 664 Telefon 12801.
2066 654 2969 725 und doch so gegenwörtiges Bild. In der Ge¬
776 662 2966 825 — Alex. Weigl’s Unternehmen für Zeitungs-Aussell malde= Galtrie hat Pautine 11.
1915 742 2959 789 Ausschallt ein Rendezvous gegeben. Dort, we #ie rälsel¬
2069 773 2967 840 hafte Frau im Nachlgewande, einen Mutigen
2070 818 2968 886 Dolch in der Hand, im Rahmen hängt. Der
1228 749 2069 916 „OBSERVER“ Nr.
2084 868 2968 923 fühlt sich Pauline verwanol. Aeußerlich und
2076 902 2978 988 im Wesen und halb im Scherz äußert sie, daß der
756 862 2075 1047 2- Lösterr. behördl. conc. Bureau für Zeitungsberichte u. Personaln
1018 937 2982 1078 Wien, IX, Türkenstrasse 17 =aler dieses Bildes, Stonkare, vor so us ie niel
2057 1008 2958 1060 Jahrhunderten in ihrem Hause in Itälien vu¬
2063 1056 2972 1108 kehrt habe. Und ein Grausen faßt sie, wie sie im
1240 1017 2056 1152 — Piliale in Budapest: „Pigrels“ —
2060 1096 2969 1154 dunkeln Grunde des Bildes den Leichnam ihres
2073 1117 2977 1200 Freundes sieht. Das ist er, er, Leonhard! Wie von
759 1114 2065 1234 Vertretungen in Berlin, Chicago, Genf, London, Newyork, Paris, Rof
2066 1172 2975 1239 Sinnen fällt sie hin und die Seene verwandelt sich¬
2066 1219 2967 1281 in eine solche der italienischen Renaissance. Pauline,
2057 1261 2963 1315 Remigios Gattin, hat die ganze Nacht bei Leonhurd¬
850 1211 2066 1359 FAusschnitt aus: #deer- atgen
2056 1304 2973 1368 verbracht und der Morgen bringt ihr den Gatten wieder.
2076 1342 2978 1418 Sie will ihm alles gestehen, und ihr Liebhaber
2063 1387 2964 1451 will sich von ihm tölen lassen. Aber Remigio hat¬
872 1396 1359 1515 vom 77
2061 1441 2969 1498 nur Verachtung für ihn und wie der mit Verachtung“
2058 1467 2973 1552 Gestrafte Rache schwörend von dannen will, stößt ihn
2067 1526 2970 1587 Pauline den Dolch ins Herz. Wieder Verwandtung
2068 1573 2963 1636 der Scene. Die Gemäldegalerie, Pauline erwacht
2054 1616 2968 1682 aus ihrer kurzen Ohnmacht und verspricht dem
2059 1657 2960 1734 prängenden Liebhaber, heute Abend zum Rendezvous:
2041 1681 2380 1766 f# iomich.—
1501 1719 1580 1799 Pa
1340 1718 1442 1798 2
2108 1749 2965 1813 Sehr fein ist hier ein Leben gegeben, geführt von
1186 1748 1650 1850 WSG
2062 1787 2963 1862 einem wundersam aus der Vergangenheit in die Zu¬
2072 1834 2964 1902 kunft wirkenden Geschick. Scenisch gelang die Phautas¬
2079 1885 2963 1942 magorie ausgezeichnet. Wie ein verblaßter Gobelin
1206 1911 1262 1987 5
2073 1915 2960 1996 sah die Bühne aus und die Triesch war brillant.
1767 1923 1830 1996 2
1217 1963 1441 2054 K
2114 1970 2953 2019 Das Dritte: „Die letzten Masken“ ist
2062 2007 2979 2080 eine bittere Satire auf das halbe, schöngeistreichelnde,
1338 2017 1896 2107 Deutlches Cheater.
2070 2062 2963 2125 vom Glück in die Höhe gebrahte Talent. Im
1218 2064 2058 2156 Gestern zum ersten Male: „Lebendige Stunden“.
2074 2101 2975 2172 Hospital wird der Journalist Radenacher sterben. Er
2076 2144 2972 2211 hat vor seinem Tode nur noch deh einen Wunsch;
1176 2138 1928 2224 Vier Einakter von Kirthur Schnitzler.
1226 2167 2059 2264 Ein##atzücken'er Abend. Schwer, mit Künstelei.
2074 2190 2974 2242 dem „Dichter“ Weihpost, der so viel Gück im Leben
2070 2243 2971 2305 hatte, die Wahrheit zu sagen. Abrechzen möchte
951 2220 2058 2292 Für 50 7 und gesuchten Sentimentalitälen sing er an und
1178 2263 2056 2336 steigerte sich über novellistische Schönheiten und
2078 2271 2974 2326 das verkannte Genie mit dem flachen Kopf.
1054 2288 1168 2334 100
1050 2327 1159 2374 200
1168 2299 2072 2398 interessante psychologische Studien hinweg zu einer
2076 2317 2980 2375 Aber wie er ihn in seiner Erbärmlichkeit Sieht, in
1043 2361 1168 2416 500
2080 2352 2981 2422 seiner platten Nichtigkeit, schweigt er und er stirbt
1175 2349 2063 2421 fröhlichen, echten, befreienden Heilerkeit. Das
2074 2400 2967 2451 in der Erkenntnis: daß er, ein Sterbender, mit
997 2407 1164 2479 „ 1000
1178 2384 2069 2489 Lustspielchen „Litteratur“ das den Schluß
2076 2451 2964 2505 diesem Mann nichts mehr zu thun haben könne,
1183 2429 2074 2514 bildete, ist die Perle. Ein Stückchen, wi oir
1067 2459 1165 2520 Im
2079 2477 2974 2554 In der Figur eines kranken Komikers ist Schnitzler
1189 2483 2072 2569 nicht bald eines haben werden im Bereich des deut¬
942 2487 1185 2572 Abonnemen
2078 2528 2987 2598 eine samose Gestalt gelungen. Hanns Fischer,
948 2546 1184 2614 Abonnenten
1181 2526 2080 2608 schen Lustspiels. Für Schnitzler war der ganze Abend
2077 2569 2981 2641 Max Reinhardt und Albert Bassermann
1183 2573 2083 2654 ein außerordentlicher, durch keine Freundeshilfe er¬
1068 2623 1172 2684 Der
2076 2628 2988 2703 arbeiteten die Charaktere ungemein scharf und plastisch
1184 2643 1486 2708 wirkter Erfolg.
958 2664 1190 2730 Inhaltsang
1243 2643 2074 2735 Das erste der einaktigen Werke: „Lebendige,
2088 2677 2254 2748 heraus.
966 2715 1189 2766 blätter
2139 2693 2986 2791 Der Schlager war der Einakter „Litleratur“s
957 2708 2081 2795 wodurch ei Stunden“ ist das schwächste. Es hat dem gan#
2089 2764 2996 2827 Ein Kayalier hat sich aus der schreibenden und
959 2788 1502 2850 des in- und Auslanden#
956 2767 1788 2896 verden in Wien um 9 Uher Frak verschlet.
2077 2801 3007 2880 malenden Bohéme ein Weiblein geholt, das er heiraten
2084 2846 2987 2910 wird. Ihre sinnlichkeitglühenden Gedichte gelten ihm als
1264 2844 2083 2963 Prospecte gratis und franco
2092 2877 2981 2976 unerlebt, sie weiß sie ihm als pure Phantasie auf¬
2091 2938 2987 3004 zuschwätzen. Er gehört zur Rasse der von der
2092 2980 2981 3066 „Aa###für die „Hörnung“ besonsere Pi
2094 3012 2984 3102 nierten, und dem kleinen schwedenden Frauchen
2090 3059 2989 3149 gelingt der Fang auch noch am Rande der
2086 3095 2990 3181 Gefahr. Einen Roman, in welchem sie den Briefs
2090 3160 2985 3215 wechsel mit einem früheren Liebhaber vers¬
2094 3189 2984 3265 wendet hat, den dieser selrsamerweise zu
2094 3237 2992 3316 gleicher Zeit und zu gleichen Zweckent
2088 3278 2996 3349 verwendet, — die früheren Beziehungen der Fra##
2089 3337 2995 3418 wären also drastisch in skandalbiester Weise auf¬
2092 3369 2996 3451 gedeckt! — kauft er noch vor dem Erscheinen
2098 3412 3007 3485 auf und läßt die ganze Auflage einstampfen.
2103 3460 3005 3527 Denn er duldet nicht, daß seine rwchiet
2096 3514 2997 3572 Wit einem, bei Schnitzler, der dochmehr zum
2103 3552 2988 3616 Gemüthoollen und höchstens zu einer losen Heiler¬
2102 3591 2990 3650 keit neigt, ganz besonders überraschenden Humor,
2100 3641 2983 3717 mit prächtiger Elastizität und Gewandtheit in der
2108 3664 3008 3748 Führung der Handlung, in den Wendungen
2099 3714 3006 3792 und Pointen ist as ungemein amüfante Lustipiel
2107 3771 2989 3840 geführt. Es ist der beste Einalter meser moderne
2103 3814 2999 3878 Litteratur, ein Schmuck= und Parebestücke
2105 3863 2980 3923 bersten Ranges. Irene Triesch Alber
2097 3905 3016 3979 und Ritiner schufen brillante Figuren. Sie patrk
2098 3949 3002 4022 nicht einmal Ironie nötig, in teulistischer, scharfer
2055 3976 2718 4073 Gestaltung lag die beste Wirkung.
2554 4044 2979 4124 NorbertKälke
