3436 4384
330 117 2000 221 16.1. Lebendige Stunden zyklus
2162 129 2612 231 box 21/2
2113 1005 2421 1102 ETRANGER
1119 1114 2456 1199 ton tragique ou frise la farce, toujours il se montre très bon connais¬
1116 1182 2460 1244 seur du cceur humain. Aujourd'hui, quoique peut-être, comme c’est
1105 1223 2459 1294 Thabitude dans les recueils de nouvelles, la première pièce ait simple¬
1111 1278 2469 1352 ment donné le titre au cycle tout entier, le poête mesemble avoir vonlu
1108 1326 2470 1381 faire ressortir l’idée fondamentale qui forme un lien entre les quatre
1105 1374 2456 1448 morceaux. Cest la vie qui est plus forte que la mort, le présent qui tue
1102 1407 2466 1497 le passé. Que les morts enterrent les morts; ceux qui survivent doivent
1108 1483 2468 1559 passer outre, continuer leur route pour combattre le combat qu'est
1100 1520 2058 1586 pour chacun et chacune cette existence terrestre.
1131 1574 2448 1632 Deux hommes, dans la première pièce, portent ie deuil d’une femme
1098 1630 2452 1692 qu'ils ont aimée, l’un comme fils, l’autre comme amant? et unique
1092 1676 2446 1739 ami. Le fils est artiste; attristé, désespéré par une longue et dou¬
1098 1723 2454 1789 loureuse maladie de sa mère, il se sentait perdre l’envie de vivre,
1100 1763 2459 1819 la capacité de créer. Sans qu'il se l’avoue à lui-mème, la mort est un
1088 1817 2452 1888 soulagement pour son ame tourmentée. L'ami, qui a passé les dernières
1089 1868 2442 1916 années au chevet de la malade, à qui celle-ci fut, malgré toutes ses
1086 1909 2448 1987 souffrances, une amie fidele, adorée, nécessaire, est choqué de cet
1080 1967 2435 2025 égoisme d’artiste. II révele au jeune homme que sa mère s’est donné la
1087 2016 2438 2068 mort, s’est empoisonnée par amour pour lui, pour le délivrer de la vue
1079 2051 2437 2135 de ses souffrances et pour lui rendre la force de créer. Est-ce que le
1072 2108 2429 2179 fils succombera sous le poids de cette révélation: Nullement. La pre¬
1078 2149 2432 2235 mière émotion passée, la vie le reprendra. Mais si l’égoisme de la jeu¬
1079 2192 2437 2292 nesse l’aidera à continuer sa route comme si de rien n’était, le vieux
1081 2252 2434 2333 Juinon plus, ne pourra rester inconsolable.“ La vie, pour lui, c’est son
1070 2296 2426 2378 jardinet. En cultivant ses roses, lui aussi, il sentira que les douleurs
1068 2350 2440 2443 deviendront supportables et elles feront, à la fin, place au bien-étre de
1076 2392 1232 2456 vivre.
1108 2458 2418 2524 La Femme an Po#gnard met encore le présent en face du passé.
1082 2481 2427 2581 Léonhard cf Pauline sont tout à leur flirt, commencé depuis peu de
1082 2540 2425 2621 temps, indécis encore. Ou pourrait-on mieux causer que dans une
1075 2580 2418 2673 galerie de tableaux, devant les toiles indulgentes des vieux maitres?
1076 2641 2417 2720 C’est devant cla Femme au Poignard yque l'assaut se fait le plus pres¬
1070 2696 2415 2767 sant et que la jeune femmese sent faillir. Mais la vue du tableau la plonge
1065 2740 2423 2828 dans une corte de songe hypnotique; elle se voit un instant l’héroine
1072 2795 2420 2864 de l’épisode que raconte la toile. On est au Einquecento, en Italie; elle
1062 2832 2420 2919 est Paola, la femme du célebre artiste Remigio qu’elle vient de trom¬
1068 2900 2422 2971 per, par caprice, avec un de ses éléves, nommé Léonardo comme son
1060 2939 2424 3017 amant. Le mari les surprend; trop fière pour le tromper, Paola lui
1064 2985 2425 3047 avoue tout. C’est le mépris silencieux du maitre qui met le poignard à
1058 3031 2403 3115 la main de Léonardo, mais sa maitresse le prévient, lui arrache le poi¬
1068 3075 2416 3144 guard et le tue. C’est la pose de la femme passionnée qui intéresse
1058 3132 2415 3213 Remigio; artiste avant tout, il trouve plus noble de fixer cette pose
1063 3178 2418 3245 plutôt que de venger son honneur; voila l’origine du tableau qu'un
1058 3224 1893 3293 songe révele à une femme prête à tomber.
1098 3286 2439 3373 Est-ce que le passé lui apprendra quelque chose: Non, la vie est
1050 3318 1306 3379 trop forte.
3031 4078 3272 4167 n
