3484 4320
561 108 1587 161 oder tiefsinniger Grübler über die kompliziertestin
562 141 1584 195 Seelenprobleme, aber allenthalben als eine Persöh¬
556 171 1586 243 lichkeit, die was zu sagen hat. Und daß er ernste Arbezt
555 224 1565 280 an sich selbst übt, zeigt sich deutlich, wenn man seine
557 243 1600 319 Aufschwung von „Anatol“ zu „Liebelei", von seinet¬
558 293 1605 365 „Dialogen zu „Der Schleier der Beatrice" bis zu „Derz
541 328 1020 374 einsame Weg“ verfolgt.
610 361 1576 424 Was uns diesmal der „Schnitzler=Abend“
544 380 1584 462 brachte, war interessant genug, um den Appetit nach
540 450 1597 505 besserer literarischer Kost zu reizen. Es gab drei von
544 476 1576 531 dem unter dem Titel „Lebendige Stunden“ er¬
546 513 1022 571 schienenen Einakterzyklus
1069 528 1573 577 „Die Frau mit dem Dolch“
553 559 1581 615 hat Dr. Rauch woh.weislich ausgeschieden. Auch auf
540 596 1582 648 das Schauspiel mit dem gleichlautenden Obertitel
551 636 1076 681 „Lebendige Stunden", das
1076 638 1594 690 hier den Abend eröffnete,
552 668 1092 722 hätte man verzichten können
1128 680 1589 733 es ist eine trockene Ab¬
560 704 1592 765 handlung ohne dramatischer Bewegung. Das große
548 748 1586 801 innere Geschehen erwarten wir vergebens, nachdem der
559 780 1577 840 junge Dichter Heinrich von dem alten Freunde seiner
552 824 1578 868 Mutter erjährt, daß diese keines natürlichen Todes
550 865 1587 925 gestorben, sondern um seinetwillen Selbstmord geübt
556 899 1587 952 hat, um ihn von den niederdrückenden Sorgen zu be¬
552 943 1582 998 freien, unter denen sein eigenes Leben und Schaffen
554 981 1588 1034 zu verkümmern drohle. Gerade an dem Angelpunkt des
555 1017 1581 1058 Stückes, wie dem Sohne aus dem Tode der Mutter
547 1060 1572 1105 neues Leben ersteht, versagte die dramatische Kraft. Mit
546 1091 1574 1145 den „Lebendigen Stunden“ sind nämlich die letzten ge¬
543 1128 1578 1178 heimnisvollen Stunden vor dem Sterben gemeint, die
548 1164 1484 1211 dem Schaffenden zu lebendigen Stunden werden.
596 1205 1573 1263 Das Stück machte einen befremdenden Eindruck, den
545 1253 1567 1300 auch die etwas farblose Darstellung nicht mindern konnte.
542 1279 1567 1338 Düster lag es über dem Ganzen, das auch die Gaslaterne,
538 1327 1570 1379 die auf der Bühne angezündet wird, damit der Sohn
543 1362 1575 1426 den Brief mit dem grausamen Bekenntnis der Mutter
546 1387 1146 1442 lesen kann, nicht erhellen konnte.
599 1431 1580 1482 Nicht weniger düster, aber psychologisch durchsichtig
538 1466 1584 1551 und dramatisch spannend war das folgende Schauspiel
549 1517 1575 1574 „Dieletzten Masken“ in dem der mit dem Tode
539 1538 1570 1610 ringende Journalist Karl Rademacher noch einmal auf
547 1581 1565 1649 sein verlorenes Leben zurückblickt. Nur ein Wunsch er¬
544 1631 1575 1679 füllt seine fliehende Seele — ein Wunsch, den er sein
546 1660 1569 1715 Leben lang hat unterdrücken müssen—, die aufgedrungene
544 1700 1569 1759 Maske des „stillen Dulders“ abzuwerfen und mit seinem
542 1736 1567 1808 Todfeinde abrechnen zu können. Aber als dieser wirklich
535 1781 1567 1834 in der erbärmlichen Maske des wohlwollenden Freun¬
538 1810 1573 1877 des und Protektors vor ihm erscheint, verstummt die
537 1859 1563 1898 von seinem Leidensgefährten, dem Schauspieler Jack¬
538 1889 1571 1936 wath, angefachte Beredsamkeit; klein und verächtlich er¬
544 1928 1552 1980 scheint ihm der große Feind an der Pforte des Todes. —
543 1973 1576 2008 „Was habe ich mit Leuten zu schaffen, die morgen noch
534 2004 892 2055 leben werden?“ —
890 2012 1560 2068 das sind seine letzten Worte: auch
530 2053 1541 2091 auch ihm wird die Todesstunde zur lebendigen Stunde. —
539 2079 1551 2148 Die Wirkung des Schauspiels war dank der vortreff¬
497 2104 1561 2181 lichen Darstellung, tief eigreifend — nicht für allzu
497 2166 1549 2257 zarte Nerven berechnet, aber eine wohltätige Auf¬
509 2210 946 2267 rüttelung für Gesunde.
537 2255 1528 2320 Eine erwünschte Abspannung gewährte die letzte Gabe
509 2282 1541 2365 des Abends, die schlagfertige, von ##usgelassenstem
492 2316 1539 2402 Humor und unwiderstehlicher Situationskomik strotzende
501 2370 1545 2425 Satire „Literatar: Die mit Sicherheit geführten
493 2397 1524 2468 Geißelhiebe gelten der literarischen Prostitution, die mit
497 2436 1533 2516 der eigenen Nacktheit koketiert, der das unmittelbare Er¬
497 2478 1525 2545 lebnis Alles bedeutet, das mittelbar Geschaute aber
504 2520 1521 2588 nichts ist. Zwischen zwei köstlichen Typen dieser Art, einer
502 2560 1532 2638 weiblichen und einer männlichen — Margarete und
498 2593 829 2645 Gilbert genannt
876 2608 1525 2666 und dem zwar sehr aristokratisch
490 2638 1534 2702 empfindenden aber literarisch nicht minder bornierten
490 2673 1519 2751 Baron Klemens spielt sich die Komödie äußerst kurz¬
486 2707 700 2758 weilig ab.
535 2751 1518 2813 Auch hier stand die Darstellung wie in „Die letzten
485 2788 1524 2861 Masken“, sowohl was die Einzelleistungen wie das ge¬
487 2823 1512 2896 lungene Zusammenspiel betrifft, auf einer höchst respek¬
489 2864 1525 2948 tablen künstlerischen Höhe. So tief ergreifend Georg
483 2902 1508 2976 Rücker den auf dem Sterbelager zur letzten lebendigen
484 2941 1520 3010 Stunde sich aufraffenden Journalisten Rademacher zu
480 2983 1504 3044 gestalten wußte, so voll saftigen Humors war dagegen
472 3009 1499 3081 der brutale Literaturprotze Gilbert in „Literatur“.
476 3054 1516 3112 Aber eine so fein abgetönte psychologische Studie sein
478 3086 1503 3162 Rademacher in „Die letzten Masken“ auch war, so
482 3129 1502 3208 möchten wir dem Künstler doch in Erwägung geben,
482 3164 1492 3241 ob die dramatische Wirkung nicht noch erhöht würde,
475 3209 1491 3275 wenn er den leidenschaftlichen Ausbruch vor dem Er¬
476 3241 1497 3315 scheinen Weihgasts direkt an den seine Illusionen er¬
473 3284 1495 3347 regenden Schauspieler Jackwath richten wollte, statt
469 3311 1501 3387 seine Reden visionär ins Publikum zu sprechen — er
471 3351 1493 3430 fällt dadurch gleichsam aus dem Rahmen und Jackwath
465 3397 908 3448 verliert an Bedeutung.
967 3409 1507 3466 Wesentlichen Anteil an der
471 3438 1496 3506 großen Gesamtwirkung von „Die letzten Masken“ hatte
460 3466 1494 3544 die diskrete und künstlerisch einordnende Wiedergabe des
461 3502 1495 3588 Schauspielers durch Gust. Schultze, Weihgasts durch
455 3543 1485 3622 Otto Kienscherf und des Arztes durch Arth. Roberts
500 3595 1483 3651 Wally Wagener als Wärterin mit eingeschlossen.
453 3611 1481 3698 Es war eine Darstellung, die dem Residenz=Theater zur
457 3657 1485 3737 Ehre gereicht. — Dasselbe gilt auch von Marg. Frey
453 3695 1493 3770 und Heinz Hetebrügge in „Literatur“ Eine helle
452 3739 1485 3811 Freude war es, das fein pointierte Zusammenspiel der
445 3775 1472 3849 beiden als Margarete und Baron Klemens zu verfolgen.
452 3809 1479 3885 Besonders Herr Heiebrügge hat uns mit dieser Rolle
449 3863 1484 3922 eine angenehme Ueberraschung bereitet, indem er damit
442 3884 1471 3957 den Nachweis brachte, daß es ihm auch für die Lustspiel¬
445 3930 1382 3999 charge nicht an Humor und Gestaltungskraft fehlt.
482 3973 1470 4041 Dem Regisseur der Vorstellung Georg Rückerge¬
409 3997 1017 4081 bührt-noch ein besonderes Lob.
2264 715 2655 799 Telephon 12801.
1871 785 3003 856 Alex. Weigls Unternehmen für Zeitungs-Ausschnitto
2758 877 2818 954 4
2078 870 2760 986 „OBSERVER“
1879 987 3000 1053 L österr. behördl. konz. Bureau für Zeitungsberichte u. Personalnachrichten
2070 1051 2828 1132 Wien, I., Concordiaplatz 4.
2293 1120 2601 1184 Vertretungen
1886 1148 3000 1228 in Berlin, Budapest, Chicago, Genf, London, New-Vork,
1881 1214 2995 1277 Paris, Rom, Mailand, Stockholm, Christiania, St. Petersburg.
2156 1254 2728 1322 (Quellenangabe ohne Gewähr.)
1876 1344 2373 1416 Ausschnitt auss
2324 1375 2961 1497 Linzer Zeitung
1879 1442 2320 1515 vom: 6= 1. /905
2347 1501 2536 1569 B
2774 1518 3077 1624 S
2182 1555 2786 1644 Landschaftliches Theater.
2151 1626 2769 1705 „Lebendige Stunden“
1967 1687 3061 1747 Ein Abend von literarischem Interesse — ein halbleeres
1875 1733 3077 1794 Haus. Eine Erscheinung, welche die schönsten literarischen
1870 1782 3075 1857 Bestrebungen einer Theaterdirektion gänzlich entmutigen
1870 1849 3066 1905 muß. Kein Wunder, wenn dann das Repertoire von Rastel¬
1879 1899 3066 1957 bindern, Pfefferkorns und Straubingers wimmelt. In dem
1884 1949 3068 1999 speziellen Falle: „Lebendige Stunden“ gibt es wohl für das
1879 1995 3075 2054 Publikum eine Entschuldigung. Die Einakter wurden am
1874 2038 3067 2085 Schlusse der vorigen Saison von einem Burgtheater=Ensemble
1871 2090 3063 2143 gegeben, allerdings nicht von einem durchwegs erstklassigen,
1864 2140 3065 2201 aber in der Hauptsache doch von hervorragenden Schauspie¬
1869 2187 3071 2235 lern. In erster Linie erinnerte man sich an Heines kaum zu
1868 2221 3070 2272 überbietende, schwer zu erreichende Glanzleistungen, an seinen
1863 2267 2980 2328 erschütternden Rademacher, an seinen köstlichen Gildert.
1962 2322 3061 2371 Anläßlich des erwähnten Gastspieles wurden die geist¬
1870 2344 3060 2423 reichen dramatischen Skizzen Artur Schnitzlers an dieser
1870 2402 3051 2489 Stelle besprochen. Es erübrigt daher heute nur der Darstel¬
1865 2449 2906 2513 lung durch die hiesigen Schauspielkräfte zu gedenken.
1964 2507 3063 2574 Die Einleitung des Abends glückte am meisten und wir
1855 2544 3055 2613 möchten sogar der diesmaligen Darstellung des ersten Ein¬
1864 2594 3060 2660 akters: „Die Frau mit dem Dolche“ gegenüber jener durch
1865 2638 3051 2708 die Burgtheatermitglieder den Vorzug geben. Das symboli¬
1863 2688 3068 2753 sierende Stück wurde lebhafter, temperamentvoller, deutlicher
1863 2739 3068 2789 gespielt und die zweimalige Verwandlung erfolgte sowohl in
1864 2771 3053 2844 szenischer Hinsicht, wie in Bezug auf den Kostümwechsel mit
1858 2834 3053 2892 erstaunlicher Schnelligkeit. Frl. Haas sprach die moderne
1868 2868 3058 2924 Pauline viel markanter, wie Frl. Rabitow, und entwickelte
1858 2917 3061 2968 als Paola ein wahrhaft südländisches Temperament. Viel¬
1862 2955 3065 3021 leicht ging sie in diesem überschäumenden Affekt etwas über
1864 3009 3060 3056 die Intentionen des Dichters hinaus, aber es spricht von tief¬
1861 3063 3053 3127 gehender Auffassung, wenn die Leidenschaft eines
1866 3105 3062 3169 gefallenen und bereuenden Weibes, einer Italienerin
1862 3153 3051 3204 zumal, mit voller Kraft wiedergegeben wird. Herr
1864 3196 3050 3251 Forster brachte für den Leonhard, wie für den Leonardo
1851 3249 3053 3306 den richtigen Ton. Den Remigio sprach und spielte
1851 3282 3047 3363 Herr Elmenberg gut. Das Gleiche ließe sich von seiner
1858 3325 3041 3399 Darstellung des „Weihgast“ in „Die letzten Masken“ nicht be¬
1853 3370 3048 3434 haupten. Die Maske war nicht glücklich gewählt, das Bild
1856 3425 3052 3474 des Charakters war gar nicht getroffen. Den sterbenden Rade¬
1844 3478 3052 3528 macher gab Herr Hoppé wohlmicht mit der fascinierenden
1845 3520 3043 3569 Naturtreue, die Herr Heine aufbrachte, doch mit schauspieleri¬
1849 3562 3037 3624 scher Gewandtheit und überzeugender, an vereinzelten Stel¬
1852 3609 3051 3676 len nur etwas zu sentimentaler Empfindung. Das sonnen¬
1849 3654 3050 3723 thalsche Taschentuch soll ein Rademacher nicht verwenden.
1856 3697 3047 3751 Den Gilbert spielte Herr Hoppé mit wirksamem Humor,
1851 3751 3047 3807 doch erschien er noch zu „philisterhaft anständig“, zu wenig
1853 3786 3055 3847 salopp. Herr Anthony war sehr gut als lungensüchtiger
1850 3842 3046 3893 Schauspieler, nicht minder als Aristokratentype. Fräulein
1841 3892 3043 3952 Stoll, die man seit vielen Wochen nicht mehr gesehen hatte,
1844 3930 3047 4006 war als Margarete in der brillanten Satire „Literatur“ char¬
1839 3972 2249 4045 mant und geistvoll.
2803 3996 2987 4089 r. N.0
