3484 4384
2047 229 2574 341 box 21/3
306 232 1988 342 16.1. Lebendige Stunden zuklus
866 604 1765 719 , London, Newyork, Paris, Rom, Stockholm.
311 759 1621 860 Ausschnitt aus: Vootzer —au
333 930 955 1061 von: 2#/ 7701.
1035 1327 1521 1415 Stadt-Theater.
1835 1355 3390 1434 Bildergalerie. Dort hängt u### ein Bild, das eine Dame und tröstet ih
800 1395 1750 1471 Lebendige Stunden“. Einakter=Cyklus von
1850 1422 3353 1485 mit einem Dolche darstellt. Sie ähnelt angeblich der Frau Rademacher
1013 1421 1537 1501 Arthur Schnitzler.
1864 1456 3366 1527 Pauline, die von dem bisherigen Freunde Leonhard — ihrser rufen ließ,
725 1451 3382 1570 Schnitzler ist bekanntlich der Chorführer der modernen Geliebter zu werden hat er, wie sie sagt, verscherzt — Ab= den nur an un
624 1516 3382 1648 österreichischen Naturalisten. Sein Schauspiel „Liebelei“, ent=schied nehmen will, um mit dem Gatten nach Italien zu reisen.] Weihgast noch
631 1569 3355 1647 hielt sozusagen bereits sein dramatisches Programm: Schilderung Leonhard beschwört sie, ihn an diesem letzten Abend zu be= Rabemacher
631 1617 3389 1724 sogenannter zweideutiger, thatsächlich durchaus eindentiger suchen, da verfällt Pauline in einen seltsamen Zustand — sie! Der tiefe Er
323 1665 468 1773 Für
446 1680 3380 1726 50 Kein Liebesverhältnisse, die als ganz selbstverständlich, also als ganz phantasirt und darüber fällt zum Staunen des Zuschauers kontrastirt bed
441 1723 576 1786 100
642 1719 3392 1835 berechtigt im gesellschaftlichen Leben hingestellt werden. Ueber der Zwischenvorhang. Als er sich wieder gehoben, sehen wir geben: der Sch
446 1772 571 1822 200
631 1763 3389 1861 diese „Moral“ gehen freilich in unserer Zeit, in der die „freie ein Maleratelier in Italien. Pauline im weißen Gewande, Weihgast's vo
359 1792 576 1876 „ 500
627 1816 1879 1884 Liebe“ noch nicht proklamirt ist, die Meinungen noch aus¬
362 1846 592 1918 „ 1000
1861 1842 3386 1927 Leonhard im Malerkostüm der Renaissancezeit. Wir erfahren, stellt. Herr 2
457 1868 1873 1945 Im Gegnander — auch in dem so oft als leichtlebig bezeichneten
1860 1887 3385 1984 daß Leonhard die letzte Nacht bei Pauline zugebracht, daß sie kranken Rade#
343 1940 3351 2000 Abonnemem in Wien, in dem und für das Schnitzler anscheinend hauptsächlich die Rückkehr des lange abwesend gewesenen Gatten Remigio werth, Herr
343 1979 1875 2058 Abonneuten tre arbeitet. Auch seine neue Einalter=Serie trägt durchaus
1870 1985 3384 2071 erwartet und diesem „alles“ gestehen will. Das muß doch Den großen
627 2021 3385 2074 Wiener Gepräge, zuweilen sogar bis auf die falschen Verbal= wohl zu einem bösen Rencontre zwischen den beiden Männern scheidener Wür
463 2049 3376 2161 Der „Olkonstruktionen, die in gewissen Bevölkerungskreisen dort üblich führen? Nur zum Theil. Remigio kommt zurück, erfährt sich hier einer
360 2092 660 2157 Inhaltsangabe
351 2139 3378 2238 dlätter ##sind. Weshalb die Serie gerade den Gesammttitel „Lebendige „alles“, bleibt aber kalt; es ist ihm gleichgiltig. Er weist über zu befint
369 2190 1879 2257 wodurch eine Stunden“ erhielt, ist nicht ohne Weiteres klar. Wir haben
1857 2186 3105 2271 dem Liebhaber seiner Frau nur die Thür. Da will Leon¬
3148 2202 3377 2268 Das letzt
356 2223 1874 2305 Leben des lu hier vier durchaus von einander unabhängige, also selbständige
1858 2240 3383 2316 hard den Gatten erdolchen, doch Pauline entwindet ihm densratur" und
358 2262 1880 2363 heilungen ve Bluetten, denen nur das Eine gemeinsam ist, daß sie lite¬
1855 2283 3372 2361 Dolch und ersticht Leonhard. Alles wird hier in Versen ge=satirisch und
614 2310 1706 2385 rarische Personen und literarisches Schaffen berühren.
1844 2349 3089 2408 sprochen. Wieder deckt der Zwischenvorhang eine Verwand¬
3078 2338 3382 2419 rühmten „Ver
710 2363 3374 2460 Lebendig geht es ja in den Stückchen theilweise zu, aus=lung der Scene. Wir sind dann wieder in der Bildergaleriegangenen O#
611 2402 1872 2497 genommen das erste, das den Spezialtitel „Lebendige
1848 2426 3373 2515 Leonhard und Pauline stehen noch, wie im Anfang, im weibliche Lite
621 2432 3379 2503 Stunden“ führt. Das ist im Grunde genommen nur ein Straßenanzug bei einander. Es werden nur noch einige Schranken hin
615 2510 3376 2619 längerei Dialog zwischen einem jungen Dichter und einem Worte zwischen ihnen gewechselt, aus denen man entnehmen Romane schrei
605 2548 3386 2664 alten Freunde seiner vor kurzem verstorbenen Mutter. Diese kann, daß Pauline eine Vision gehabt hat, die der Verfasser von ihrem M
600 2615 3373 2682 war lange krank und die Krankheit bedrückte den Sohn und uns dramatisch vorführte. Und ist Pauline dadurch vielleichtllassen, sich da
602 2670 3360 2715 Dichter Heinrich dermaßen, daß er die seelische Ruhe völlig „abgeschreckt?“ Nicht doch, sie sagt Leonhard das erbeteneliterarische B
601 2715 3370 2813 verlor und schaffensunfähig wurde. Das ging andererseitsletzte Zusammensein zu. Der hier angewendete Tric ist neu dichte à la A
597 2750 3367 2809 wieder der Mutter an's Herz, denn sie liebte den talentvollen! und frappirt. Das Gemüth geht freilich bei der ganzen SacheLiebhaber, ein
605 2799 3086 2904 Sohn, der bereits Erfolge errungen. Da fiel ihr vermuthlich leer aus. Man versteht die Frau nicht recht. Die Bluette
3064 2841 3364 2907 Margarethe h
599 2865 3364 2957 das Beispiel ein, das einst Charlotte Stieglitz, die Gattin des fand durch Frl. Betke (Pauline) und die Herren Brücknerlder Presse be
606 2902 3368 2958 Dichters Heinrich Stieglitz, gegeben, die sich bekanntlich lödtete, (Leonhard) und Weiß (Remigiv) eine vortreffliche Darstel= Sie ist außer
596 2945 2510 3052 um den in geistige Unthätigkeit versunkenen Gatten durch einen lung, die sehr applaudirt wurde.
3048 2986 3377 3057 besucht sie ein
603 3000 1862 3095 großen Schmerz aufzurütteln, was freilich nicht eintrat. Im
1909 3031 3370 3101 Mehr innere Theilnahme erweckt die dritte Piece „Diel Gilbert. Er
599 3052 3371 3154 vorliegenden Falle tödtet sich die Mutter, um dem Sohn dielletzten Masken“, obwohl hier die Tragik auf so scharfer sich, Margare
600 3101 3373 3160 Freiheit des Geistes wieder zu geben, ohne die poetisches Spitze steht, daß sie leicht ins Komische umschlägt. Der er= doch da tehrt
605 3149 3374 3210 Produziren nich: möglich ist, und die Erzählung und Erörte= grante Journalist Rademacher liegt todtkrank im öffentlichen ganze Auflagen
610 3210 1851 3277 rung dieses Vorganges bildet den ganzen Inhalt des ersten
1826 3234 3355 3302 Krankenhause — ähnlich wie Camoëns in Halm's gleichnamigem plar wurde ge
599 3244 1840 3326 Einalters. Also hat der Verfasser hier auf das sonst bei ihm
1840 3268 3081 3350 Dramolet. Rademacher hat nur noch einen Wunsch im Leben:
3070 3282 3369 3346 aber ebenfalls
596 3284 3365 3347 übliche pikante Liebesverhältniß verzichtet? Als Grundlage seinen einstigen Freund“ Weihgast zu sehen, der ein großer damit der Ba#
603 3339 3367 3447 ia, aber es wird wenigstens gestreift: der Vater Heinrichs Dichter geworden ist, während Rademachers Werke unbekannt Liebesbriefe e
583 3365 3371 3500 hat damals Frau und Kinder verlassen, um mit einer Anderen in seinem Schreibtisch liegen. Zu jenem Wunsche bewegt ihn und nun auch
591 3459 3353 3519 zu leben. Das Werkchen ward von den Herren Brückner aber nicht etwa Liebe, sondern — Haß. Er will Weihgast Scenen sind
592 3511 3349 3601 (Heinrich) und Schaper (Hausdorfer) stimmungsvoll vor= durch eine Mittheilung geistig vernichten, weil er den armen Zufriedenheit.
580 3545 3346 3594 getragen, machte aber auf das vollbesetzte Haus doch nur ge= Journalisten immer „von oben herab“ ansah. Der revidirende[ Friedeck
583 3586 965 3672 ringen Eindruck.
1824 3609 3345 3694 Arzt läßt sich bewegen, Weihgast in später Abendstunde her=Weiß als
697 3647 3364 3748 Ganz anderer Art ist der zweite Einalter „Die Frau beizuholen. Mittlerweile enthüllt Rademacher einem Kranken=[Schaper a
591 3675 3061 3788 mit dem Doiche." Da spielt in den Realismus des genossen, dem Schauspieler Jackwerth, sein Geheimniß: Weih¬
3063 3725 3251 3808 zeichnet.
586 3742 3075 3827 pikanten Liebesverhältnisses eine ganz unerwartete und des= gast's Frau ist zwei Jahre lang Rademachers Geliebte ge¬
3135 3765 3367 3837 Alles in
591 3788 3363 3885 halb verblüffende Phantastik hinein. Leonhard und Pauline, wesen! Das soll nun Weihgast erfahren! Er kommt auch anzusehen sich
587 3831 3079 3949 die Gattin eines Dichters, heben ein Rendezvous in einer wirklich, weiß natürlich, daß Rademacher in Kürze sterben wird.
3408 3061 3482 3131 g
3404 3209 3489 3273 sser
3418 3502 3503 3575 oll
3404 3654 3497 3721 piel
3406 3798 3491 3880 en
3422 2565 3504 2642 seit
