3436 4256
258 109 1932 220 16.1. Lebendige Stunden zuklus
2080 123 2538 222 box 21/2
954 520 1371 593 Telefon 128001.
458 600 1833 725 Alex. Weigl’s Unternehmen für Zeitungs-Ausschnitte
1471 699 1710 771 Ausschuftt
804 729 1832 851 „OBSENVEK Nr. 62
409 816 1882 933 I. österr. behördl. conc. Burean für Zeitungsberichte u. Personalnachrichten
582 892 1697 992 Wien, IX, Türkenstrasse 17.
799 972 1487 1064 Filiale in Budapest: „Figyelé“ —
398 1038 1859 1143 Vertretungen in Berlin. Chicago, Genf, London, Newyork, Paris, Rom, Stockholm.
389 1157 1933 1255 Aussennt ansC
396 1297 602 1378 vom
1029 1296 1738 1395 oande
672 1342 1006 1501 1102.
1733 1898 3000 1986 wonach er so heiß begehrt. Das alte Bild einer „Frau mit dem
756 1908 1454 1997 Berliner Theatersaison.
3006 1916 3251 1991 das frühere
1736 1955 3002 2026 Dolche“ zieht sie mächtig an, und in einer Vision sieht sie das Schick¬
2996 1970 3284 2037 Strich durch di
892 1984 1315 2051 Von Spectator.
1729 1986 3002 2067 sal jenes Bildes. Remigio, ein Maler der farbenfrohen Renaissance¬
3004 2021 3266 2082 zu machen, al
1275 2006 1701 2087 (Nachdruck verboten.)
1733 2044 3003 2109 epoche, überrascht sein Weib mit einem seiner Schüler. Die Un¬
2992 2058 3275 2120 Augenblick noc
544 2043 1729 2137 Der Höhepunkt der Saison ist überschritten, die meisten
1721 2080 3001 2155 getreue hat den Mut, die Schuld zu gestehen, und als Remigio zögert,
2999 2096 3210 2156 finden.
398 2094 1731 2173 #. „großen“ Premieren, jene Leckerbissen für das Theaterpublikum,
1725 2114 3281 2199 an dem Räuber seiner Ehre Vergelung zu üben, stößt sie selbst dem dem Vollen ge
452 2148 1719 2204 das sich das „litterarische“ nennt. sind gewesen. Sie haben in diesem
1731 2160 3281 2222 Geliebten den Dolch in die Brust. Der Anblick des rächenden Weibes gefunden, die
446 2187 1732 2243 Jahre mehr Enttäuschung als Freude gebracht und aufs neue be¬
1721 2195 3290 2284 weckt den großen Künstler in Remigios Brust — er malt die „Frau mungen folgte
455 2226 1724 2278 wiesen, daß unsere dramatischen Dichterherven eigentlich nur noch von
1723 2233 3000 2314 mit dem Dolche“ sein Meisterstück. Die Vision verschwindet, die
2981 2251 3281 2322 darf zufrieden
443 2262 1726 2330 *pergangenen Ruhmesthaten zehren und nur schwer frische Lorberen
1724 2278 3006 2358 Gegenwart tritt wieder in ihre Rechte. Wie aus einer Erstarrung.
3218 2292 3299 2351 66
442 2292 1251 2364 zu den halb verdorrten zu fügen vermögen.
1724 2311 2994 2382 erwacht Pauline und verspricht Leonhard, dessen Züge der eben Er¬
569 2333 1725 2394 Gerhart Hauptmanns Der rote Hahn“ wurde
1723 2357 2996 2427 dolchte trug, ihn am Abend zu besuchen. Aus dem Traumbild wird
356 2363 1720 2437 Abo im „Deutschen Theater“ abgelehnt — auch die enragiertesten
1731 2398 2097 2460 Wahrheit werden.
345 2415 1719 2493 Abo Mitglieder der Hauptmann=Gemeinde mußten zugeben, daß „ihr“
1824 2429 2457 2494 „Die letzten Masken“.
2440 2432 2999 2517 Krankenhaus=Milien. Im
437 2462 1713 2524 Autor dieemol weitab vom Schwarzen getroffen. Aber, wie Reuter
1722 2474 3010 2554 Hospital liegt sterbend der Journalist Rademacher. Er war ein
445 2499 1724 2559 sagt: Wat den einen sin Uhl, is den andern sin Nachtigal“ — der
1722 2517 3002 2589 starkes, tiefes, feines Talen;, dem zum Vollbringen nur jenes kleine!
348 2543 1719 2604 Inh kurzlebige „Rote Hahn“ kam Arthur Schnitzlers „Leben¬
1718 2564 3004 2629 Etwas fehlte, das man Glück nennt. Glück aber hat sein Freund
353 2575 1717 2635 bli digen Stunden“ zugute „die auf diese Weise schneller, als beab¬
1708 2605 2991 2669 Weihgast, das Prototyp schwachköpfiger Halbheit, in unverdientem
350 2616 1721 2687 wol sicht'gt, das Licht der Lampen erblicken konnten. Und Schnitzler
1708 2636 2994 2718 Maße. Während Rademacher hungrig beiseite stehen mußte, durfte
348 2665 1719 2726 des erwies sich als der Reiter und Befreier, der da kam, um die leere
1719 2683 2996 2745 jener an den reichen Tischen des Lebens schwelgen und in satter
342 2703 1712 2766 ner Theaterkasse zu füllen: seiner Einaktertetralogie lachte die Sonne des
1715 2718 2998 2792 Selbstgefälligkeit sich in der Gunst der Menge spiegeln. Und doch
439 2743 1715 2805 Erfolges, und willig fol#te man den Stimmungen, die er anklingen
1711 2753 2997 2830 hat die ausgleichende Gerechtigkeit gewaltet — Rademachers Leben
425 2783 1711 2845 ließ. Auf gemeinsamer Basis sind diese vier kleinen Stücke entstanden
1705 2791 3006 2879 ist nicht ganz arm gewesen, denn des Freundes Weib, das des
448 2826 1712 2888 — sie schildern alle das Leben in der Kunst, deß Leben der Künstler
1715 2841 3007 2909 Gatten innere Leere erkannte und ihn verachtete, hat den Sonnen¬
433 2864 1713 2929 und versuchen mit innigem Sichversenken in jene Sphäre, psycho¬
1719 2876 2989 2955 schein hineingetragen, ist des armen Teufels Geliebte gewesen. Rade¬
426 2891 1709 2964 logische Prohleme zu lösen, wie sie eben aus dem Gegensatz zwischen
1708 2910 2988 2999 macher liegt im Sterben, und nun, da dieses elende Dasein sich dem
435 2937 1705 3000 künstlerischem Wollen und menschlichem Können, aus dem Zusammen¬
1709 2962 2979 3028 Ende neigt, will er Abrechnung halten, will er dem einstigen Ge¬
440 2983 617 3039 prallen
685 2983 1716 3048 ideellen und materiellch Interessen heraus geboren
1706 2995 2982 3069 nossen einmal, nur ein einziges Mal die ganze nackte Wahrheit
437 3028 1716 3088 werden. Dei erste der vier Einakter: „Lebendige Stunden“,
1710 3033 2989 3112 ins Gesicht schleudern. Wie er ihm alles vorhalten, was er sagen
431 3057 1707 3124 der dem Zyklus den Namen gegeben, war der einzige, der nicht so
1706 3078 2988 3150 wird, das zeigt er in einer bewegten Szene einem Spitalgenossen.
420 3095 1709 3169 sehr ansprach. Denn hier handelte es sich weniger um ein Erlebnis,
1713 3117 2982 3186 Aber dann kommt Weihgast und vor seiner banalen Freundlichkeit
418 3148 1716 3207 das sich vor den Augen des Zuschauers abspielte, als um eine Er¬
1702 3158 2988 3246 und mitleidsvollen Milde hält Rademachers Ingrimm nicht stand;
416 3181 1012 3247 zählung dieses Erlebnisses
994 3185 1701 3245 das Ganze war mehr theoretisch ge¬
1715 3195 2988 3274 aus der Verachtung, die er für des anderen Wesen empfindet, er¬
430 3222 1703 3284 geben und vermochte darum keine tiefere Wirkung auszuüben. Der
1699 3229 2984 3299 wächst ihm ein höherer Gesichtsvunkt der ihn über kleinliche Rache¬
431 3260 1707 3323 Stoff an sich ist dabei packend genug: Die Mutter eines Künstlers,
1708 3273 2987 3342 gelüste, über menschliche Schwäche hinaushebt. Das Wort bleibt
429 3301 1709 3362 die durch langes Siechtum an das Krankenlager gefesselt ist, giebt
1702 3329 2978 3401 ungesprochen, aber auch ungesprochen hat es Rademacher die innere
427 3338 1700 3406 sich selbst den Tod um den geliebten Sohn von dem seelischen Druck
1706 3352 2900 3432 Befreiung gebracht, und friedlich lehnt er sich zurück und stirbt.
418 3383 1703 3444 zu befreien, den die Krankenpflege auf ihn ausübt, um ihn wieder
1814 3399 3005 3464 Die letzten Masken“ sind vielleicht das wertvollste der
424 3414 1700 3484 frei zu machen für seine Kunst. Diese heldenmütige Opferthat mußte
1705 3413 2987 3492 vier Stücke, sie wirken am unmittelbarsten und fanden auch den
416 3445 1701 3521 auf der Bühne gezeigt werden, statt dessen aber erfahren wir sie durch
1700 3480 2976 3548 stärksten Erfolg Und mit einer tollen Satire klang dann der Abend
408 3502 1703 3556 den Mund eines mitwissenden Freundes, der sie dem Sohne erzählt
1700 3515 2976 3590 harmonisch aus, mit dem Schwank „Litteratur“ der mit köst¬
420 3541 1702 3610 und damit wahrscheinlich das Opfer in seinen erlösenden Folgen illu¬
1691 3552 2970 3638 licher Laune die Münchener Schriftsteller=Bohême schildert. Das
414 3569 714 3642 sorisch macht.
1698 3597 2959 3666 übermütige Werkchen gipfelt in einer originellen Enthüllung: ein
561 3621 1703 3689 In eine Gemäldegalerie führt uns „Die Frau mit dem
1703 3637 2966 3690 Schriftsteller und eine Schriftstellerin, die einst ein verschwiegenes
420 3636 1696 3726 Dasche“. Hier trifft sich Pauline, die Frau eines Künstlers mit
1696 3677 2975 3747 illegitimes Glück genossen, habe ihre Erfahrungen von damals in
416 3696 1705 3771 dem Manne, der sie für sich gewinnen möchte; noch schwankt sie in
1688 3711 2977 3796 Romanen verwertet und haben beide in diesen Romanen auch ihren
419 3737 2971 3839 dem anerzogenen Gefühl ehelicher Treue, ob sie ihm gewähren sollej! Brieswechsel von damals wörtlich zum Abdruck gebracht. So droht
