3484 4320
1130 192 1215 266 S
2020 189 2491 292 box 21/5
331 186 1974 291 16.1. Lebendige unden Zuklus
1188 325 1395 402 —.
1252 392 1415 446 —— —
1145 448 2274 563 fen .. .“ Da packt ihn der durch Jahre niedergehaltene!:
1152 521 2213 601 Grimm, der Eckel vor einem Berufe, der ihn zwang, Dinge
2206 562 2269 616 !
1145 559 2274 656 zu vertreten, an die er selbst nicht glaubte. Kümmerlich!!
1135 613 2212 709 und seines ganzen Wesens unwürdig war sein ganzes Le¬
1132 666 2216 755 ben gewesen. Andere stiegen auf, — Glückskinder, Stre¬
1132 729 2206 794 ber, Glaubens= und Ueberzeugungslose. Er wanderte im¬
1144 771 2205 852 mer in den Niederungen des Lebens. Die ganze Verbit¬
1140 807 2211 906 terung der Jahre bäumt sich in ihm auf, morgen ist er
1138 860 2199 942 tot, er weiß es, heute will er sich rächen wegen seines ver¬
1139 903 2215 992 lorenen Lebens. Morgen ist er tot, — es graut keine
1139 951 2206 1046 Stunde mehr, in der er sich dieses Racheaktes zu schämen
1131 1001 2198 1080 brauchte. Dem Schriftsteller Weihgast, seinem Freunde,
1123 1061 2198 1143 will er den Vorwurf eines mühseligen, zertretenen Lebens
1133 1106 2194 1190 ins Gesicht schleudern. Er will ihm sagen, wie nichtig der
1119 1157 2172 1227 Ruhm ist, den sich jener erstrebt und erschlichen hat, —
1131 1210 2206 1298 eine papierene Welt günstiger Rezensionen, durch die er
1121 1247 2208 1338 „gemacht" wurde. Aber noch mehr! Er will ihm sagen,
1127 1305 2210 1401 wie lächerlich er gewesen, er, der gefeierte Schriftsteller,
1114 1328 2200 1428 dessen geliebtes Weib die — Geliebte des armen Journa=)
1123 1390 2198 1484 listen gewesen ist, der nun verlassen sterben soll im Spitale.
1123 1441 2186 1547 Ja, das alles will er ihm sagen, — Lächerlichkeit tötet! ..
1122 1499 2182 1576 Und Weihgast kommt, und Rademacher — schweigt ...
1114 1550 2188 1643 Nichts von alledem, was er ihm sagen und in einer, mit
1106 1580 2177 1674 einem kranken Schauspieler wohleinstudierten, hochdra¬
1106 1637 2175 1722 matischen Szene vorhalten wollte, kommt über seine Lippen.
1111 1687 2176 1779 Er stirbt schweigend und jener schmerzvoll=gellende Vor¬
1109 1736 2185 1826 wurf mit ihm. Er stirbt unerlöst, unglücklich, wie er ge¬
1111 1781 2184 1874 lebt. Ja, wenn er ein Schriftsteller, wie Weihgast, gewe¬
1107 1839 2175 1907 sen wäre und aus seinen großen Schmerzen hätte die klei¬
1095 1886 2179 1960 nen Lieder machen können! ... So wird mit ihm ein
1093 1936 2177 2013 großes, gewaltiges Seelendrama, eine ganze pessimistische
1102 1982 2167 2057 Bibliothek zu Grabe getragen, — einer von jenen Hun¬
1097 2024 2173 2112 derten, in denen im Anfang, wenn sie unter die Journa¬
1098 2081 2160 2161 listen gehen, immer ein gutes Stück von einem Konrad
1091 2137 2172 2211 Bolz steckt, bis das Leben einen Schmok oder einen Rade¬
1093 2170 1557 2238 macher aus ihnen macht.
1176 2223 2158 2297 Den Aktschluß des Abends bildet „Literatur",
1083 2263 2159 2357 eine köstliche Satire auf jenes Durchschnitts=Literatentum,
1090 2311 2170 2419 das in seiner psychischen Leichtlebigkeit, wie schon einmal
1078 2365 2155 2451 gesagt, zu jener bewußten Umwertung greift wie ein an¬
1085 2422 2153 2491 derer zum Glase. „Literatur“ — der Titel ist ein Hohn¬
1084 2472 2160 2562 gelächter über jene „Dichter“, die den Zeisigen gleichen,
1088 2527 2157 2602 weil sie auch nur zur Zeit der Brunst singen, aber auch ein
1088 2561 2159 2643 Hohngelächter über jene geistig Blindgeborenen oder Er¬
1075 2594 2156 2689 blindeten, für die das Literatentum ein nicht „standesge¬
1081 2670 2155 2739 mäßes“ Gewerbe ist. Beide Kategorien sind in drei köst¬
1069 2709 2149 2778 lichen Typen auf die Bühne gestellt. Margarete und Gil¬
1068 2754 2144 2843 bert, die beide aus ihrem gemeinsamen Liebesverhältnisse
1075 2804 2154 2898 den unvermeidlichen Roman herausschreiben, in dem sie ihre
1072 2843 2119 2934 gegenseitigen Liebesbriefe der Oeffentlichkeit übergeben, —
1070 2907 2153 2990 wie Wäsche, die auf dem Gartenzaun zum Trocknen aufge¬
1061 2947 2144 3017 hängt wird. Und dann dieser — offenbar durch jahrhun¬
1059 3001 2114 3070 dertelang betriebene Inzucht seines Stammbaumes —
1054 3040 2148 3146 degenerierte Baron! Das sind menschliche Wahrheiten, die
1066 3085 2140 3184 unmittelbar aus dem modernen Leben herausgehoben sind.
1063 3140 2130 3208 Eine Skizzierung des Inhaltes hieße, aus dem lebens¬
1059 3186 2141 3278 vollen Gebilde, an dem jeder Zoll Geist, tiefe Beobachtung,
1051 3233 2138 3327 künstlerische Gestaltungskraft ist, das tote Gerippe heraus¬
1056 3280 1224 3354 schälen.
1145 3329 2135 3420 Die Darstellung und insbesondere auch die gedanken¬
1058 3387 2127 3466 volle Regie des Herrn Julius Haller hat die vier bedeu¬
1048 3430 2120 3512 tenden Akte sehr würdig herausgebracht. Frau Rosa Mül¬
1039 3475 2125 3548 ler=Raul ließ mit der Titelrolle in der „Frau mit dem
1046 3531 2121 3616 Dolche“ und als Margarete in „Literatur“ zwei schöne
1037 3589 2124 3653 Enthüllungen ihres großen, künstlerischen Könnens sehen.
1042 3625 2124 3722 Herr Julius Haller war als Hausdorfer in dem ersten
1049 3679 2111 3754 Akte von imponierender Gestaltungskraft und schwang sich
1036 3730 2109 3797 als Rademacher in den „Letzten Masken“ zur vollen Höhe
1041 3765 2114 3843 seiner genialen Charakterisierung empor. Den Schauspieler
1046 3828 2118 3903 Jackwerth gab Herr Adolf Suchanek in einer wirklich
1041 3881 2105 3951 so geistvollen Charakterstudie, daß es fast unbegreiflich ist,
1038 3926 2110 4013 wieso ihm im letzten Akte die Figur des Gilbert, wenn auch
1042 3960 2102 4049 keineswegs in der Maske, so doch in ihrer inneren Anlage
1039 4011 2111 4107 stark mißlingen konnte. Dieser Gilbert ist nicht, wie ihn
1026 4058 2108 4148 Herr Suchanek auffaßte, ein Kerl voller Selbstironie, der in
1031 4108 1306 4167 einem fort jb
1464 4116 1559 4167 BnT
2650 127 2734 193 E
