3392 4384
463 260 545 332 M
1100 258 1593 361 box 35/7
123 261 973 375 3. Dachderseelen
1669 1197 3305 1269 Jedes Einschlages von irgend etwas, was geheimnis= bergen können, das ihn
446 1106 1521 1318 777, Literaturbiatt. 77.
2756 1240 3312 1307 geworden war. Und da h
1593 1239 2759 1310 voll erscheinen könnte, aber entbehrt „Das neue Lied“.
2750 1286 3309 1361 hatte sie leise entfernt, und
1604 1298 2752 1352 Freilich ist das unter den fünf Geschichten der „Dämmer¬
2747 1333 3310 1405 und auf den Schrot gestieg
1590 1350 2749 1411 seelen“ die, die ich am liebsten habe. Aber nicht darum,
460 1350 1566 1425 Ein neues Buch von Arthur Schnitzler.
1591 1385 2753 1446 weil sie nichts enthält, was geheimnisvoll anmutet; denn
2747 1389 3314 1462 lief, und war hinabgesprun
403 1407 1591 1510 Berlin 1907. S. Fischer. Das Buch enthält auch zwei in der
1594 1423 2760 1492 warum sollte das Geheimnisvolle nicht genau so Gegen¬
2829 1444 3314 1515 Mit einigen zarten St
629 1475 1392 1555 „Neuen Freien Presse“ erschienene Novellen.
1597 1481 2766 1547 stand der Kunst sein können, wie das, was völlig klar
2747 1481 3289 1552 nur in den Gedanken
1594 1530 2759 1598 vor uns liegt? Nein, sie ist mir darum die liebste, weil
2752 1531 3319 1616 andern, diese Ereignisse und
399 1525 1248 1634 0) a. Von Max Burckhard.
1602 1585 2757 1645 ich sie eben für die schönste halte. Und sie führt uns zu¬
2761 1583 3321 1648 in des Mädchens Seele
506 1612 1598 1687 „Dämmerseelen“, so lautet der Titel einer Sammlung
1591 1635 2754 1692 gleich eine Gestalt vor, an der wir, wie sie vor uns aus
2757 1624 3314 1702 haben müssen, bis sich en
416 1659 1597 1741 von Novellen Arthur Schnitzlers, die eben erschienen ist.
1596 1678 2755 1737 den Wechselreden und Gedanken dreier Menschen empor¬
2753 1684 3313 1737 von Glück, mit dem ihr sti
427 1724 1596 1780 Solche „Namen“ für ein Buch, das vereinigt, was einer
1604 1728 2762 1789 wächst, so recht des Dichters eigenes Wachstum messen
2754 1725 3318 1806 hätte, als trügerisch erwies.
423 1763 1596 1842 aus verschiedenen Stimmungen heraus im Laufe von
1591 1772 2760 1840 können. Das ist die Volkssängerin Maria Ladenbauer,
2752 1769 3269 1852 eines Charakters und
1589 1819 2163 1902 genannt die „weiße Amsel“.
417 1817 1587 1882 Jahren neben größern Werken noch geschrieben hat, be¬
2744 1818 3275 1898 aus spätet. Reden und
425 1866 1602 1928 reiten manchmal schwere Sorgen. Nicht dem Dichter, der
2758 1877 3318 1951 zeigt sich uns Schnitzlers
1672 1877 2763 1945 Mit dem „süßen Mädel“ hat ja Schnitzler an¬
413 1911 1601 1975 leicht ein leichtes Band findet, das er um den Strauß
2747 1909 3325 1988 endung. Und wie verste
1597 1926 2762 1993 gefangen. Und für manche, die nicht sehen wollen und
426 1964 1592 2023 von Blüten schlingt, die er nun zusammenrafst. Auch
1590 1955 3312 2047 jedem Dichter gerne eine bestimmte Aufgabe andichten, Strichen Figuren zu zeichn
416 2004 1600 2085 nicht dem Leser, der sich einfach an dem Schönen freut,
1596 2016 3105 2098 mit der sie ihn ein für allemal abgetan haben möchten, vor uns stehen.
420 2048 1594 2116 das ihm geboten wird. Wohl aber dem klugen Rechen¬
2843 2034 3306 2130 Da ist zum Beispiel
1594 2074 2771 2138 sitzt er noch immer kosend bei dem „süßen Mädel“. Und
427 2114 1589 2164 meister, der die Titel zählt und nun auch zu dem Titel,
2745 2104 3302 2184 Breiteneder. Der sagt nur
1590 2118 2763 2178 die Marie hat ja auch als „süßes Mädel“ angefangen
418 2149 1598 2213 der über dem Ganzen schwebt, eine eigene Geschichte haben
2756 2155 3320 2222 mit der Marie nie ganz re
1595 2165 2764 2229 und war es noch, wie sie sich mit dem Karl Breiteneder
430 2203 1592 2264 möchte, eine Geschichte, die, weil sie nicht am Anfang und
2763 2200 3319 2273 einmal jung gewesen, aber
1587 2213 2774 2284 eingelassen hat und dann die zwei an schönen Sommertagen
429 2247 1598 2319 nicht am Schlusse steht, wenigstens als gemeinsamer Saft
2771 2242 3313 2320 Mädeln hab' ich doch nie
1605 2260 2767 2321 lachend Hand in Hand durch Wald und Wiesen gezogen
425 2294 1595 2358 aus den einzelnen Erzählungen herausrinnen soll. Ja,
2771 2294 3281 2374 immer zu viel auf mich
1594 2307 2771 2366 sind. Und der erste war er ja auch nicht gewesen, der
429 2339 1605 2410 solch einem klugen Rechenmeister kann es geschehen, daß
2770 2324 3316 2425 mehr zu reden, als ose
1595 2357 2768 2420 Karl, denn da war schon einer gewesen, der früher ihr
422 2391 1598 2471 er über dem Suchen nach der einen Geschichte, die ihm
3220 2395 3333 2455 dic
2761 2386 3168 2462 Buch über ihn sa
1612 2403 2767 2466 Liebhaber gewesen war, und zu dem sie dann zu Karls
421 2439 1202 2520 fehlt, die andern verliert, die er hat.
2762 2441 3330 2517 aufgedunsenen Sp## mor
1606 2454 2765 2511 Zeiten immer „Sie" und „Herr“ gesagt hatte. Aber was
2761 2487 3321 2561 uns gebracht werden. Und
514 2488 1605 2555 So erklärt es sich vielleicht, daß man hören und
1593 2499 2763 2568 ist aus diesem „süßen Mädel“ geworden, als das Leid
417 2527 1608 2609 lesen konnte, Schnitzler sei mit seinem neuen Buche unter
1591 2541 2764 2602 über sie kam! Als schwere Krankheit sie hinwarf — und
1595 2593 2768 2648 als sie dann erblindete. Und sich nun in den Tagen der
424 2593 1597 2655 die „Mystiker“ gegangen. Ich meine, wer die Linie vor
2759 2569 3322 2666 daß er sich immer kor#
1591 2637 2760 2702 Trübsal der von ihr fern hielt, der mit ihr so viele
434 2636 1603 2714 Augen behält, in der Schnitzlers Entwicklung sich bisher,
2761 2631 3317 2714 eine Zigarre gibt, und de
1597 2687 2674 2748 Stunden des Glücks und der Freude verbracht hatte.
435 2690 1602 2746 frei aussteigend, bewegt hat, kann auf solch einen Ge¬
2758 2686 3318 2771 stets mit halb geschlossenen
2765 2718 3289 2811 anderweitig versagt bin.“
424 2731 1608 2782 danken überhaupt schwer kommen. Bringen einen aber der
1669 2741 2778 2824 Nicht aus Schlechtigkeit war er ausgeblieben. Ach
2839 2777 3310 2859 Und dann natürlich
424 2782 2778 2873 geheimnißvoll klingende Gesamtiitel und der Inhalt der nein. So sind wir Menschen ja gar nicht. Wir haben
2771 2823 3324 2895 helfen, das Garn seiner
426 2839 2765 2900 einen oder der andern Erzählung darauf, so müßte er meist nur so ein weiches Herz, daß wir die fliehen
423 2879 1614 2948 doch hieran gleich wieder durch die Form irre werden, die
2771 2876 3316 2958 Coupletdichter Rebay, der
1592 2870 2761 2953 müssen, die ein schmerzliches Schicksal getroffen hat. Und
431 2927 1604 2988 der Dichter seinem Stoff gegeben hat. Das einemal spricht
1602 2939 2764 3004 dann war der Tag gekommen, wo sie wieder in dem
2769 2935 3297 3002 geworden ist, gar nichts
1603 2985 2765 3046 kleinen Wirtshausgarten das Podium hatte besteigen und
430 2970 1599 3038 er mit so düsterm Ernst, daß dieser Ernst allein fast
2755 2980 3322 3051 Stimme nur noch schöner
425 3026 1613 3091 grotesk wirkt, umsomehr, da der Erzähler nicht einen
1610 3023 2766 3087 ihre Lieder hatte singen können. Und eines, das von
2758 3030 3332 3099 gekannt hat, die blind gen
428 3071 1608 3135 Augenblick mit einer Wimper zuct und auch dort, wo er
1596 3084 2762 3145 ihrer Erblindung handelte, das war eigens für sie
2755 3069 3337 3151 hat, und der sich jetzt im
431 3118 1604 3189 in tragische Begebenheiten skurrile Züge mischt, nicht durch
1604 3132 2760 3192 „gedichtet" worden. Zuerst hatte sie wie einstens gesungen:
2754 3124 3297 3199 das Ganze nichts kann —
433 3164 1606 3219 die leifeste Bewegung die schaurige Starrheit seiner
1594 3156 2767 3248 „Heut' geh' ich mit mein' Schatz aufs Land“ und dann
2858 3174 3329 3245 gar nicht entschuldig
424 3215 1607 3272 Mienen löst oder mildert. So in der „Weissagung“. Das
1607 3216 2777 3298 war das „neue Lied“ gekommen, worin sie klagt, daß
2762 3213 3319 3292 während sie krank war,
434 3248 1617 3316 anderemal aber sitzt dem Dichter ganz offenbar der Schalk
1605 3268 2760 3328 Glück und Liebe ihr jetzt so fern sind. Und ihren Schatz,
2762 3267 3323 3340 hat, ihr bei ihrem Wied¬
435 3315 1604 3372 im Nacken, und je ernstere Miene jener macht, desto heller
1604 3312 2759 3378 den Karl, hatte ein Zufall auch unter die Zuhörer
2767 3303 3323 3398 gesagt hat: „Der Herr Br
434 3367 1611 3429 lacht diesem das Gesicht — und uns mit ihm. Mögen
1591 3356 2767 3431 gebracht, und danach, da waren sie alle beisammen¬
2764 3371 3320 3449 Latern' ist er gestanden
424 3403 1608 3472 wir nun den Schalk schon vom ersten Augenblicke an ge¬
1607 3408 2755 3492 gesessen, wie einst, und wenn sie jetzt auch zu ihm „Sie“
2755 3415 2977 3495 halten.“
435 3456 1605 3527 wahren, wie in „Andreas Thameyers letztem Brief“ oder
1610 3453 2690 3519 und „Herr“ gesagt hatte, so hatte sie doch, wie sie
2842 3441 3313 3533 Was die Werke Schn
426 3504 1606 3572 ihn erst zum Schlusse hinter dem Dichter emporsteigen
1610 3488 3314 3572 neben ihm saß, einmal leicht seine Hand berührt und am meisten vielleicht sein.
436 3536 3320 3627 sehen, wie in der „Fremden“ und dem „Schicksal des gestreichelt, und er, er hätte ihr so gern etwas Liebes und Kunst, mit der er ein ganz
426 3587 993 3680 Freiherrn v. Leisenbohg“.
1599 3609 3324 3682 Tröstendes gesagt, aber er hatte das Grauen nicht ver¬ Stimmung aufzubguen u
