3392 4224
147 241 1595 361 3. Daemnerseelen box 35/7
1789 836 2192 1000 fe 1½
950 937 1795 1004 Lissauer: Schnitzlers Dämmerseelen.
594 1065 2181 1143 wahr zu stilisieren? Aber Dehmel besitzt so wenig wie etwa Platen
608 1122 2183 1174 die größte Gabe des Lyrikers: das Talent zu erleben. Ein paar,
603 1175 2184 1236 immer wieder ausgebeutete chaotische Stimmungen müssen ihm allen
609 1234 2186 1295 Stoff liefern; er muß sie systematisch, mechanisch, vollständig kombinieren
612 1283 2170 1346 und erschöpfen und glaubt dann, eine Evangelienharmonie der mo¬
600 1328 2181 1402 dernen Seele geschaffen zu haben. Zwischen Autobiographie und
608 1388 2181 1447 Mythologie schwankt er her, ohne sie mit Spittelers Größe verbinden
605 1442 2184 1516 zu können; und gerade die unschöne Deutlichkeit der Bestandteile in
607 1498 2082 1555 seiner Dichtung macht ihn zum Abgott verwandter Mosaikseelen.
757 1545 2185 1601 Aber wir ehren in ihm den Mann, der nie an der unmöglichen
611 1615 2180 1667 Aufgabe ermattet, sich zu dichterischer Einheit und Größe zu er¬
599 1662 2176 1718 ziehen und den das stetige Feuer idealistischer Arbeit weit über all
599 1713 2176 1776 die kleinen Gleichfertigen erhebt, denen kein innerer Konflikt und
605 1767 2184 1833 kein großes Streben die bequeme Harmonie geschmackvoller Nichtig¬
594 1818 894 1881 keiten stört.
1647 1859 2134 1943 Richard M. Meyer.
698 1866 951 1940 Berlin.
1169 1951 1597 2030 Dämmerseelen.
1002 2008 1777 2078 Novellen von Arthur Schnitzler.
1726 2057 1781 2111 —
1069 2067 1699 2122 S. Fischer, Verlag, Ber
1399 2106 2179 2177 Die Menschen sind ohne Willen in die
645 2113 1384 2181 Die romantische Kunst liebt nicht
1397 2171 2179 2219 Hand von Göttern gegeben, die nur von
579 2169 1385 2227 jdas pralle, klare Licht des Mittags,
1395 2214 2173 2273 außen stoßen, von „Puppenspielern“
590 2212 1382 2270 micht das harte, strenge Dunkel der
1408 2243 2183 2302 die irgendwo im Raume hausen und
596 2250 1385 2305 Nacht. Sie liebt die Stunden der
1398 2301 2180 2352 aus dem Unsichtbaren an unsichtbaren
602 2300 1381 2358 Auflösung. des Ueberganges, der Gren¬
1408 2340 2173 2388 Fäden ihre Wege und Bewegungen len¬
592 2341 1385 2395 ze; die Dinge streben ihre Konturen
1400 2383 2169 2437 ken. Die Menschen dieses Buches spü¬
593 2383 1389 2436 zu verlassen, alles fließt, alles zittert
1408 2426 2174 2479 ren die Drähte, an denen sie wandeln;
599 2435 1382 2487 in unsicherem, verdämmertem Schein.
1398 2469 2177 2526 die bohren sich in ihre Seele ein, wie
599 2473 1385 2530 Die romantische Kunst sucht wie die
1392 2511 2175 2572 die Kandare in das Maul des Pfer¬
597 2511 1374 2571 Zwischen= und Zwielichtzeiten in der
1400 2553 2171 2603 des. „Die Fremde“ heißt eine Erzäh¬
597 2557 1380 2631 Natur. die Zwischen= und Zwielicht¬
1393 2593 2176 2654 lung: sie sind Fremde, nicht beimisch
604 2602 1389 2654 reiche der Seele. Sie sucht nicht das
1404 2643 2179 2698 im Irdischen, nicht heimisch im Außer¬
594 2654 1378 2707 ewige Gesetz, sondern die ewige Vari¬
1393 2687 2168 2740 irdischen, Wesen aus einem Grenzland,
602 2682 1387 2748 ante. „La nuance, c’est tont.“ Sie
1403 2732 2177 2771 wohin vom Tag des Diesseits und von
599 2737 1376 2784 sucht die Stufungen, die Sonderungen,
1393 2770 2173 2821 der Nacht des Jenseits Licht und Dun¬
604 2785 1369 2828 das Seltsame; nicht das Uebergewöhn¬
1389 2817 2177 2867 kel geworfen wird und zu Dämmer¬
586 2820 1371 2883 liche, sondern das Außergewöhnliche.
1403 2856 2178 2908 schein verfließt. Katharina wandelt da¬
659 2863 1383 2920 Die gesamte deutsche und österrei¬
1405 2903 2182 2948 hin. ganz Traum, ganz Trieb. fernes
591 2903 1386 2966 chische Literatur der letzten Jahrzehnte
1393 2941 2172 3001 Geschehen im Traume schauend, ent¬
601 2951 1381 3002 ist mit solcher romantischen Kunst an¬
1393 2994 2179 3040 fremdet, befremdend. Eine „Weissa¬
600 2994 1371 3040 gefüllt gewesen, und während bereits
1389 3029 2173 3084 gung“ aeht in Erfüllung. Grausiges
597 3033 1371 3090 das Kommen einer anderen Kunst zu
1390 3076 2169 3129 geschieht. Unwirkliches. Unwahrschein¬
597 3071 1373 3133 heobachten ist — einer Kunst der Bild¬
1398 3110 2169 3170 liches. Aber der Erzähler sieht scharf
598 3122 1373 3167 hauer und Baumeister nach dieser Kunst
1406 3167 2175 3213 und bildet in Ruhe, und so vermag
594 3170 1383 3214 der impressionistischen Maler und Skiz¬
1401 3200 2172 3250 er uns, für's erste wenigstens, zu über¬
597 3205 1376 3261 zierer und der Photographen — ge¬
1401 3242 2172 3291 reden durch die Bestimmtheit seiner
606 3243 1372 3297 langt jene moderne Romantik jetzt zu
1389 3283 2170 3337 Aussage. Doch, andrerseits, diese Ruhe
589 3288 1370 3337 ihren prägnantesten und, innerhalb ih¬
1402 3335 2172 3374 und Klarheit war von vornherein da;
602 3330 1373 3392 rer Grenzen, vollkommensten Aeuße¬
1398 3366 2169 3419 sie beruht nicht auf Selbstzucht des
589 3374 794 3428 rungen.
1391 3411 2170 3457 Künstlers, sondern auf Teilnahmslo¬
667 3403 1371 3462 Das Grundmotiv der Schnitzler'schen
1388 3447 2182 3508 sigkeit des Menschen. Diese Gescheh¬
600 3442 1394 3519 Dichtung klingt auch in diesen Novellen.
