3392 4320
676 370 780 419 se
1146 345 1609 432 box 35/7
155 362 999 452 3. Daemne T.
1120 740 1504 822 Telephon 12801.
360 782 423 850 8
336 847 432 913 *
1090 853 1206 946 90
330 903 427 953 —
420 860 1482 1007 MinamEerEEESNNF
354 952 1498 1061 O L. österr. bebördl. konz. Unternehmen für Zeitungs-Ausschnitte
496 1013 1377 1137 Wien, I., Concordiaplatz 4.
319 1062 418 1114 5
728 1103 1153 1177 Vertretungen
354 1123 403 1173 0
398 1130 1488 1240 In Berlin, Budapest, Chicago, Christiania, Genf, Kopen¬
317 1176 1480 1281 hagen, London, Madrid, Mailand, Minneapolis, New-Vork,
420 1221 1443 1319 Paris, Rom, San Francisco, Stockholm, St. Petersburg.
327 1210 411 1292 9
719 1276 1142 1345 (rellenangabe ohne Gewähr.)
320 1287 826 1395 6 Ausschnitt aus:
316 1357 396 1407 130
547 1343 1335 1449 haldaer oc Sablatt
292 1402 546 1463 E vom:
691 1426 1057 1523 HGDA
595 1625 1080 1717 Literarisches.
376 1702 1384 1794 „Dämmerseelen“. Novellen von Artur Schnitzler.
279 1746 1397 1848 (Verlag boy( S. Fischer in Berlin W. 1907.)# in
288 1804 1389 1879 Traume yberden wir #in diesen neuen Erzählungen
278 1853 1390 1931 Schnitzlers lan Mögliches und Unmögliches herangeführt,
287 1889 1405 1971 nicht ohne der Erkenntnis, einer Laune des Schriftstellers
288 1944 1396 2016 im Absonderlichen sich zu ergehen, willig gefolgt zu sein.
284 1976 1398 2056 Schnitzler hat in diesem Buche seine Eigenart bekundet,
291 2016 1400 2093 Apartes zu prägen, indem er den ahnungslosen Leser
288 2071 1396 2138 plötzlich vor den dämonischen Ausgang von Menschen¬
294 2115 1405 2193 schicksalen stellt, was wohl der Phantasie nahe liegen
1276 2153 1406 2210 In¬
295 2155 1268 2234 mag — der bedingten Möglichkeit ober entbehrt.
292 2196 1394 2279 teressant und lesenswert sind diese Novellen, wenn¬
304 2236 1406 2329 gleich sich ihnen nur ein besonderer Leserkreis erschließen
1047 2285 1372 2343 O. a. M. M.
290 2315 436 2379 wird.
364 2361 1503 2442 ##l. österr. behördl. Könz- Unternehmen für Zeitungs-Ausschulte
365 2429 434 2475 70
525 2438 1389 2512 Wien, I., Concordiaplatz 4.
339 2509 442 2560 2
740 2515 1189 2575 Vertretungen
354 2553 1486 2619 0 in Berlin, Budapest, Chicago, Christiania, Genf, Kopen¬
349 2608 1501 2669 hagen, London, Madrid, Mailand, Minneapolis, New-Vork,
459 2653 1473 2699 Paris, Rom, San Francisco, Stockholm, St. Petersburg.
363 2662 437 2701 0
765 2685 1164 2741 (Quellenangabe ohne Gewähr.)
354 2734 831 2810 * Ausschnitt aus:
345 2781 384 2835 *
361 2809 441 2855 335
863 2800 1506 2882 Hamburger Nachrichte
572 2809 863 2882 3 5. 1901
354 2846 574 2905 E vom:
1037 2881 1369 2965 Hamburg
1316 2974 1420 3015 —1—
380 2986 728 3059 dämmerjeelen.
506 3054 1473 3130 Von Arthur Schnitzler. S. Fischer Verlag,
453 3091 637 3141 Berlin.
445 3127 1467 3187 Der bekannte Wiener Antor bezeichnet mit diesem Titel
384 3178 1462 3237 jene dunklen Wesen, die unter der suggestiven Macht eines
379 3217 1461 3271 eige in oder fremden Willens, halb bewußt, halb traumhaft
371 3261 1461 3310 die Wege gehen, die ihnen ein Schicksal gezeichnet; „ihr
373 3276 1460 3346 Wesen dämmert hin, wie nach unbekannten oder ungewissen
376 3326 1466 3377 Zielen". Sie wandeln in einem Zustande, da ihnen Traum
382 3363 1460 3417 und Wirklichkeit ineinander fließen; erscheint ihnen dann,
376 3398 1454 3460 wie dem Freiherrn von Leisenboah oder der Marie Laden¬
375 3435 1483 3493 bauer, blitzartig die entsetzlich helle Wirklichkeit, oder zeigt
1437 3489 1513 3580 rue
358 3537 1443 3580 die dunkle Macht trotz aller menschlichen Klugheit immer
360 3567 1452 3608 wieder ihr triumphierendes Siegergesicht, wie dem Leutnant
365 3612 1457 3654 in der Weissagung, so muß die Erkenntnis der menschlichen
366 3640 1461 3681 Ohnmacht den Unglücklichen den Tod bringen. — Schnitzler
374 3680 1448 3721 hat seine Novellen mit dramatisch=erlaubter Spannung auf¬
376 3721 1448 3759 gebaut, seine Technik ist raffiniert, jedoch nicht übertrieben.
366 3757 1444 3804 sein Stil trocken, mitunter chronitartig, seine Sprachmittel
362 3790 1457 3843 sind verblaffend einfach, und doch waißemit ihnen die¬
363 3825 1456 3864 Geschicke der Persönlichkeiten durchweg glaubhaft zu gestalten.
375 3852 1460 3900 Einzig die Novelle Andreas Thamcyers letzter
365 3890 1442 3943 Brief tehmtmit nicht, die Idee ist keinlich, ja beinabe
367 3925 1439 3971 baual, der Tod des Andreas durchans unverständlich. Oder
360 3975 1437 4024 aber — und diese Annahme wäre nicht ganz von der Hand
372 4005 1441 4057 zu weisen — glaubt Schnitzler selbst nicht an die Ideen, die
364 4046 1446 4080 er uns in seinen ersten Erzählungen fast gesetzmäßig dar¬
370 4081 1442 4131 zustellen gewußt hat, und er verrat seine Zweifel und die
371 4120 1435 4177 planmäßige Konstruttin durch die letzte Erzählung, in der¬
374 4148 765 4195 seine Teckmik versagt.
1277 4152 1393 4212 W. L.
372 4191 546 4229 Inonn
1775 998 2811 1182 Sritsbwenig- Postad vine verein
2168 1101 2905 1261 Sunn
1754 1227 2916 1332 O l. österr. behördl. konz. Unternehmen für Zeitungs-Ausschnitte
1949 1291 2814 1398 Wien, I., Concordiapiatz 4.
2154 1367 2595 1450 Vertretungen
1810 1395 1847 1451 2
1843 1402 2914 1503 in Berlin, Budapest, Chicago, Christiania, Genf, Kopen¬
1757 1456 2920 1560 hagen, London, Madrid, Mailand, Minneapolis, New-Vork,
1880 1499 2888 1579 Paris, Rom, San Francisco, Stockholm, St. Petersburg.
2182 1551 2579 1615 (Quellenangabe ohne Gewähr.)
1766 1635 1816 1679 —
1780 1606 2264 1702 „ Ausschnitt aus:
1782 1695 1859 1745 355
2243 1639 2927 1763 azider Neusete Machrichten
2001 1701 2248 1818 I8MAI 1ST
1767 1734 2000 1799 E vom:
2145 1879 2627 1961 Dämmerhaftes.
1819 1950 2950 2011 Man muß auch bei der modernen Dichtung zwischen Forme
1744 1991 2960 2038 Inhalt fein säuberlich unterscheiden. Nicht gerade im Sinne
1747 2030 3031 2094 Wort= und Literaturkünstler, die sich auf eine L’art pour Lart=Poesie
1758 2070 3028 2124 um jeden Preis zelotisch versteifen. Aber doch so, daß die ästbetischen
1747 2114 3022 2158 Werte, selbst wenn sie sich um einen fatalen Stoff ranken, gebübrend
1755 2152 3019 2190 berücksichtigt werden. Diese kleine Vorrede mag zur Betrachtung
1748 2179 3025 2244 zweier Novellenbücher überleiten, die vom künstlerischen Standpunkte
1752 2228 3024 2285 aus geschrieben sind und die natürlich auch entsprechend aufgefaßt
1754 2265 2069 2321 werden möchten.
1829 2300 3024 2353 Arthur Schnitzle#der bekannte österreichische Tbeaterdich¬
1749 2348 3029 2394 ter, hat fünf###ausgebracht, die er unter dem sehr geschickt
1758 2389 3022 2439 gewählten Titel „Dämmerseelen“ in eins zusammenfaßt. (Ver¬
1761 2425 3031 2464 lin, S. Fischer, Verlag, Preis gebd. 3 Mark.) Ein unbestimmtes, un¬
1756 2465 3023 2505 heimliches Zwielicht lagert über diesen wunderlichen Geschichten.
1748 2502 2925 2559 Manchmal fast Gespenster=Stimmung. Aber in raffinierter
1758 2547 3022 2596 Merkwürdig, solche Kunst beinahe gruseligen Helldunkels findet sich
1751 2575 2948 2632 sonst mehr bei Poeten nicht deutschen Geblüts. Maupassant
1755 2606 3081 2675 Maeterlinck kommen einem in den Sinn. Vor allem der Amerikaner k
1749 2662 2945 2713 Edgar Allan Poe. Man denke an sein „Raben“=Gedicht mit denSchl
1753 2708 3023 2749 versen: „Und der Rabe, schwarz und dunkel, sitzt mit krächzendem Ge¬
1748 2737 3015 2785 munkel noch auf meiner Pallasbüste ob der Tür bedeutungsschwer; seine
1753 2778 3023 2829 Dämonaugen glühen unheilvoll mit wildem Sprüben" Das
1757 2812 3029 2858 könnte Schnitzlers „Dämmerseelen“ als Motto dienen. Dämon Weib
1807 2854 3033 2915 wie krallendes, unerbittliches Schicksal senkt sich's auf den Mann.
1746 2891 3018 2941 Freilich, was sind das für Männer? Weichpappige Dekadents mit
1749 2929 3021 2975 einem Stich ins Pathologische, ins wirklich Krankhafte. Sie haben
1756 2967 3023 3024 den Schaden und den Spott dazu. Schnitzler versteht sich ja aufs
1757 3007 3025 3063 Ironisieren. Ein spaßhaftes Durcheinanderwirbeln von kleinen,
1752 3055 3027 3110 scharfgeschliffenen Dolchspitzen. Aber so eigentlicher Humor ist das
1765 3083 3024 3146 nicht. Da müßte mehr Innerlichkeit, mehr Herz vorbanden sein.
1751 3136 3026 3182 Kurz, die „Dämmerseelen“ sind eine Gabe für literarische Fein¬
1761 3159 3021 3222 schmecker. Sie kitzeln den Gaumen, aber sie sind nicht sonderlich etwas
1758 3208 2088 3262 Nahrhaftes.
1831 3232 3030 3315 Ein ganz anderes Bild, und doch ein wirkungsvolles Seitenstück
1753 3279 3025 3348 zu dem eben genannten Buche: „Psuche Tyrannos“ von Will¬
1763 3325 3022 3392 heim Ruemann. (Modernes Verlagshaus Curt Wigand Berlin¬
1763 3364 3020 3408 Leipzig.) Blinde, tobende, jauchzende und verunglückende Leidenschaft
1759 3412 3019 3473 wird in bunten, glühenden Farben gemalt. Es sind sensirwe Novel¬
1755 3445 3020 3486 len, bei denen auch der landschaftliche Hintergrund eigens und vom¬
1757 3486 3013 3550 vös stilisiert ist. Der Dichter berauscht sich ordentlich an glänzenden
1765 3522 3021 3579 seelenzerfasernden Stimmungen. Und wie drohende, komplizierte
1767 3563 3016 3625 Schwüle vorm Gewitter mutet es den Leser an. In dithyrambischer
1760 3596 3019 3640 Sprache sind erotisch=philosophische Betrachtungen eingeflochten. Das¬
1750 3639 3022 3702 äußerliche Geschehen ist das Exempel darauf. Seltsam: soviel Glut
1758 3680 3027 3739 und rasendes Blut, — und trotzdem eine marmorkühle Tragik. War
1745 3720 3017 3769 vielleicht des Verfassers Absicht. Wollte am Ende die Untertöne einer
1750 3748 3024 3822 gleichmütigen Skepsis mitklingen lassen. So z. V. in der „Begegnung
1760 3796 3012 3847 am Meer“, wo ein liebegirrender Jüngling das dümmste Zeug an¬
1753 3826 3020 3896 stellt. Alles in allem, es ist keine richtige Lebenssonne, und es ist
1734 3873 2737 3939 keine urtiefe Nacht; es sind Dämmer=Novellen. ##.
2741 3892 3040 3995 Dr. —r.
2863 4237 2930 4272 mchntlage
