<?xml version="1.0" encoding="UTF-8" standalone="yes"?>
<PcGts xmlns="http://schema.primaresearch.org/PAGE/gts/pagecontent/2013-07-15" xmlns:xsi="http://www.w3.org/2001/XMLSchema-instance" xsi:schemaLocation="http://schema.primaresearch.org/PAGE/gts/pagecontent/2013-07-15 http://schema.primaresearch.org/PAGE/gts/pagecontent/2013-07-15/pagecontent.xsd">
    <Metadata>
        <Creator>prov=University of Rostock/Institute of Mathematics/CITlab/Gundram Leifert/gundram.leifert@uni-rostock.de:name=ONB_Newseye_GT_M1+(htr_id=10810)::::v=2.4.2
prov=University of Rostock/Institute of Mathematics/CITlab/Tobias Gruening/tobias.gruening@uni-rostock.de:name=de.uros.citlab.module.baseline2polygon.B2PSeamMultiOriented:v=2.4.2
prov=University of Rostock/Institute of Mathematics/CITlab/Tobias Gruening/tobias.gruening@uni-rostock.de:name=/mnt/transkribus/LA/DEA/URO/LA_news_onb_att.pb:de.uros.citlab.segmentation.CITlab_LA_ML:v=2.4.2
Transkribus</Creator>
        <Created>2019-10-07T13:52:25.647+02:00</Created>
        <LastChange>2019-10-08T23:28:42.538+02:00</LastChange>
        <TranskribusMetadata docId="224103" pageId="9510733" pageNr="12" tsid="16615796" status="IN_PROGRESS" userId="40391" imgUrl="https://files.transkribus.eu/Get?id=QMFMKUDJCWZWFTUCKMTVMGKV&amp;fileType=view" xmlUrl="https://files.transkribus.eu/Get?id=LLRMVYYUBOYMBELJIUHZUPSR" imageId="6199257"/>
    </Metadata>
    <Page imageFilename="224103_0012.jpeg" imageWidth="3392" imageHeight="4384">
        <ReadingOrder>
            <OrderedGroup id="ro_1711444099914" caption="Regions reading order">
                <RegionRefIndexed index="0" regionRef="r1"/>
                <RegionRefIndexed index="1" regionRef="r2"/>
                <RegionRefIndexed index="2" regionRef="r3"/>
            </OrderedGroup>
        </ReadingOrder>
        <TextRegion orientation="0.0" id="r1" custom="readingOrder {index:0;}">
            <Coords points="144,226 144,395 968,395 968,226"/>
            <TextLine id="r1l1" custom="readingOrder {index:0;}">
                <Coords points="138,335 940,363 974,343 975,291 849,293 818,268 747,295 522,272 432,291 315,266 237,317 138,273"/>
                <Baseline points="144,326 185,331 226,334 267,337 308,339 350,341 391,342 432,343 473,343 514,344 556,343 597,343 638,343 679,342 720,342 762,342 803,342 844,342 885,342 926,344 968,345"/>
                <TextEquiv>
                    <Unicode>3. Daennerseelen</Unicode>
                </TextEquiv>
            </TextLine>
            <TextEquiv>
                <Unicode>3. Daennerseelen</Unicode>
            </TextEquiv>
        </TextRegion>
        <TextRegion orientation="0.0" id="r2" custom="readingOrder {index:1;}">
            <Coords points="1130,222 1130,377 1566,377 1566,222"/>
            <TextLine id="r2l1" custom="readingOrder {index:0;}">
                <Coords points="1124,326 1204,342 1235,328 1284,337 1304,321 1354,347 1396,325 1433,345 1506,324 1554,337 1572,329 1573,282 1540,264 1488,261 1453,279 1434,261 1395,274 1373,258 1304,291 1264,267 1238,279 1168,260 1124,284"/>
                <Baseline points="1130,326 1155,325 1181,324 1206,324 1232,323 1258,324 1283,324 1309,324 1335,325 1360,326 1386,326 1412,327 1437,327 1463,327 1489,327 1514,326 1540,325 1566,322"/>
                <TextEquiv>
                    <Unicode>box 3577</Unicode>
                </TextEquiv>
            </TextLine>
            <TextEquiv>
                <Unicode>box 3577</Unicode>
            </TextEquiv>
        </TextRegion>
        <TextRegion orientation="0.0" id="r3" custom="readingOrder {index:2;}">
            <Coords points="1830,133 1830,4120 2928,4120 2928,133"/>
            <TextLine id="r3l1" custom="readingOrder {index:0;}">
                <Coords points="1870,173 2631,166 2630,133 2288,128 2249,99 2213,131 1869,141"/>
                <Baseline points="1876,167 1913,167 1950,167 1988,167 2025,166 2063,165 2100,164 2137,163 2175,161 2212,160 2250,159 2287,157 2324,156 2362,155 2399,154 2437,153 2474,153 2511,153 2549,153 2586,154 2624,156"/>
                <TextEquiv>
                    <Unicode>beutung, Dner  meagenennemeen</Unicode>
                </TextEquiv>
            </TextLine>
            <TextLine id="r3l2" custom="readingOrder {index:1;}">
                <Coords points="1872,217 2908,192 2877,147 2107,164 2077,195 1871,175"/>
                <Baseline points="1878,211 1929,210 1980,209 2031,209 2082,208 2133,207 2184,207 2236,206 2287,205 2338,204 2389,203 2440,202 2491,201 2542,200 2594,198 2645,197 2696,195 2747,192 2798,190 2849,187 2901,185"/>
                <TextEquiv>
                    <Unicode>öffentlicht. Drei Novellen, die mit großer Meisterschaft</Unicode>
                </TextEquiv>
            </TextLine>
            <TextLine id="r3l3" custom="readingOrder {index:2;}">
                <Coords points="1871,275 2891,244 2921,217 2840,193 1870,227"/>
                <Baseline points="1877,258 1928,257 1980,256 2032,255 2084,254 2136,253 2188,252 2240,250 2292,249 2344,248 2396,247 2447,245 2499,244 2551,243 2603,242 2655,240 2707,239 2759,238 2811,236 2863,235 2915,234"/>
                <TextEquiv>
                    <Unicode>gearbeitet sind, zwei von noch immer zureichender Güte.</Unicode>
                </TextEquiv>
            </TextLine>
            <TextLine id="r3l4" custom="readingOrder {index:3;}">
                <Coords points="1876,307 2916,283 2839,237 2779,265 2694,238 1875,272"/>
                <Baseline points="1882,301 1933,300 1984,298 2036,296 2087,295 2138,294 2190,293 2241,292 2292,291 2344,290 2395,289 2446,288 2498,286 2549,285 2600,284 2652,283 2703,281 2754,280 2806,278 2857,276 2909,274"/>
                <TextEquiv>
                    <Unicode>„Dämmerseelen“ sagt Arthur Schnitzler. Der</Unicode>
                </TextEquiv>
            </TextLine>
            <TextLine id="r3l5" custom="readingOrder {index:4;}">
                <Coords points="1879,346 2665,339 2890,327 2911,299 1878,309"/>
                <Baseline points="1886,344 1939,343 1993,341 2046,340 2100,339 2154,337 2207,336 2261,334 2315,333 2368,331 2422,330 2475,328 2529,327 2583,325 2636,324 2690,322 2744,321 2797,320 2851,319 2905,318"/>
                <TextEquiv>
                    <Unicode>Verlag S. Fischer gibt an, dies wären Variationen über</Unicode>
                </TextEquiv>
            </TextLine>
            <TextLine id="r3l6" custom="readingOrder {index:5;}">
                <Coords points="1870,385 2918,351 2870,321 1869,355"/>
                <Baseline points="1877,387 1928,386 1980,385 2032,384 2083,383 2135,381 2187,380 2238,379 2290,377 2342,376 2394,374 2445,373 2497,371 2549,369 2600,368 2652,366 2704,365 2755,364 2807,363 2859,361 2911,361"/>
                <TextEquiv>
                    <Unicode>Themen aus Edgar Poes Gedankenwelt. Man dankt</Unicode>
                </TextEquiv>
            </TextLine>
            <TextLine id="r3l7" custom="readingOrder {index:6;}">
                <Coords points="1887,443 2861,417 2929,410 2928,369 1885,392"/>
                <Baseline points="1893,430 1944,429 1996,427 2047,426 2099,425 2150,423 2202,422 2253,421 2305,419 2356,418 2408,417 2459,416 2511,414 2562,413 2614,411 2665,410 2717,409 2768,408 2820,406 2871,404 2923,402"/>
                <TextEquiv>
                    <Unicode>für den Hinweis und meint: immerhin nur eine Er¬</Unicode>
                </TextEquiv>
            </TextLine>
            <TextLine id="r3l8" custom="readingOrder {index:7;}">
                <Coords points="1875,490 2682,467 2750,432 2863,460 2916,455 2916,417 1873,438"/>
                <Baseline points="1881,476 1932,475 1984,473 2035,472 2087,471 2138,469 2190,468 2241,466 2293,464 2344,463 2396,461 2447,459 2499,457 2550,456 2602,455 2653,453 2705,452 2756,451 2808,450 2859,449 2911,448"/>
                <TextEquiv>
                    <Unicode>zählung ist damit sehr treffend „eingeschachte!t“ Unter</Unicode>
                </TextEquiv>
            </TextLine>
            <TextLine id="r3l9" custom="readingOrder {index:8;}">
                <Coords points="1878,518 2793,508 2918,475 2730,451 1877,485"/>
                <Baseline points="1885,515 1936,515 1987,515 2038,514 2090,513 2141,512 2192,510 2244,509 2295,507 2346,505 2398,504 2449,501 2500,499 2551,498 2603,496 2654,494 2705,492 2757,491 2808,490 2859,489 2911,488"/>
                <TextEquiv>
                    <Unicode>die schwarzen Märchen, die von wundersamen Fügungen</Unicode>
                </TextEquiv>
            </TextLine>
            <TextLine id="r3l10" custom="readingOrder {index:9;}">
                <Coords points="1877,567 2777,552 2899,543 2934,505 1876,523"/>
                <Baseline points="1884,558 1936,557 1988,556 2040,555 2092,554 2145,553 2197,551 2249,550 2301,549 2353,547 2406,546 2458,544 2510,543 2562,542 2614,540 2667,538 2719,537 2771,535 2823,534 2875,532 2928,530"/>
                <TextEquiv>
                    <Unicode>künden. Nicht allzu peinigend, nicht allzu heftig, nicht</Unicode>
                </TextEquiv>
            </TextLine>
            <TextLine id="r3l11" custom="readingOrder {index:10;}">
                <Coords points="1875,612 2930,577 2884,535 1874,566"/>
                <Baseline points="1881,599 1933,599 1985,598 2037,597 2089,596 2141,595 2193,594 2245,593 2297,592 2349,591 2402,589 2454,588 2506,587 2558,585 2610,584 2662,582 2714,581 2766,579 2818,578 2870,576 2923,574"/>
                <TextEquiv>
                    <Unicode>à la E. T. A. Hoffmann, Poc oder Andrejew, was das</Unicode>
                </TextEquiv>
            </TextLine>
            <TextLine id="r3l12" custom="readingOrder {index:11;}">
                <Coords points="1888,651 2924,631 2893,581 1887,611"/>
                <Baseline points="1895,643 1946,642 1997,640 2048,639 2099,637 2150,635 2201,634 2253,633 2304,631 2355,630 2406,629 2457,628 2508,627 2559,626 2611,625 2662,624 2713,623 2764,623 2815,622 2866,621 2918,621"/>
                <TextEquiv>
                    <Unicode>Zerren an den Nervensträngen anbetrifft. Aber mit</Unicode>
                </TextEquiv>
            </TextLine>
            <TextLine id="r3l13" custom="readingOrder {index:12;}">
                <Coords points="1891,682 2374,669 2441,694 2766,655 2765,628 2713,623 2269,651 1890,634"/>
                <Baseline points="1897,667 1940,667 1983,668 2026,668 2069,668 2112,668 2155,668 2198,668 2241,668 2284,668 2328,667 2371,667 2414,666 2457,664 2500,663 2543,660 2586,657 2629,654 2672,651 2715,647 2759,642"/>
                <TextEquiv>
                    <Unicode>##and virtrel bat fla #. chid</Unicode>
                </TextEquiv>
            </TextLine>
            <TextLine id="r3l14" custom="readingOrder {index:13;}">
                <Coords points="2694,675 2702,674 2708,675 2712,672 2713,673 2720,673 2721,672 2719,649 2712,649 2708,655 2704,654 2700,659 2692,659"/>
                <Baseline points="2700,668 2714,667"/>
                <TextEquiv>
                    <Unicode>—</Unicode>
                </TextEquiv>
            </TextLine>
            <TextLine id="r3l15" custom="readingOrder {index:14;}">
                <Coords points="2812,679 2826,684 2832,679 2836,682 2846,679 2851,684 2859,676 2885,678 2918,670 2919,641 2904,645 2900,640 2885,645 2878,641 2866,642 2849,657 2837,652 2833,656 2813,655"/>
                <Baseline points="2819,668 2849,667 2880,668 2911,672"/>
                <TextEquiv>
                    <Unicode>—</Unicode>
                </TextEquiv>
            </TextLine>
            <TextLine id="r3l16" custom="readingOrder {index:15;}">
                <Coords points="1881,723 2862,746 2923,723 2924,689 2594,684 2474,718 2348,679 1882,688"/>
                <Baseline points="1888,716 1939,718 1990,721 2042,724 2093,725 2145,727 2196,728 2247,730 2299,731 2350,731 2402,732 2453,733 2504,733 2556,734 2607,734 2659,734 2710,735 2761,735 2813,735 2864,735 2916,736"/>
                <TextEquiv>
                    <Unicode>romantische Weise eingefühlt . . . (Einer, der eben</Unicode>
                </TextEquiv>
            </TextLine>
            <TextLine id="r3l17" custom="readingOrder {index:16;}">
                <Coords points="1877,777 1968,766 2299,786 2360,777 2361,760 2229,728 2203,742 2081,727 2035,743 1878,724"/>
                <Baseline points="1884,764 1910,764 1936,764 1962,765 1988,766 2014,766 2040,767 2066,768 2092,769 2119,770 2145,771 2171,772 2197,772 2223,773 2249,774 2275,774 2301,774 2327,774 2354,774"/>
                <TextEquiv>
                    <Unicode>spielend alles bewältigt.</Unicode>
                </TextEquiv>
            </TextLine>
            <TextLine id="r3l18" custom="readingOrder {index:17;}">
                <Coords points="1931,815 2923,835 2903,785 2745,769 2568,795 1932,771"/>
                <Baseline points="1938,806 1986,809 2035,811 2084,813 2133,815 2182,815 2231,816 2280,817 2329,817 2378,818 2427,818 2475,818 2524,818 2573,818 2622,818 2671,818 2720,818 2769,819 2818,819 2867,820 2916,821"/>
                <TextEquiv>
                    <Unicode>Dann erinnert man sich der ersten der Erzählungen,</Unicode>
                </TextEquiv>
            </TextLine>
            <TextLine id="r3l19" custom="readingOrder {index:18;}">
                <Coords points="1875,863 2716,883 2891,874 2932,838 1876,808"/>
                <Baseline points="1881,850 1933,851 1985,853 2037,854 2089,856 2141,857 2193,859 2246,860 2298,861 2350,862 2402,863 2454,864 2506,864 2558,865 2611,866 2663,866 2715,867 2767,867 2819,867 2871,867 2924,867"/>
                <TextEquiv>
                    <Unicode>die für den Autor bezeichnender ist. Sie handelt von</Unicode>
                </TextEquiv>
            </TextLine>
            <TextLine id="r3l20" custom="readingOrder {index:19;}">
                <Coords points="1866,894 2896,922 2926,882 1867,862"/>
                <Baseline points="1873,896 1925,897 1977,898 2029,899 2082,901 2134,902 2186,904 2239,905 2291,906 2343,907 2396,908 2448,909 2500,910 2552,910 2605,911 2657,911 2709,911 2762,910 2814,909 2866,908 2919,907"/>
                <TextEquiv>
                    <Unicode>des Freiherrn von Leisenbohg Glück und Ende. Da war</Unicode>
                </TextEquiv>
            </TextLine>
            <TextLine id="r3l21" custom="readingOrder {index:20;}">
                <Coords points="1863,955 2935,943 2748,910 1863,914"/>
                <Baseline points="1870,945 1922,945 1975,945 2028,945 2081,946 2134,947 2187,947 2240,949 2293,949 2346,950 2399,951 2451,953 2504,953 2557,954 2610,955 2663,955 2716,955 2769,955 2822,955 2875,955 2928,954"/>
                <TextEquiv>
                    <Unicode>sgraziöse Frivolität von gesunder, heller, plaudernder</Unicode>
                </TextEquiv>
            </TextLine>
            <TextLine id="r3l22" custom="readingOrder {index:21;}">
                <Coords points="1872,990 2736,1014 2888,1005 2929,966 1872,958"/>
                <Baseline points="1879,983 1931,985 1983,987 2035,988 2087,990 2139,991 2191,992 2243,993 2295,994 2347,995 2400,995 2452,996 2504,996 2556,997 2608,997 2660,998 2712,998 2764,999 2816,999 2868,1000 2921,1001"/>
                <TextEquiv>
                    <Unicode>Art; Humor — und Psychologie, die nicht eben auf das</Unicode>
                </TextEquiv>
            </TextLine>
            <TextLine id="r3l23" custom="readingOrder {index:22;}">
                <Coords points="1870,1033 2929,1037 2846,1001 1870,1000"/>
                <Baseline points="1876,1032 1928,1033 1980,1033 2033,1034 2085,1034 2137,1035 2190,1036 2242,1037 2294,1037 2347,1038 2399,1039 2451,1039 2504,1040 2556,1040 2608,1041 2661,1041 2713,1041 2765,1041 2818,1041 2870,1041 2923,1040"/>
                <TextEquiv>
                    <Unicode>Individuellste einging. Nicht jähes Aufschäumen des</Unicode>
                </TextEquiv>
            </TextLine>
            <TextLine id="r3l24" custom="readingOrder {index:23;}">
                <Coords points="1870,1078 2925,1091 2926,1036 1871,1034"/>
                <Baseline points="1877,1074 1929,1075 1981,1077 2033,1078 2085,1079 2137,1080 2189,1081 2241,1081 2293,1082 2345,1083 2398,1084 2450,1084 2502,1085 2554,1085 2606,1085 2658,1086 2710,1086 2762,1086 2814,1086 2866,1086 2919,1086"/>
                <TextEquiv>
                    <Unicode>Blutes, Sehnsucht und Enthusiasmus und wehmütiges</Unicode>
                </TextEquiv>
            </TextLine>
            <TextLine id="r3l25" custom="readingOrder {index:24;}">
                <Coords points="1864,1116 2918,1144 2918,1095 2827,1087 1865,1082"/>
                <Baseline points="1871,1119 1923,1119 1975,1120 2027,1121 2079,1122 2131,1123 2183,1124 2235,1124 2287,1125 2339,1126 2391,1127 2443,1127 2495,1128 2547,1129 2599,1129 2651,1130 2703,1130 2755,1130 2807,1131 2859,1131 2911,1131"/>
                <TextEquiv>
                    <Unicode>Verlangen, wie in den kleinen Skizzen der Jungen. Bos¬</Unicode>
                </TextEquiv>
            </TextLine>
            <TextLine id="r3l26" custom="readingOrder {index:25;}">
                <Coords points="1871,1158 2933,1189 2933,1132 1967,1145 1872,1118"/>
                <Baseline points="1878,1162 1930,1163 1982,1163 2035,1164 2087,1165 2140,1166 2192,1166 2244,1167 2297,1168 2349,1169 2402,1170 2454,1171 2506,1171 2559,1172 2611,1172 2664,1173 2716,1173 2768,1173 2821,1173 2873,1173 2926,1173"/>
                <TextEquiv>
                    <Unicode>haft, — was man so nennt. Humor und objektivierende</Unicode>
                </TextEquiv>
            </TextLine>
            <TextLine id="r3l27" custom="readingOrder {index:26;}">
                <Coords points="1870,1208 2935,1217 2935,1185 2875,1176 2585,1196 1871,1158"/>
                <Baseline points="1877,1208 1929,1207 1982,1207 2034,1207 2087,1208 2139,1209 2192,1209 2244,1210 2297,1211 2349,1212 2402,1213 2455,1214 2507,1215 2560,1215 2612,1216 2665,1216 2717,1216 2770,1215 2822,1214 2875,1213 2928,1211"/>
                <TextEquiv>
                    <Unicode>Ironie sind hier aufs engste verbunden. Lumpig ist diese</Unicode>
                </TextEquiv>
            </TextLine>
            <TextLine id="r3l28" custom="readingOrder {index:27;}">
                <Coords points="1859,1264 2926,1256 2888,1222 1859,1207"/>
                <Baseline points="1866,1252 1918,1252 1971,1252 2023,1253 2076,1253 2129,1254 2181,1255 2234,1255 2287,1256 2339,1257 2392,1258 2445,1258 2497,1259 2550,1259 2603,1260 2655,1260 2708,1260 2761,1259 2813,1259 2866,1258 2919,1257"/>
                <TextEquiv>
                    <Unicode>Sängerin, die ihre Liebhaber wie Handschuhe wechselt</Unicode>
                </TextEquiv>
            </TextLine>
            <TextLine id="r3l29" custom="readingOrder {index:28;}">
                <Coords points="1866,1304 2854,1316 2923,1297 2924,1256 1866,1262"/>
                <Baseline points="1872,1291 1924,1292 1976,1293 2028,1294 2081,1295 2133,1296 2185,1297 2237,1298 2290,1298 2342,1299 2394,1300 2446,1300 2499,1301 2551,1301 2603,1302 2655,1302 2708,1302 2760,1302 2812,1302 2864,1302 2917,1302"/>
                <TextEquiv>
                    <Unicode>und einem fürsorglichen, aber wohl nicht allzumännischen</Unicode>
                </TextEquiv>
            </TextLine>
            <TextLine id="r3l30" custom="readingOrder {index:29;}">
                <Coords points="1858,1339 2627,1362 2919,1332 1859,1309"/>
                <Baseline points="1865,1340 1917,1339 1969,1339 2022,1339 2074,1340 2126,1340 2179,1341 2231,1342 2283,1342 2336,1343 2388,1344 2440,1344 2493,1345 2545,1346 2597,1346 2650,1347 2702,1347 2754,1347 2807,1346 2859,1346 2912,1345"/>
                <TextEquiv>
                    <Unicode>Herrn, sich nur einmal hingibt, um den Fluch ihres ver¬</Unicode>
                </TextEquiv>
            </TextLine>
            <TextLine id="r3l31" custom="readingOrder {index:30;}">
                <Coords points="1868,1393 2914,1387 2914,1356 2807,1349 1868,1339"/>
                <Baseline points="1874,1382 1925,1382 1977,1383 2028,1384 2080,1385 2132,1386 2183,1387 2235,1387 2287,1388 2338,1389 2390,1390 2442,1390 2493,1391 2545,1391 2597,1391 2648,1391 2700,1391 2752,1391 2803,1391 2855,1391 2907,1390"/>
                <TextEquiv>
                    <Unicode>storbenen Galans auf ihn hinzulenken und dadurch von</Unicode>
                </TextEquiv>
            </TextLine>
            <TextLine id="r3l32" custom="readingOrder {index:31;}">
                <Coords points="1879,1426 2768,1450 2927,1439 2928,1406 1880,1384"/>
                <Baseline points="1886,1426 1937,1427 1989,1427 2041,1428 2093,1428 2144,1429 2196,1430 2248,1430 2300,1431 2351,1432 2403,1432 2455,1433 2507,1434 2558,1434 2610,1435 2662,1436 2714,1436 2765,1436 2817,1437 2869,1437 2921,1437"/>
                <TextEquiv>
                    <Unicode>ihrem neuen Verehrer abzuwehren; — abergläubisch, wie</Unicode>
                </TextEquiv>
            </TextLine>
            <TextLine id="r3l33" custom="readingOrder {index:32;}">
                <Coords points="1876,1468 2915,1482 2906,1437 1876,1426"/>
                <Baseline points="1882,1470 1933,1470 1984,1471 2036,1472 2087,1472 2138,1473 2190,1474 2241,1474 2292,1475 2344,1476 2395,1476 2446,1477 2498,1477 2549,1478 2600,1478 2652,1479 2703,1479 2754,1479 2806,1479 2857,1479 2909,1478"/>
                <TextEquiv>
                    <Unicode>solche Damen nicht selten sind. Nicht minder lumpig die</Unicode>
                </TextEquiv>
            </TextLine>
            <TextLine id="r3l34" custom="readingOrder {index:33;}">
                <Coords points="1868,1513 2910,1546 2929,1482 1868,1494"/>
                <Baseline points="1875,1512 1927,1513 1979,1514 2032,1515 2084,1516 2136,1517 2189,1518 2241,1519 2293,1519 2346,1520 2398,1520 2450,1521 2503,1521 2555,1522 2607,1522 2660,1522 2712,1522 2764,1522 2817,1522 2869,1522 2922,1521"/>
                <TextEquiv>
                    <Unicode>beiden hinschmelzenden Herren. Immerhin, — der Stoff;</Unicode>
                </TextEquiv>
            </TextLine>
            <TextLine id="r3l35" custom="readingOrder {index:34;}">
                <Coords points="1861,1571 2885,1579 2917,1534 1862,1514"/>
                <Baseline points="1868,1556 1920,1557 1972,1557 2024,1558 2076,1559 2128,1560 2180,1560 2232,1561 2284,1562 2336,1563 2389,1564 2441,1564 2493,1565 2545,1566 2597,1566 2649,1566 2701,1567 2753,1567 2805,1567 2857,1567 2910,1567"/>
                <TextEquiv>
                    <Unicode>ist nicht eben neu. Die miserablen Leutchen sind prächtig</Unicode>
                </TextEquiv>
            </TextLine>
            <TextLine id="r3l36" custom="readingOrder {index:35;}">
                <Coords points="1862,1618 2913,1612 2903,1568 1862,1570"/>
                <Baseline points="1868,1604 1919,1604 1971,1604 2023,1604 2075,1604 2127,1605 2179,1605 2231,1606 2283,1607 2335,1608 2387,1608 2438,1609 2490,1610 2542,1611 2594,1611 2646,1611 2698,1611 2750,1610 2802,1609 2854,1608 2906,1606"/>
                <TextEquiv>
                    <Unicode>gezeichnet, die Natur ist wieder einmal im Nachtkleide</Unicode>
                </TextEquiv>
            </TextLine>
            <TextLine id="r3l37" custom="readingOrder {index:36;}">
                <Coords points="1857,1640 2915,1673 2905,1612 1858,1615"/>
                <Baseline points="1864,1644 1916,1645 1968,1646 2020,1646 2072,1647 2125,1648 2177,1649 2229,1651 2281,1651 2333,1652 2386,1653 2438,1654 2490,1655 2542,1655 2594,1656 2647,1656 2699,1656 2751,1655 2803,1654 2855,1654 2908,1652"/>
                <TextEquiv>
                    <Unicode>belauscht. Die Sängerin Kläre Hell, une énigure, eine</Unicode>
                </TextEquiv>
            </TextLine>
            <TextLine id="r3l38" custom="readingOrder {index:37;}">
                <Coords points="1861,1694 2876,1709 2919,1696 2919,1650 2699,1682 1861,1661"/>
                <Baseline points="1867,1688 1919,1689 1971,1689 2023,1689 2076,1690 2128,1691 2180,1691 2232,1692 2285,1693 2337,1693 2389,1694 2441,1694 2494,1695 2546,1695 2598,1696 2650,1697 2703,1697 2755,1697 2807,1698 2859,1698 2912,1698"/>
                <TextEquiv>
                    <Unicode>saranounas uarypa von bekanntem Genre; Herr von</Unicode>
                </TextEquiv>
            </TextLine>
            <TextLine id="r3l39" custom="readingOrder {index:38;}">
                <Coords points="1857,1733 2915,1758 2915,1721 2863,1702 1857,1700"/>
                <Baseline points="1864,1731 1916,1733 1968,1734 2020,1735 2072,1736 2125,1737 2177,1738 2229,1739 2281,1739 2333,1740 2386,1740 2438,1740 2490,1741 2542,1741 2594,1741 2647,1742 2699,1742 2751,1743 2803,1743 2855,1744 2908,1745"/>
                <TextEquiv>
                    <Unicode>Leisenbohg, der zahlt und wartet, wartet und zahlt,</Unicode>
                </TextEquiv>
            </TextLine>
            <TextLine id="r3l40" custom="readingOrder {index:39;}">
                <Coords points="1861,1793 2910,1797 2910,1767 2769,1742 1862,1748"/>
                <Baseline points="1868,1777 1919,1777 1971,1777 2023,1777 2075,1777 2126,1778 2178,1779 2230,1780 2282,1781 2333,1782 2385,1784 2437,1785 2489,1786 2540,1787 2592,1787 2644,1787 2696,1788 2747,1787 2799,1787 2851,1785 2903,1784"/>
                <TextEquiv>
                    <Unicode>schließlich sein Ziel erreicht, um sich doch an der Nase ge¬</Unicode>
                </TextEquiv>
            </TextLine>
            <TextLine id="r3l41" custom="readingOrder {index:40;}">
                <Coords points="1872,1827 2910,1827 2910,1797 2811,1789 1872,1785"/>
                <Baseline points="1878,1820 1929,1820 1980,1821 2031,1821 2083,1822 2134,1823 2185,1824 2236,1824 2288,1826 2339,1826 2390,1827 2441,1828 2493,1829 2544,1829 2595,1829 2646,1830 2698,1829 2749,1829 2800,1828 2851,1827 2903,1826"/>
                <TextEquiv>
                    <Unicode>führt zu sehen, und darüber in der allerdrolligsten Weise</Unicode>
                </TextEquiv>
            </TextLine>
            <TextLine id="r3l42" custom="readingOrder {index:41;}">
                <Coords points="1870,1874 2918,1897 2919,1823 1870,1829"/>
                <Baseline points="1876,1862 1927,1863 1979,1863 2031,1864 2083,1865 2134,1865 2186,1866 2238,1867 2290,1867 2341,1868 2393,1869 2445,1869 2497,1870 2548,1870 2600,1871 2652,1871 2704,1871 2755,1872 2807,1872 2859,1872 2911,1872"/>
                <TextEquiv>
                    <Unicode>von der Welt stirbt; der kraftstrotzende nordische Sänger</Unicode>
                </TextEquiv>
            </TextLine>
            <TextLine id="r3l43" custom="readingOrder {index:42;}">
                <Coords points="1856,1910 2825,1930 2910,1893 1856,1866"/>
                <Baseline points="1863,1907 1915,1908 1967,1909 2019,1910 2071,1911 2123,1912 2175,1913 2227,1913 2279,1914 2331,1915 2383,1915 2435,1916 2487,1916 2539,1917 2591,1917 2643,1918 2695,1918 2747,1918 2799,1918 2851,1919 2903,1919"/>
                <TextEquiv>
                    <Unicode>Sigurd Oelse, der Nachfolger und lachende Erbe aller</Unicode>
                </TextEquiv>
            </TextLine>
            <TextLine id="r3l44" custom="readingOrder {index:43;}">
                <Coords points="1866,1954 2918,1955 2860,1923 1866,1914"/>
                <Baseline points="1873,1950 1924,1952 1976,1954 2028,1955 2080,1956 2132,1957 2184,1958 2236,1959 2288,1959 2340,1959 2392,1960 2443,1960 2495,1960 2547,1960 2599,1960 2651,1961 2703,1961 2755,1962 2807,1962 2859,1963 2911,1964"/>
                <TextEquiv>
                    <Unicode>der anderen Herren in der Gunst jener Dame, und nicht</Unicode>
                </TextEquiv>
            </TextLine>
            <TextLine id="r3l45" custom="readingOrder {index:44;}">
                <Coords points="1869,2004 2920,2018 2906,1954 1869,1965"/>
                <Baseline points="1876,1995 1927,1996 1979,1996 2031,1997 2083,1997 2135,1998 2187,1999 2238,1999 2290,2000 2342,2001 2394,2002 2446,2002 2498,2003 2550,2004 2601,2005 2653,2005 2705,2006 2757,2007 2809,2008 2861,2009 2913,2010"/>
                <TextEquiv>
                    <Unicode>zuletzt das kleine Wiener Mädel aus dem Volke, das sich</Unicode>
                </TextEquiv>
            </TextLine>
            <TextLine id="r3l46" custom="readingOrder {index:45;}">
                <Coords points="1861,2040 2908,2054 2828,2006 1861,2005"/>
                <Baseline points="1868,2038 1919,2040 1971,2042 2022,2043 2074,2043 2126,2044 2177,2044 2229,2044 2281,2044 2332,2044 2384,2045 2436,2045 2487,2045 2539,2045 2591,2046 2642,2046 2694,2048 2746,2049 2797,2051 2849,2054 2901,2057"/>
                <TextEquiv>
                    <Unicode>in sämtliche Liebhaber ihrer Protektorin regelmäßig,</Unicode>
                </TextEquiv>
            </TextLine>
            <TextLine id="r3l47" custom="readingOrder {index:46;}">
                <Coords points="1858,2094 2457,2099 2470,2059 1858,2042"/>
                <Baseline points="1864,2081 1893,2081 1923,2082 1953,2083 1983,2083 2013,2084 2043,2085 2073,2085 2103,2086 2133,2086 2163,2087 2192,2087 2222,2088 2252,2088 2282,2088 2312,2088 2342,2088 2372,2088 2402,2088 2432,2088 2462,2087"/>
                <TextEquiv>
                    <Unicode>kindisch und unglücklich verliebt.</Unicode>
                </TextEquiv>
            </TextLine>
            <TextLine id="r3l48" custom="readingOrder {index:47;}">
                <Coords points="1918,2129 2904,2147 2879,2109 2706,2084 1918,2097"/>
                <Baseline points="1924,2123 1972,2124 2021,2126 2069,2127 2118,2128 2167,2130 2215,2131 2264,2132 2313,2133 2361,2134 2410,2135 2459,2136 2507,2137 2556,2138 2605,2138 2653,2139 2702,2139 2751,2139 2799,2139 2848,2138 2897,2138"/>
                <TextEquiv>
                    <Unicode>Der Mann, der dieses Schicksal nun in Worte ge¬</Unicode>
                </TextEquiv>
            </TextLine>
            <TextLine id="r3l49" custom="readingOrder {index:48;}">
                <Coords points="1860,2172 2903,2192 2904,2147 2871,2141 1861,2137"/>
                <Baseline points="1866,2167 1917,2168 1969,2170 2020,2171 2072,2172 2123,2173 2175,2174 2226,2175 2278,2176 2329,2177 2381,2178 2432,2179 2484,2179 2535,2180 2587,2181 2638,2182 2690,2183 2741,2184 2793,2185 2844,2186 2896,2187"/>
                <TextEquiv>
                    <Unicode>kleidet, ist eben kein Schwerflüssiger und allerdings auch</Unicode>
                </TextEquiv>
            </TextLine>
            <TextLine id="r3l50" custom="readingOrder {index:49;}">
                <Coords points="1861,2220 2897,2249 2911,2203 1861,2184"/>
                <Baseline points="1867,2212 1918,2213 1970,2214 2022,2214 2074,2216 2126,2217 2178,2218 2229,2219 2281,2221 2333,2222 2385,2223 2437,2225 2489,2226 2541,2227 2592,2227 2644,2228 2696,2228 2748,2228 2800,2228 2852,2228 2904,2226"/>
                <TextEquiv>
                    <Unicode>kein Umstürzler, — klug, feinfühlig, elegant, skeptisch.</Unicode>
                </TextEquiv>
            </TextLine>
            <TextLine id="r3l51" custom="readingOrder {index:50;}">
                <Coords points="1856,2265 2911,2280 2911,2246 2853,2228 1856,2229"/>
                <Baseline points="1863,2259 1915,2258 1967,2258 2019,2258 2071,2259 2123,2260 2175,2260 2227,2261 2279,2262 2331,2263 2383,2265 2435,2266 2487,2267 2539,2268 2591,2268 2643,2269 2695,2269 2747,2270 2799,2270 2851,2269 2904,2268"/>
                <TextEquiv>
                    <Unicode>Ein Spaziergänger von hoher Kultur und feinstem Takt.</Unicode>
                </TextEquiv>
            </TextLine>
            <TextLine id="r3l52" custom="readingOrder {index:51;}">
                <Coords points="1851,2304 2910,2318 2910,2277 2834,2270 1851,2276"/>
                <Baseline points="1857,2305 1909,2305 1961,2305 2013,2305 2066,2305 2118,2305 2170,2305 2223,2306 2275,2306 2327,2307 2380,2307 2432,2308 2484,2309 2536,2309 2589,2309 2641,2310 2693,2310 2746,2311 2798,2311 2850,2311 2903,2311"/>
                <TextEquiv>
                    <Unicode>Letztere Eigenschaft soll insbesondere nicht unterschätzt</Unicode>
                </TextEquiv>
            </TextLine>
            <TextLine id="r3l53" custom="readingOrder {index:52;}">
                <Coords points="1855,2347 2839,2370 2896,2354 2897,2320 1855,2319"/>
                <Baseline points="1862,2347 1913,2348 1964,2349 2016,2350 2067,2350 2119,2351 2170,2351 2221,2352 2273,2352 2324,2352 2376,2352 2427,2352 2478,2353 2530,2353 2581,2353 2633,2353 2684,2353 2735,2354 2787,2354 2838,2355 2890,2355"/>
                <TextEquiv>
                    <Unicode>werden. Da ist etwa die zweite Novelle, die — wie schon</Unicode>
                </TextEquiv>
            </TextLine>
            <TextLine id="r3l54" custom="readingOrder {index:53;}">
                <Coords points="1858,2394 2848,2414 2903,2362 1858,2349"/>
                <Baseline points="1865,2388 1916,2389 1968,2389 2019,2390 2071,2391 2122,2392 2174,2392 2225,2393 2277,2394 2328,2394 2380,2395 2432,2395 2483,2396 2535,2397 2586,2397 2638,2398 2689,2398 2741,2399 2792,2399 2844,2400 2896,2400"/>
                <TextEquiv>
                    <Unicode>bemerkt — im Zeichen Ebgar Poes steht. „Weissagung“</Unicode>
                </TextEquiv>
            </TextLine>
            <TextLine id="r3l55" custom="readingOrder {index:54;}">
                <Coords points="1859,2444 2902,2454 2902,2415 2818,2403 1859,2398"/>
                <Baseline points="1866,2436 1917,2436 1968,2436 2020,2436 2071,2436 2123,2436 2174,2437 2226,2437 2277,2437 2329,2438 2380,2438 2431,2439 2483,2440 2534,2440 2586,2441 2637,2441 2689,2441 2740,2442 2792,2442 2843,2443 2895,2443"/>
                <TextEquiv>
                    <Unicode>heißt sie, und man ahnt, wie sehr die Probleme des Un¬</Unicode>
                </TextEquiv>
            </TextLine>
            <TextLine id="r3l56" custom="readingOrder {index:55;}">
                <Coords points="1865,2486 2904,2481 2903,2454 2725,2440 1865,2441"/>
                <Baseline points="1872,2477 1923,2478 1974,2479 2025,2480 2077,2481 2128,2481 2179,2482 2230,2483 2282,2483 2333,2484 2384,2484 2435,2485 2487,2485 2538,2486 2589,2486 2640,2486 2692,2486 2743,2487 2794,2487 2845,2486 2897,2486"/>
                <TextEquiv>
                    <Unicode>klaren und Ungelöster, der rätselhaften Mächte und</Unicode>
                </TextEquiv>
            </TextLine>
            <TextLine id="r3l57" custom="readingOrder {index:56;}">
                <Coords points="1856,2537 2895,2545 2911,2475 2564,2509 1856,2488"/>
                <Baseline points="1862,2520 1914,2521 1966,2522 2018,2523 2070,2524 2122,2524 2174,2525 2226,2526 2278,2526 2330,2527 2383,2527 2435,2528 2487,2528 2539,2528 2591,2529 2643,2529 2695,2529 2747,2530 2799,2530 2851,2530 2904,2531"/>
                <TextEquiv>
                    <Unicode>Kräfte, ein Dichterherz bannen können. Allerdings wohl</Unicode>
                </TextEquiv>
            </TextLine>
            <TextLine id="r3l58" custom="readingOrder {index:57;}">
                <Coords points="1855,2577 2901,2588 2872,2537 1856,2537"/>
                <Baseline points="1862,2565 1913,2566 1965,2566 2016,2567 2068,2567 2120,2567 2171,2568 2223,2568 2274,2569 2326,2569 2378,2570 2429,2570 2481,2571 2532,2571 2584,2571 2636,2572 2687,2572 2739,2573 2790,2574 2842,2574 2894,2575"/>
                <TextEquiv>
                    <Unicode>eher ursprüngliche Naturen, Dämmerseelen, Grübler, als</Unicode>
                </TextEquiv>
            </TextLine>
            <TextLine id="r3l59" custom="readingOrder {index:58;}">
                <Coords points="1860,2622 2902,2627 2860,2579 1860,2575"/>
                <Baseline points="1866,2608 1917,2609 1968,2609 2020,2610 2071,2611 2123,2611 2174,2612 2226,2613 2277,2613 2329,2614 2380,2615 2431,2615 2483,2616 2534,2616 2586,2616 2637,2617 2689,2617 2740,2617 2792,2618 2843,2618 2895,2618"/>
                <TextEquiv>
                    <Unicode>Könstler von hoher Kultur, die Schnitzler gleichen. Oder</Unicode>
                </TextEquiv>
            </TextLine>
            <TextLine id="r3l60" custom="readingOrder {index:59;}">
                <Coords points="1861,2666 2904,2666 2845,2624 1861,2621"/>
                <Baseline points="1868,2653 1919,2654 1971,2654 2022,2655 2074,2655 2125,2656 2177,2657 2228,2657 2280,2658 2331,2659 2383,2659 2434,2660 2486,2660 2537,2661 2589,2661 2640,2661 2692,2661 2743,2661 2795,2661 2846,2660 2898,2659"/>
                <TextEquiv>
                    <Unicode>ist hier eine Ergänzung zu seiner Weise zu suchen? Takt¬</Unicode>
                </TextEquiv>
            </TextLine>
            <TextLine id="r3l61" custom="readingOrder {index:60;}">
                <Coords points="1854,2710 2894,2714 2894,2676 2780,2664 1855,2669"/>
                <Baseline points="1861,2698 1912,2699 1963,2700 2014,2701 2066,2701 2117,2702 2168,2702 2220,2703 2271,2703 2322,2704 2374,2704 2425,2705 2476,2705 2527,2705 2579,2705 2630,2705 2681,2706 2733,2706 2784,2706 2835,2706 2887,2706"/>
                <TextEquiv>
                    <Unicode>voll und fein ist es jedenfalls, daß der Verfasser sich in</Unicode>
                </TextEquiv>
            </TextLine>
            <TextLine id="r3l62" custom="readingOrder {index:61;}">
                <Coords points="1853,2742 2905,2770 2906,2721 1853,2717"/>
                <Baseline points="1860,2741 1914,2742 1969,2742 2024,2743 2078,2744 2133,2745 2188,2746 2242,2746 2297,2747 2352,2748 2406,2748 2461,2749 2516,2749 2570,2749 2625,2749 2680,2748 2734,2748 2789,2747 2844,2746 2899,2745"/>
                <TextEquiv>
                    <Unicode>einem Nachwort lediglich als Herausgeber der Erzäh¬</Unicode>
                </TextEquiv>
            </TextLine>
            <TextLine id="r3l63" custom="readingOrder {index:62;}">
                <Coords points="1850,2775 1941,2804 2853,2810 2900,2751 1850,2742"/>
                <Baseline points="1856,2784 1907,2784 1959,2785 2011,2785 2063,2786 2115,2787 2167,2787 2218,2788 2270,2789 2322,2790 2374,2790 2426,2791 2478,2792 2530,2792 2581,2793 2633,2793 2685,2794 2737,2794 2789,2794 2841,2794 2893,2794"/>
                <TextEquiv>
                    <Unicode>lung in der Schickjulsdichter — und Geistersehermanier</Unicode>
                </TextEquiv>
            </TextLine>
            <TextLine id="r3l64" custom="readingOrder {index:63;}">
                <Coords points="1849,2827 2439,2853 2582,2830 2582,2805 2522,2794 2000,2790 1965,2814 1849,2776"/>
                <Baseline points="1856,2830 1892,2829 1928,2829 1964,2828 2000,2828 2036,2828 2072,2829 2108,2829 2144,2830 2180,2831 2216,2831 2252,2832 2288,2833 2324,2833 2360,2834 2396,2834 2432,2833 2468,2833 2504,2833 2540,2831 2576,2830"/>
                <TextEquiv>
                    <Unicode>gibt. Das steht ihm besser zu Gesicht.</Unicode>
                </TextEquiv>
            </TextLine>
            <TextLine id="r3l65" custom="readingOrder {index:64;}">
                <Coords points="1902,2871 2897,2896 2898,2838 2768,2819 2701,2868 2592,2836 1902,2835"/>
                <Baseline points="1909,2871 1958,2873 2007,2874 2056,2875 2105,2876 2154,2877 2203,2877 2252,2878 2301,2879 2350,2879 2399,2880 2448,2880 2497,2881 2546,2881 2595,2881 2644,2882 2693,2882 2742,2882 2791,2882 2840,2882 2890,2882"/>
                <TextEquiv>
                    <Unicode>Ergötzliche Reminiszenzen an Voltaires „Pucelle“.</Unicode>
                </TextEquiv>
            </TextLine>
            <TextLine id="r3l66" custom="readingOrder {index:65;}">
                <Coords points="1855,2920 2890,2928 2890,2896 2830,2885 1855,2884"/>
                <Baseline points="1861,2916 1912,2916 1963,2916 2014,2917 2065,2917 2116,2918 2167,2919 2218,2920 2269,2921 2320,2922 2372,2923 2423,2924 2474,2925 2525,2926 2576,2927 2627,2928 2678,2928 2729,2929 2780,2929 2831,2928 2883,2927"/>
                <TextEquiv>
                    <Unicode>ruft „Die Fremde“ wach. Es ist eine junge Dome, die</Unicode>
                </TextEquiv>
            </TextLine>
            <TextLine id="r3l67" custom="readingOrder {index:66;}">
                <Coords points="1853,2960 2867,2985 2898,2944 1853,2920"/>
                <Baseline points="1859,2964 1910,2963 1962,2962 2013,2962 2065,2962 2117,2963 2168,2963 2220,2964 2271,2965 2323,2966 2375,2968 2426,2968 2478,2970 2529,2971 2581,2972 2633,2972 2684,2973 2736,2973 2787,2972 2839,2971 2891,2970"/>
                <TextEquiv>
                    <Unicode>ihrem Gatten, einem modernen (ibsenisch geschulten)</Unicode>
                </TextEquiv>
            </TextLine>
            <TextLine id="r3l68" custom="readingOrder {index:67;}">
                <Coords points="1848,3026 2852,3023 2895,2994 1849,2978"/>
                <Baseline points="1855,3004 1906,3004 1958,3003 2009,3003 2061,3004 2113,3004 2164,3005 2216,3006 2268,3007 2319,3009 2371,3010 2423,3011 2474,3012 2526,3013 2578,3014 2629,3015 2681,3015 2733,3015 2784,3015 2836,3015 2888,3013"/>
                <TextEquiv>
                    <Unicode>k. k. Staatsbeamten auf und davon geht, nachdem ihr</Unicode>
                </TextEquiv>
            </TextLine>
            <TextLine id="r3l69" custom="readingOrder {index:68;}">
                <Coords points="1854,3041 2900,3066 2900,3028 2823,3016 1854,3012"/>
                <Baseline points="1861,3044 1912,3044 1964,3045 2015,3045 2067,3046 2119,3047 2170,3048 2222,3048 2273,3049 2325,3050 2377,3051 2428,3052 2480,3053 2531,3053 2583,3054 2635,3054 2686,3055 2738,3055 2789,3055 2841,3054 2893,3054"/>
                <TextEquiv>
                    <Unicode>rätselhaftes Wesen im Verlauf einer relativ kurzen Ehe</Unicode>
                </TextEquiv>
            </TextLine>
            <TextLine id="r3l70" custom="readingOrder {index:69;}">
                <Coords points="1848,3080 2737,3116 2880,3111 2898,3077 1848,3045"/>
                <Baseline points="1854,3084 1905,3085 1957,3086 2009,3086 2061,3087 2113,3087 2165,3088 2216,3089 2268,3089 2320,3090 2372,3091 2424,3091 2476,3092 2528,3094 2579,3094 2631,3096 2683,3097 2735,3098 2787,3100 2839,3101 2891,3103"/>
                <TextEquiv>
                    <Unicode>(vierzehn Tage dauerte das Glück) keine Befriedigung ge¬</Unicode>
                </TextEquiv>
            </TextLine>
            <TextLine id="r3l71" custom="readingOrder {index:70;}">
                <Coords points="1855,3131 2902,3164 2903,3109 2859,3103 1856,3089"/>
                <Baseline points="1862,3126 1913,3127 1965,3128 2016,3129 2068,3130 2120,3131 2171,3132 2223,3134 2275,3135 2326,3136 2378,3138 2430,3139 2481,3140 2533,3141 2585,3142 2636,3142 2688,3144 2740,3144 2791,3145 2843,3145 2895,3146"/>
                <TextEquiv>
                    <Unicode>funden hat. Die Dame geht fort, um sich in eine mystisch</Unicode>
                </TextEquiv>
            </TextLine>
            <TextLine id="r3l72" custom="readingOrder {index:71;}">
                <Coords points="1849,3171 2871,3201 2888,3153 1849,3136"/>
                <Baseline points="1855,3170 1906,3170 1957,3171 2008,3172 2060,3173 2111,3175 2162,3176 2214,3178 2265,3179 2316,3181 2368,3182 2419,3184 2470,3185 2521,3186 2573,3187 2624,3187 2675,3188 2727,3187 2778,3187 2829,3185 2881,3184"/>
                <TextEquiv>
                    <Unicode>lockende Statue Dietrichs von Bern zu verlieben, — was</Unicode>
                </TextEquiv>
            </TextLine>
            <TextLine id="r3l73" custom="readingOrder {index:72;}">
                <Coords points="1855,3223 2769,3249 2886,3236 2887,3204 1856,3177"/>
                <Baseline points="1862,3215 1912,3216 1963,3217 2014,3218 2065,3220 2116,3221 2167,3222 2217,3223 2268,3224 2319,3225 2370,3226 2421,3227 2472,3228 2523,3229 2573,3230 2624,3231 2675,3232 2726,3233 2777,3233 2828,3234 2879,3234"/>
                <TextEquiv>
                    <Unicode>sie keineswegs hindert, nach entsprechender Zeit, von</Unicode>
                </TextEquiv>
            </TextLine>
            <TextLine id="r3l74" custom="readingOrder {index:73;}">
                <Coords points="1838,3263 2825,3292 2894,3280 2895,3246 1839,3222"/>
                <Baseline points="1845,3260 1897,3260 1949,3259 2001,3260 2053,3260 2105,3261 2157,3262 2210,3263 2262,3265 2314,3267 2366,3268 2418,3270 2470,3271 2522,3273 2575,3274 2627,3275 2679,3276 2731,3277 2783,3277 2835,3277 2888,3277"/>
                <TextEquiv>
                    <Unicode>seinem durchreisenden Italiener aus Fleisch und Blut</Unicode>
                </TextEquiv>
            </TextLine>
            <TextLine id="r3l75" custom="readingOrder {index:74;}">
                <Coords points="1844,3329 2889,3328 2890,3291 2840,3282 2318,3296 1846,3261"/>
                <Baseline points="1852,3303 1903,3303 1955,3304 2006,3305 2058,3305 2109,3306 2161,3307 2212,3308 2264,3309 2315,3311 2367,3312 2419,3313 2470,3314 2522,3316 2573,3317 2625,3318 2676,3319 2728,3320 2779,3322 2831,3322 2883,3323"/>
                <TextEquiv>
                    <Unicode>ein Kind zu bekommen ... Fein! — Dien prit pitié du</Unicode>
                </TextEquiv>
            </TextLine>
            <TextLine id="r3l76" custom="readingOrder {index:75;}">
                <Coords points="1839,3344 2890,3374 2891,3336 2847,3322 1840,3320"/>
                <Baseline points="1846,3349 1897,3350 1949,3350 2001,3351 2053,3351 2105,3352 2157,3352 2208,3353 2260,3354 2312,3355 2364,3356 2416,3357 2468,3358 2520,3359 2571,3360 2623,3361 2675,3362 2727,3364 2779,3365 2831,3366 2883,3367"/>
                <TextEquiv>
                    <Unicode>Igenre humain, II le créa frivole et vain, pour ie</Unicode>
                </TextEquiv>
            </TextLine>
            <TextLine id="r3l77" custom="readingOrder {index:76;}">
                <Coords points="1843,3400 2426,3401 2409,3384 2323,3386 2284,3359 1991,3370 1844,3346"/>
                <Baseline points="1850,3387 1878,3388 1906,3389 1935,3390 1963,3391 1992,3391 2020,3392 2049,3392 2077,3393 2106,3393 2134,3393 2162,3394 2191,3394 2219,3394 2248,3395 2276,3395 2305,3396 2333,3396 2362,3397 2390,3398 2419,3400"/>
                <TextEquiv>
                    <Unicode>Trendre moins misérable</Unicode>
                </TextEquiv>
            </TextLine>
            <TextLine id="r3l78" custom="readingOrder {index:77;}">
                <Coords points="1898,3429 2825,3465 2894,3451 2895,3412 1898,3398"/>
                <Baseline points="1904,3430 1953,3432 2002,3433 2051,3434 2100,3436 2150,3437 2199,3438 2248,3440 2297,3441 2346,3442 2396,3443 2445,3444 2494,3445 2543,3447 2592,3447 2642,3448 2691,3449 2740,3450 2789,3450 2838,3451 2888,3451"/>
                <TextEquiv>
                    <Unicode>Eine Verkettung des Pikanten und Schicksalsmäßigen</Unicode>
                </TextEquiv>
            </TextLine>
            <TextLine id="r3l79" custom="readingOrder {index:78;}">
                <Coords points="1841,3504 2029,3476 2891,3490 2837,3455 1842,3441"/>
                <Baseline points="1848,3477 1899,3478 1951,3479 2003,3479 2055,3480 2107,3481 2158,3482 2210,3483 2262,3484 2314,3485 2366,3486 2417,3487 2469,3488 2521,3489 2573,3490 2625,3490 2676,3491 2728,3491 2780,3492 2832,3492 2884,3492"/>
                <TextEquiv>
                    <Unicode>waltet in dieser Novellensammlung. Unter der Wucht</Unicode>
                </TextEquiv>
            </TextLine>
            <TextLine id="r3l80" custom="readingOrder {index:79;}">
                <Coords points="1840,3534 2894,3543 2780,3500 1841,3498"/>
                <Baseline points="1847,3523 1899,3523 1951,3522 2003,3523 2055,3523 2107,3524 2159,3525 2211,3526 2263,3527 2315,3529 2367,3530 2419,3531 2471,3533 2523,3535 2575,3536 2627,3537 2679,3538 2731,3538 2783,3539 2835,3539 2888,3539"/>
                <TextEquiv>
                    <Unicode>einer unheimlichen Macht bricht der Mann zusammen.</Unicode>
                </TextEquiv>
            </TextLine>
            <TextLine id="r3l81" custom="readingOrder {index:80;}">
                <Coords points="1841,3580 2806,3599 2893,3566 1842,3535"/>
                <Baseline points="1849,3564 1900,3564 1952,3565 2004,3565 2056,3566 2108,3567 2160,3568 2211,3569 2263,3570 2315,3571 2367,3573 2419,3574 2471,3576 2523,3577 2574,3579 2626,3580 2678,3581 2730,3582 2782,3583 2834,3584 2886,3585"/>
                <TextEquiv>
                    <Unicode>Sein Geschick ist das Weib, oder das Weibchen vielmehr.</Unicode>
                </TextEquiv>
            </TextLine>
            <TextLine id="r3l82" custom="readingOrder {index:81;}">
                <Coords points="1834,3630 2825,3641 2882,3632 2883,3599 2389,3575 2290,3605 2153,3565 1834,3587"/>
                <Baseline points="1841,3607 1892,3608 1944,3609 1996,3610 2048,3611 2099,3612 2151,3613 2203,3613 2255,3615 2306,3616 2358,3616 2410,3618 2462,3618 2513,3620 2565,3621 2617,3622 2669,3623 2720,3624 2772,3625 2824,3626 2876,3627"/>
                <TextEquiv>
                    <Unicode>— Weiche der Unkraft ... Einmal ist das anders: im</Unicode>
                </TextEquiv>
            </TextLine>
            <TextLine id="r3l83" custom="readingOrder {index:82;}">
                <Coords points="1827,3660 2890,3669 2866,3626 1827,3630"/>
                <Baseline points="1833,3656 1885,3655 1938,3655 1990,3655 2043,3655 2095,3655 2148,3656 2200,3657 2253,3657 2305,3658 2358,3659 2410,3660 2463,3661 2515,3662 2568,3663 2620,3664 2673,3665 2725,3666 2778,3667 2830,3667 2883,3668"/>
                <TextEquiv>
                    <Unicode>„Neuen Lied“, wo Fräulein Maria Ladenbauer, genannt</Unicode>
                </TextEquiv>
            </TextLine>
            <TextLine id="r3l84" custom="readingOrder {index:83;}">
                <Coords points="1832,3701 2828,3721 2883,3679 1995,3655 1913,3680 1833,3654"/>
                <Baseline points="1839,3698 1890,3698 1942,3697 1994,3698 2046,3698 2098,3699 2149,3700 2201,3701 2253,3702 2305,3703 2357,3704 2408,3706 2460,3707 2512,3708 2564,3709 2616,3710 2667,3711 2719,3711 2771,3711 2823,3711 2875,3710"/>
                <TextEquiv>
                    <Unicode>die „weiße Amsel“, — teils Freiwild, teils Jägerin vor</Unicode>
                </TextEquiv>
            </TextLine>
            <TextLine id="r3l85" custom="readingOrder {index:84;}">
                <Coords points="1831,3747 2826,3770 2887,3721 1832,3701"/>
                <Baseline points="1837,3741 1889,3741 1941,3740 1993,3741 2045,3741 2097,3742 2149,3743 2202,3744 2254,3745 2306,3746 2358,3747 2410,3749 2462,3750 2514,3751 2567,3752 2619,3753 2671,3753 2723,3754 2775,3754 2827,3753 2880,3753"/>
                <TextEquiv>
                    <Unicode>dem Herrn — zur Strecke gebracht wird. Die virtuose</Unicode>
                </TextEquiv>
            </TextLine>
            <TextLine id="r3l86" custom="readingOrder {index:85;}">
                <Coords points="1839,3786 2823,3814 2885,3771 1839,3752"/>
                <Baseline points="1845,3782 1896,3783 1948,3784 1999,3785 2051,3786 2103,3787 2154,3788 2206,3789 2257,3789 2309,3790 2361,3791 2412,3791 2464,3792 2515,3793 2567,3794 2619,3794 2670,3795 2722,3796 2773,3797 2825,3799 2877,3800"/>
                <TextEquiv>
                    <Unicode>Verschmelzung der heterogenen Elemente zu einem</Unicode>
                </TextEquiv>
            </TextLine>
            <TextLine id="r3l87" custom="readingOrder {index:86;}">
                <Coords points="1833,3831 2726,3857 2887,3827 2667,3794 1833,3788"/>
                <Baseline points="1839,3827 1891,3827 1943,3827 1995,3827 2047,3827 2099,3828 2151,3829 2203,3830 2255,3830 2307,3832 2359,3833 2411,3834 2463,3835 2515,3836 2567,3837 2619,3838 2671,3838 2723,3839 2775,3839 2827,3839 2880,3839"/>
                <TextEquiv>
                    <Unicode>fatalistisch=Pikanten, ich möchte sagen frivol=Legendären</Unicode>
                </TextEquiv>
            </TextLine>
            <TextLine id="r3l88" custom="readingOrder {index:87;}">
                <Coords points="1829,3874 2854,3897 2882,3860 1829,3841"/>
                <Baseline points="1835,3869 1887,3869 1939,3869 1991,3870 2043,3870 2095,3871 2147,3872 2199,3872 2251,3873 2303,3874 2355,3875 2407,3876 2459,3877 2511,3878 2563,3880 2615,3881 2667,3882 2719,3884 2771,3885 2823,3886 2875,3887"/>
                <TextEquiv>
                    <Unicode>bildet den besonderen Reiz der meisten Novellen, die im</Unicode>
                </TextEquiv>
            </TextLine>
            <TextLine id="r3l89" custom="readingOrder {index:88;}">
                <Coords points="1835,3920 2849,3945 2874,3901 1836,3877"/>
                <Baseline points="1842,3915 1893,3915 1944,3915 1995,3915 2047,3915 2098,3916 2149,3917 2200,3918 2252,3919 2303,3920 2354,3922 2405,3924 2457,3925 2508,3927 2559,3928 2610,3929 2662,3930 2713,3931 2764,3932 2815,3932 2867,3932"/>
                <TextEquiv>
                    <Unicode>Zyklus „Dämmerseelen“ vereinigt sind. Edgar Allan</Unicode>
                </TextEquiv>
            </TextLine>
            <TextLine id="r3l90" custom="readingOrder {index:89;}">
                <Coords points="1835,3963 2728,3965 2805,3992 2878,3984 2879,3957 2615,3923 1836,3918"/>
                <Baseline points="1842,3955 1893,3955 1945,3956 1996,3957 2048,3957 2099,3958 2151,3959 2202,3960 2254,3961 2305,3962 2357,3964 2408,3965 2460,3966 2511,3967 2563,3968 2614,3970 2666,3971 2717,3972 2769,3974 2820,3975 2872,3976"/>
                <TextEquiv>
                    <Unicode>Poe und Claude Prosper Jolyot de Crébillon. Dazu:</Unicode>
                </TextEquiv>
            </TextLine>
            <TextLine id="r3l91" custom="readingOrder {index:90;}">
                <Coords points="1823,4020 1901,4004 2060,4018 2101,3999 2131,4018 2200,4005 2291,4017 2348,4010 2349,3986 2131,3961 2096,3988 2051,3962 1825,3963"/>
                <Baseline points="1830,3999 1855,3999 1881,3999 1906,3999 1932,4000 1958,4000 1983,4001 2009,4001 2034,4002 2060,4003 2086,4004 2111,4004 2137,4005 2162,4006 2188,4007 2214,4007 2239,4008 2265,4008 2290,4009 2316,4009 2342,4009"/>
                <TextEquiv>
                    <Unicode>Wiener Luft. Das ist es. —</Unicode>
                </TextEquiv>
            </TextLine>
            <TextLine id="r3l92" custom="readingOrder {index:91;}">
                <Coords points="1856,4048 1915,4070 1999,4048 2109,4068 2138,4048 2169,4068 2226,4055 2325,4077 2356,4065 2357,4023 2254,4008 2194,4022 2140,4009 2026,4021 2009,4006 1918,4017 1902,4004 1856,4019"/>
                <Baseline points="1862,4050 1887,4048 1913,4047 1939,4046 1964,4046 1990,4045 2016,4045 2041,4045 2067,4045 2093,4046 2118,4046 2144,4048 2170,4048 2195,4050 2221,4050 2247,4052 2272,4053 2298,4054 2324,4055 2350,4057"/>
                <TextEquiv>
                    <Unicode>Hamburg, im März.</Unicode>
                </TextEquiv>
            </TextLine>
            <TextLine id="r3l93" custom="readingOrder {index:92;}">
                <Coords points="2355,4104 2629,4104 2663,4120 2722,4104 2806,4130 2845,4112 2839,4081 2616,4051 2561,4069 2405,4050 2357,4074"/>
                <Baseline points="2362,4090 2387,4091 2412,4092 2437,4093 2462,4094 2487,4095 2512,4097 2537,4097 2562,4099 2587,4100 2613,4102 2638,4103 2663,4104 2688,4105 2713,4107 2738,4107 2763,4108 2788,4109 2813,4110 2839,4110"/>
                <TextEquiv>
                    <Unicode>Arthur Sakheim.</Unicode>
                </TextEquiv>
            </TextLine>
            <TextEquiv>
                <Unicode>beutung, Dner  meagenennemeen
öffentlicht. Drei Novellen, die mit großer Meisterschaft
gearbeitet sind, zwei von noch immer zureichender Güte.
„Dämmerseelen“ sagt Arthur Schnitzler. Der
Verlag S. Fischer gibt an, dies wären Variationen über
Themen aus Edgar Poes Gedankenwelt. Man dankt
für den Hinweis und meint: immerhin nur eine Er¬
zählung ist damit sehr treffend „eingeschachte!t“ Unter
die schwarzen Märchen, die von wundersamen Fügungen
künden. Nicht allzu peinigend, nicht allzu heftig, nicht
à la E. T. A. Hoffmann, Poc oder Andrejew, was das
Zerren an den Nervensträngen anbetrifft. Aber mit
##and virtrel bat fla #. chid
—
—
romantische Weise eingefühlt . . . (Einer, der eben
spielend alles bewältigt.
Dann erinnert man sich der ersten der Erzählungen,
die für den Autor bezeichnender ist. Sie handelt von
des Freiherrn von Leisenbohg Glück und Ende. Da war
sgraziöse Frivolität von gesunder, heller, plaudernder
Art; Humor — und Psychologie, die nicht eben auf das
Individuellste einging. Nicht jähes Aufschäumen des
Blutes, Sehnsucht und Enthusiasmus und wehmütiges
Verlangen, wie in den kleinen Skizzen der Jungen. Bos¬
haft, — was man so nennt. Humor und objektivierende
Ironie sind hier aufs engste verbunden. Lumpig ist diese
Sängerin, die ihre Liebhaber wie Handschuhe wechselt
und einem fürsorglichen, aber wohl nicht allzumännischen
Herrn, sich nur einmal hingibt, um den Fluch ihres ver¬
storbenen Galans auf ihn hinzulenken und dadurch von
ihrem neuen Verehrer abzuwehren; — abergläubisch, wie
solche Damen nicht selten sind. Nicht minder lumpig die
beiden hinschmelzenden Herren. Immerhin, — der Stoff;
ist nicht eben neu. Die miserablen Leutchen sind prächtig
gezeichnet, die Natur ist wieder einmal im Nachtkleide
belauscht. Die Sängerin Kläre Hell, une énigure, eine
saranounas uarypa von bekanntem Genre; Herr von
Leisenbohg, der zahlt und wartet, wartet und zahlt,
schließlich sein Ziel erreicht, um sich doch an der Nase ge¬
führt zu sehen, und darüber in der allerdrolligsten Weise
von der Welt stirbt; der kraftstrotzende nordische Sänger
Sigurd Oelse, der Nachfolger und lachende Erbe aller
der anderen Herren in der Gunst jener Dame, und nicht
zuletzt das kleine Wiener Mädel aus dem Volke, das sich
in sämtliche Liebhaber ihrer Protektorin regelmäßig,
kindisch und unglücklich verliebt.
Der Mann, der dieses Schicksal nun in Worte ge¬
kleidet, ist eben kein Schwerflüssiger und allerdings auch
kein Umstürzler, — klug, feinfühlig, elegant, skeptisch.
Ein Spaziergänger von hoher Kultur und feinstem Takt.
Letztere Eigenschaft soll insbesondere nicht unterschätzt
werden. Da ist etwa die zweite Novelle, die — wie schon
bemerkt — im Zeichen Ebgar Poes steht. „Weissagung“
heißt sie, und man ahnt, wie sehr die Probleme des Un¬
klaren und Ungelöster, der rätselhaften Mächte und
Kräfte, ein Dichterherz bannen können. Allerdings wohl
eher ursprüngliche Naturen, Dämmerseelen, Grübler, als
Könstler von hoher Kultur, die Schnitzler gleichen. Oder
ist hier eine Ergänzung zu seiner Weise zu suchen? Takt¬
voll und fein ist es jedenfalls, daß der Verfasser sich in
einem Nachwort lediglich als Herausgeber der Erzäh¬
lung in der Schickjulsdichter — und Geistersehermanier
gibt. Das steht ihm besser zu Gesicht.
Ergötzliche Reminiszenzen an Voltaires „Pucelle“.
ruft „Die Fremde“ wach. Es ist eine junge Dome, die
ihrem Gatten, einem modernen (ibsenisch geschulten)
k. k. Staatsbeamten auf und davon geht, nachdem ihr
rätselhaftes Wesen im Verlauf einer relativ kurzen Ehe
(vierzehn Tage dauerte das Glück) keine Befriedigung ge¬
funden hat. Die Dame geht fort, um sich in eine mystisch
lockende Statue Dietrichs von Bern zu verlieben, — was
sie keineswegs hindert, nach entsprechender Zeit, von
seinem durchreisenden Italiener aus Fleisch und Blut
ein Kind zu bekommen ... Fein! — Dien prit pitié du
Igenre humain, II le créa frivole et vain, pour ie
Trendre moins misérable
Eine Verkettung des Pikanten und Schicksalsmäßigen
waltet in dieser Novellensammlung. Unter der Wucht
einer unheimlichen Macht bricht der Mann zusammen.
Sein Geschick ist das Weib, oder das Weibchen vielmehr.
— Weiche der Unkraft ... Einmal ist das anders: im
„Neuen Lied“, wo Fräulein Maria Ladenbauer, genannt
die „weiße Amsel“, — teils Freiwild, teils Jägerin vor
dem Herrn — zur Strecke gebracht wird. Die virtuose
Verschmelzung der heterogenen Elemente zu einem
fatalistisch=Pikanten, ich möchte sagen frivol=Legendären
bildet den besonderen Reiz der meisten Novellen, die im
Zyklus „Dämmerseelen“ vereinigt sind. Edgar Allan
Poe und Claude Prosper Jolyot de Crébillon. Dazu:
Wiener Luft. Das ist es. —
Hamburg, im März.
Arthur Sakheim.</Unicode>
            </TextEquiv>
        </TextRegion>
    </Page>
</PcGts>
