3344 4352
299 263 521 330 aemm
1118 244 1559 353 box 35/7
127 262 954 363 3seelen
1469 696 2562 778 zerschellt gottsjämmerlich. So plumpsen wunderliche Narren
1468 764 2386 820 des Geschicks in Schnitzlers Novellen niederwärts.
1495 813 2559 860 Selten aber wird es so klar, wie die Mischlingliteratur,
1465 861 2561 914 die in den „Dämmerseelen“ das Wort führt, doch nicht an
1460 912 2564 965 humoristische Höhen reicht. Es ist der Liebe und Treue
1464 957 2556 1001 darin zuviel Falshheit beigemengt. Journalistisch=artistische
1465 999 2563 1056 Falschheit. Sie ergötzt sich nicht so sehr an den aben¬
1461 1050 2561 1097 teuerlichen, menschlichen Vorgängen selbst, als vielmehr
1460 1114 2559 1155 an ihrer äußersten Zuspitzung. Vor allem hört man so¬
1468 1149 2555 1201 zusagen den findigen, auch den teilnahmsvollen Räsoneur,
1466 1206 2549 1247 und weniger den aufrechten Dichterphantasten; den Rä¬
1464 1238 2549 1288 soneur, der mitunter wohl ein bißchen selbstgefällig seine
1466 1287 2552 1340 witzigen Künste, sein wienerisch schmunzelndes Behagen
1467 1340 2552 1397 spielen und flimmern und funkeln läßt. Wo Traum und
1468 1389 2554 1435 platie Niedrigkeit zusammenstoßen, da erschallt kaum das
1467 1429 2564 1484 breite, saftige Lachen des Humoristen, sondern weit eher
1466 1484 2560 1525 der ironisch=resignierende Ton des Plauderers, der selbst
1460 1517 2563 1587 das kraufeste und an sich finstere Erlebnis wie eine ge¬
1456 1577 2552 1618 schickt und raffiniert vorbereitete Anekdote vortragen kann.
1467 1622 2552 1664 Dieser Anekdote fehlt es dann sowohl an rechter Galle
1466 1673 2552 1735 als an überquellender Lustbarkeit; und es ist gleichgültig,
1464 1721 2545 1766 ob es sich um den wienerischen Toggenburger, den Frei¬
1458 1780 2559 1829 herrn v. Leisenbohg handelt oder um den bedauernswerten
1465 1814 2552 1871 Spießbürger der Vorstadt, den Herrn Andreas Thameyer.
1486 1861 2550 1928 In Geduld und Züchten hat Freiherr v. Leisenbohg, der
812 1880 921 1937 690
1467 1914 2546 1961 Gläubige, einer Wiener Komödiantin gedient. Jahr um
1113 1886 1389 2029 22 2
1467 1965 2551 2018 Jahr hat er ausgeharrt, immer demütig, indes sie ihre
1463 2007 2546 2059 Liebhaber nach der jeweiligen Saison wechselte. Endlich
425 2015 1312 2082 Artur Schnitzler: „Dämmerseelen“
1457 2055 2547 2118 wird er erhört. Aber nicht als Geliebter. Ein schwedischer
322 2091 1431 2158 Von Seltsamkeiten erzählt der jüngste Novellenband
1452 2102 2546 2159 Tenorsänger soll der „Zukünftige“ werden. Nur hat der
335 2142 1419 2193 Artur Schnitzlers. (S. Fischer=Berlin, 1907.) Sie würden
1459 2148 2547 2194 Vorige, ein Fürst, der Komödiantin abergläubisches
330 2191 1431 2252 befremden, ja verblüffen, vernähme man nicht hinter ihnen
1460 2196 2555 2252 Grauen eingejagt. Wen sie nach seinem Tod zuerst um¬
338 2234 1419 2299 ein ironisches, verstohlenes Kichern. Das klingt halb nach
1458 2256 2547 2305 armt, der schwinde dahin; und der Freiherr war ihr
337 2284 1426 2342 Schadenfreude und halb nach wehmütiger Betrachtung der
1467 2292 2550 2349 „Probekandidat“; und wirtlich bricht er zusammen, als er
324 2332 1421 2393 irdischen Dinge. Was ist unsere hochgerichtete romantische
1468 2341 2148 2408 erfährt, welches Spiel sie getrieben.
330 2379 1433 2444 Sehnsucht? Sie klammert sich in ihrer Not an die
1508 2382 2545 2438 Von männlicher Tölpelei und Fraueninfamie ist in dem
330 2430 1429 2496 windigsten Vorstellungen. Sie möchte, wie weiland
1461 2442 2552 2490 Novellenband noch mancherlei zu lesen, bis zu den
323 2486 1430 2550 Münchhausen, an Bohnenranken in die Lüfte klettern und
1467 2483 2546 2537 Dämmerzuständen des biederen Thameyer, dem seine
1477 2547 2573 2649 Frau ein schwarzes Knäblein schenkt. Er studiert wie
1471 2631 2559 2684 sein Don Quichotte in Hambergs „Wundern der Natur“
1475 2679 2553 2736 und in des alten Limböck Chronik „Über das Versehen der
1476 2719 2563 2793 Schwangeren“ Er freut sich wie ein Kind, daß ähnliche
1477 2783 2566 2831 Spiele schon dagewesen seien; während Frau Thameyer
1480 2821 2575 2885 in nüchterner Wahrheit sich im Tiergarten mit dem Mit¬
1481 2872 2099 2937 glied einer Niggerbande versah.
1504 2923 2561 2972 Wie exaltierte Einbildungen den Menschen niederwürgen
1476 2972 2560 3038 können, davon spricht Schnitzler am lebhaftesten in der
1472 3018 2557 3091 Novelle „Wei sagung" Ein beleidigter polnischer Jude
1477 3061 2560 3116 und Taschenspieler hat sich an angetrunkenen Offizieren in
1481 3114 2561 3170 einer galizischen Garnisonstadt bitter=listig gerächt. Vor
1479 3163 2571 3220 den überhitzten jungen Leuten läßt er in phantastischen
1475 3208 2570 3264 Spiegelbildern die Zukunft erscheinen. Einen nervösen
1475 3246 2567 3312 Leutnant bewegt die Prophezeiung besonders lebhaft. Er
1480 3312 2571 3366 wird noch zehn Jahre altern, dann bringt man seine rot¬
1491 3356 2568 3409 haarige Frau auf einer Bahre herbei, und er bricht an
1480 3398 2565 3457 derselben Stelle zusammen. Der Leutnant heiratet her¬
1482 3443 2568 3491 nach eine dunkelhaarige Frau, er weicht allem aus, was
1483 3488 2563 3545 der Taschenspieler verkündet hatte. Aber nach zehn Jahren
1479 3551 2570 3612 spielt er bei Bozen in einem Freiluftheater mit, und seine
1486 3582 2566 3668 Frau tritt, wie es die Situation in der Dichtung gebietet,
1487 3644 2571 3695 genau in der Stellung und in der roten Perücke auf, wie
1486 3695 2571 3757 er sie vor Jahren schon sah. Es überwältigte ihn, und der
1485 3734 2017 3793 Schrecken hatte ihn getötet.
1518 3773 2580 3834 Fatum! Über solchen Drähten tanzt unser Marionetten¬
1480 3834 2580 3896 dasein. Eine Lieblingsidee Schnitzlers, der er sich auf
1475 3881 2574 3936 sdem Theater und in der Novelle beharrlich und einseitig
2281 3926 2563 3981 L. Schönhoff.
1468 3930 1778 4019 genug hingibt.
