3392 4384
149 232 1596 330 3. Daemnerseelen box 35/7
2475 622 2865 709 Telephon 12801.
1977 707 2205 773 EN ARTTRRURA
1803 787 2857 897 Minnen Trerekerresnnder
1726 882 2873 946 □ I. österr. behördl. konz. Unternehmen für Zeitungs-Ausschnitte
1745 938 1808 983 60
1899 937 2772 1026 Wien, I., Concordiaplatz 4.
1714 1015 1828 1071 5
2114 1018 2553 1081 Vertretungen
1794 1061 2860 1124 in Berlin, Budapest, Chicago, Christiania, Genf, Kopen¬
1714 1114 2873 1167 hagen, London, Madrid, Mailand, Minneapolis, New-Vork,
1828 1143 2850 1220 Paris, Rom, San Francisco, Stockholm, St. Petersburg.
2142 1191 2538 1248 (Quellenangabe ohne Gewähr.)
1729 1169 1810 1247 90
1751 1235 2209 1324 Ausschnitt aus
2185 1273 2975 1430 AERLINER TAGRLATT
1725 1350 2279 1453 E vom:  2 1007—
1877 1438 2665 1527 Schnitzler als Mystiker.
1648 1513 2893 1578 Arthun Scmuilzles.-Dammerseelen. Novellen. S. Fischer
1665 1563 1971 1639 Verlag, Beritu.
1750 1579 2896 1660 Ein seltsames Buch, ganz aus der Stimmung geboren, die den
1690 1642 2898 1702 Wiener Dichter auch in seinen letzten Dramen vom Gegenständ¬
1683 1672 2901 1750 lichen zum Uebersinnlichen treibt. Die nicht den klaren, hellen Tag
1691 1735 2897 1777 liebt, sondern sich grüblerisch hinter die dunklen Vorhänge
1692 1768 2893 1818 mystischer Reflexionen zurückzieht und dort geheimnisvollen Rätseln
1694 1813 2900 1870 nachsinnt. en solchen Rätseln gehen die passiven Helden dieses
1683 1854 2900 1915 Novellenzyklus zugrunde. Irgendein Unnennbares, aus der
1693 1890 2892 1952 schwarzen Tiefe des Geheimnisvollen Stammendes, dringt jah auf
1696 1938 2894 1999 sie ein, packt sie und wirft sie um so sicherer von der Lebensbühne,
1696 1980 2902 2038 weil sie alle — Duldernaturen, keine Kraftmenschen — sich dem
1696 2019 2905 2086 zerpressenden Druck des finsteren Geschickes nicht zu entziehen ver¬
1695 2050 2900 2117 mögen. Schnitzler variiert hier in einer leise tastenden Diktion
1698 2097 2907 2180 und einer kühl=nervösen Ausdrucksform, die an Jakob Wasser¬
1688 2143 2907 2214 manns letzte, gespenstische Novelleuphantasten mahnt, im Grunde
1701 2196 2912 2249 gewiß nur sein altes Lieblingsmotiv, das die Zusammen¬
1706 2227 2906 2286 hänge zwischen Tod und Leben deutlicher aufhellen möchte. Aber
1703 2272 2902 2328 seine Schilderungswege begleiten hier nicht die Hinterbliebenen über
1702 2309 2912 2380 ihre durch das Ableben eines teuren Menschen verwirrten ferneren.
1698 2352 2903 2411 Lebensschritte. Der Sterbende selbst ist das Objekt, dessen letzte
1699 2395 2913 2450 Schicksale die Hand dieses versonnenen Seelenarztes jetzt seziert.
1694 2432 2913 2526 Dessen Daseinsschluß er nicht als spontanes, aber wohlbegreifliches
1710 2483 2912 2551 Ereignis betrachtet wissen möchte, sondern als letztes Glied an einer
1709 2524 2905 2595 umfangreichen, von geheimnisvollen Mächten geschmiedeten Kette.
1715 2562 2908 2625 Es ist sonderbar, daß gerade dieser Mediziner — Arthur Schnitzler
1703 2601 2901 2671 kommt ja aus diesem so fleptischen Berufe — der modischen Auf¬
1703 2647 2901 2704 faffung von der Absurdität des Todes, der Auffassung, die zum
1700 2690 2913 2752 Tode wie zum Tanze schreiten läßt, nicht geneigt ist. Daß er
1702 2729 2901 2823 vielmehr den Todesgeist mit Ehrfurcht als etwas Ueberlebens¬
1711 2774 2706 2845 großes, Gewaltiges grüßt, wie die Alten es taten. ...
1763 2803 2907 2886 Dieses Bild des Nicht=Ausweichenkönnens — man sieht es beim
1696 2873 2910 2948 „Lesen förmlich fixiert vor sich, wie eine schwarz gekleidete, ernste
1695 2907 2908 2984 Westalt mit blassen Zügen einem Menschen still nachschreitet,
1707 2949 2908 3015 unentwegt und ohne von feiner Spur zu weichen: dieses
1711 2991 2916 3061 Bild w#rd in der Novelle „Die Weissagung“ am deutlichsten
1707 3039 2920 3103 gegeben. Ein junger Leutnant hat da in einem jüdischen
1716 3072 2913 3146 Chiroman. in den Verkünder seines Schicksals erlebt. Besser den
1711 3113 2919 3184 Verkünder einer Szene seines Schicksals. Der Jude hat vorher
1712 3156 2922 3223 mit seinen ystischen Manövern, die sichtlich mehr sind als
1720 3201 2919 3268 Akfanzereien,s ganze Offizierskasino rebellisch gemacht. Dann
1710 3243 2927 3308 steht er mit dim kleinen Offizier im schwarzen Kasernenhof:
1709 3277 2920 3336 und in der Abendluft prägt sich vor den Augen des Jünglings ein
1714 3324 2929 3384 Bild aus, das ein Motiv seiner Zukunft darstellt. Der junge
1706 3364 2931 3452 Aristokrat will die, m Endpunkt seines Lebens aus dem Wege
1719 3410 2918 3490 gehen. Aber sein Mül'en ist zwecklos. Und man folgt mit erregten
1713 3459 2917 3525 Sinnen, die gern das Abstrakte, Irreale leugnen möchten und sich
1718 3491 2927 3561 doch dieser starken Schil# rungskunst ergeben müssen, den eifervollen
1715 3544 2930 3603 Bestrebungen des Erze lungshelden, sein Schicksal selbst zu
1722 3585 2926 3644 machen: den Griffen, miß welchen ihn die Norne immer wieder
1720 3605 2928 3687 auf die Linie der vorgeschriebenen Bahn zurückreißt, zu entrinnen.
1721 3662 2907 3724 Bis er — inmitten einer leichten, gesellschaftlichen Veranstaltung —
1716 3702 2927 3774 da endet, wo er sich einst, unter dem Einflusse jenes Zauberers,
1730 3742 2926 3816 enden sah. In jener Situation, die ihm die Zeremonie des Zauberers
1724 3809 1924 3875 zeigte
1777 3812 2928 3905 Die Wirkungen solcher naturgemäß mehr artistischen als un¬
1725 3900 2925 3939 mittelbar künstlerischen Erzählungsversuche steigert Schnitzler
1729 3912 2926 3992 gern, indem er der tragisch=transzendentalen Pointe einen grotesken
1732 3960 2940 4027 Ausklang anheftet, der aber die Wucht dieser fatalistischen Welt¬
1731 3993 2930 4070 anschauung niemals schmälert, sie im Gegenteil noch gransamer,
1722 4046 2927 4114 brutaler, entsetzlicher erscheinen läßt. Da zeigt die kleine Episode
1725 4089 2934 4159 „Die Frembe“ einen armen Burschen, der sein geistiges, feelisches
1731 4126 2932 4189 und materielles Ich der Neigung zu einer halbirren, schönen Frau
