3392 4384
139 261 981 359 3. Daehnerseelen
1131 244 1569 340 box 35/7
1897 87 2871 181 tellen de 15. nnet     ee peen chenge
1897 155 2943 228 zumal, der vor 150 Jahren von den Verirrungen des
1910 177 2952 275 Herzens und des Geistes und von seltsamen Sofas sprach
1906 237 2958 308 und dessen Namen leider kein Heldenbuch nennt. Vor
1901 272 2953 348 diesem Crébillon, dem ich übrigens nur nachsagen kann,
1901 318 2952 396 daß er ein ganz außergewöhnlicher Menschen= und ins¬
1903 359 2952 441 besondere Frauenkenner war und daß ohne ihn Herr
1904 410 2956 477 Schnitzler gewissermaßen nicht existieren würde, hat
1917 447 2966 525 unser Dichter eins voraus: Gemüt. Auch er erzählt
1913 497 2967 573 etwa in derselben ansprechenden, graziösen, reifen Weise,
1914 540 2967 605 auch etwas unlprisch, ein wenig trocken. Aber Wiener
1918 571 2973 653 Blut pulsiert hier, Wiener Duft liegt auf diesen Seiten.
1915 613 2977 684 Sicher ist Schnitzler der markanteste und zugleich für
1914 658 2982 731 die Leute draußen im Reich und überall bedeutsamste,
1920 709 2968 784 der universalste Wiener Schriftsteller. Hugo von Hof¬
1918 747 2973 818 mannsthal und Peter Altenberg sind zu „literarisch“
1925 808 2982 876 zu wenig elastisch, um mit ihm rivalisieren zu können.
1927 833 2983 910 Hier aber ist vornehme Kunst für ein größeres Publi¬
1932 878 2978 953 kum. Ich glaube nicht, daß Wien auf die Dauer
1935 919 2981 1001 in puncto Litere ur und Theater hinter Berlin zurück¬
1933 966 2978 1049 stehen wird; doch chließlich sind vorläufig Schnitzler,
1931 1006 2990 1087 Hofmannsthal. Altenberg die einzigen in Betracht
1928 1053 2991 1135 Kommenden. Obwohl Wien mehr Stil, mehr Kultur
1930 1117 2332 1178 und Urbanität hat .
1982 1131 2977 1219 Dieser gute und glücklicherweise viel gelesene Schrift¬
1944 1186 2978 1264 steller, voll Geist, Heiterkeit und nicht ohne tiefere Be¬
1935 1232 2986 1308 deutung, hat kürzlich eine neue Novellensammlung ver¬
1949 1267 2989 1350 öffentlicht. Drei Novellen, die mit großer Meisterschaft
1941 1316 2997 1418 gearbeitet sind, zwei von noch immer zureichender Güte.
1941 1362 2986 1437 „Dämmerseelen“ sagt Arthur Schnitzler. Der
1949 1402 2985 1476 Verlag S. Fischer gibt an, dies wären Variationen über
1949 1441 2993 1522 Themen aus Edgar Poes Gedankenwelt. Man dankt
1943 1477 3003 1568 für den Hinweis und meint: immerhin nur eine Er¬
1940 1529 3004 1622 zählung ist damit sehr treffend „eingeschachtelt". Unter
1951 1561 3001 1656 die schwarzen Märchen, die von wundersamen Fügungen
1946 1618 3010 1697 künden. Nicht allzu peinigend, nicht allzu heftig, nicht
1951 1672 2993 1731 à la E. T. A. Hoffmann, Poe oder Andrejew, was das
1952 1688 3001 1783 Zerren an den Nervensträngen anbetrifft. Aber mit
1961 1750 2882 1811 #An.nd virttes bol fla. #. a#...
2715 1779 2760 1819 —
1950 1806 2993 1881 romantische Weise eingefühlt . .. (Einer, der eben
1951 1854 2467 1919 spielend alles bewältigt ..
1997 1902 2996 1968 Dann erinnert man sich der ersten der Erzählungen,
1950 1947 2991 2008 die für den Autor bezeichnender ist. Sie handelt von
1942 1998 3001 2049 des Freiherrn von Leisenbohg Glück und Ende. Da war
1933 2043 2997 2108 graziöse Frivolität von gesunder, heller, plaudernder
1949 2064 2994 2147 Art; Humor — und Psychologie, die nicht eben auf das
1945 2117 2989 2170 Individuellste einging. Nicht jähes Aufschäumen des
1944 2151 3003 2239 Blutes, Sehnsucht und Enthusiasmus und wehmütiges
1939 2212 3000 2256 Verlangen, wie in den kleinen Skizzen der Jungen. Bos¬
1943 2250 2998 2317 haft, — was man so nennt. Humor und objektivierende
1945 2299 2998 2359 Ironie sind hier aufs engste verbunden. Lumpig ist diese
1948 2345 2999 2401 Sängerin, die ihre Liebhaber wie Handschuhe wechselt
1948 2387 3002 2455 und einem fürsorglichen, aber wohl nicht allzumännischen
1936 2433 3001 2489 Herrn, sich nur einmal hingibt, um den Flich ihres ver¬
1947 2477 3006 2531 storbenen Galans auf ihn hinzulenken und dadurch von
1942 2520 2997 2572 ihrem neuen Verehrer abzuwehren; — abergläubisch, wie
1953 2558 2985 2604 solche Damen nicht selten sind. Nicht minder lumpig die
1940 2593 2999 2679 beiden hinschmelzenden Herren. Immerhin, — der Stoff
1947 2648 2989 2712 ist nicht eben neu. Die miserablen Leutchen sind prächtig
1935 2686 2994 2743 gezeichnet, die Natur ist wieder einmal im Nachtkleide
1938 2740 2999 2786 belauscht. Die Sängerin Kläre Hell, une énigure, eine
1942 2781 3024 2827 saragonnas narypa von bekanntem Genre; Her von
1940 2821 2995 2874 Leisenbohg, der zahlt und wartet, wartet und zahlt,
1937 2859 2994 2926 schließlich sein Ziel erreicht, um sich doch an der Nise ge¬
1947 2901 2986 2969 führt zu sehen, und darüber in der allerdrolligsten eise
1939 2956 2987 3016 von der Welt stirbt; der kraftstrotzende nordische Sänger
1938 3011 2990 3055 Sigurd Oelse, der Nachfolger und lachende Erbe aller
1942 3047 2994 3085 der anderen Herren in der Gunst jener Dame, und nicht
1944 3088 2990 3149 zuletzt das kleine Wiener Mädel aus dem Volke, das sich
1947 3134 2994 3202 in sämtliche Liebhaber ihrer Protektorin regelmäßig,
1940 3176 2637 3238 kindisch und unglücklich verliebt ....
1992 3224 2979 3279 Der Mann, der dieses Schicksal nun in Worte ge¬
1937 3255 2980 3321 kleidet, ist eben kein Schwerflüssiger und allerdings auch
1940 3306 2987 3353 kein Umstürzler, — klug, feinfühlig, elegant, skeptisch.
1944 3352 2997 3410 Ein Spaziergänger von hoher Kultur und feinstem Takt.
1932 3392 2983 3460 Letztere Eigenschaft soll insbesondere nicht unterschätzt
1943 3442 2996 3499 werden. Da ist etwa die zweite Novelle, die — wie schon
1939 3478 2986 3538 bemerkt — im Zeichen Edgar Poes steht. „Weissagung“
1934 3529 2999 3579 heißt sie, und man ahnt, wie sehr die Probleme des Un¬
1935 3574 2985 3620 klaren und Ungelösten, der rätselhaften Mächte und
1940 3618 2986 3673 Kräfte, ein Dichterherz bannen können. Allerdings wohl
1934 3663 2985 3706 eher ursprüngliche Naturen, Dämmerseelen, Grübler, als
1944 3702 2984 3747 Künstler von hoher Kultur, die Schnitzler gleichen. Oder
1928 3746 2983 3789 ist hier eine Ergänzung zu seiner Weise zu suchen? Takt¬
1929 3791 2985 3849 voll und fein ist es jedenfalls, daß der Verfasser sich in
1924 3837 2984 3885 einem Nachwort lediglich als Herausgeber der Erzäh¬
1921 3876 2977 3933 lung in der Schicksalsdichter — und Geistersehermanier
1936 3919 2656 3980 gibt. Das steht ihm besser zu Gesicht.
1979 3960 2980 4010 Ergötzliche Reminiszenzen an Voltaires „Pucelle“
1939 4012 2979 4055 ruft „Die Fremde“ wach. Es ist eine junge Dame, die
1928 4044 2984 4118 ihrem Gatten, einem modernen (ibsenisch geschulten)
1925 4100 2982 4165 k. k. Staatsbeamten auf und davon geht, nachdem ihr
1929 4137 3013 4189 rätselhußtes Wesen im Verlauf einer relativ kurzen Ehe #¬
