3392 4384
623 85 2109 159 sene
1722 107 2800 191 liches Grauen empfand, auf ihre spurtos berschloll
627 135 1415 201 riechen mit Behagen und Verständnis.
1727 152 2822 231 dene Schwester. Schließlich ging sie ohne ihre Schwe¬
666 161 1727 236 Da kommt eine schwere Erkrankung der Sängerin
1730 213 2070 293 ster nach Hause.
619 208 1713 263 dazwischen. Marie, die lange zwischen Tod und Leben
1767 214 2817 307 Soweit wäre alles ja ganz gut und harmlos ge¬
625 257 1710 323 schwebt, wird zwar gesund, aber ist infolge ihrer Krank¬
1716 265 2818 335 wesen, wenn Aennchen nicht nun nach vierjähriger
623 304 957 362 heit erblindet.
1723 306 2821 381 kinderloser Ehe auf Grund ihres einmaligen Besuches
666 322 1721 398 Wenn Karl nun ein Liebhaber, wie er in den
1731 345 2813 430 des Negerlagers ihrem überraschten Gatten das omi
617 367 1719 426 Marlittschen Romanen vorkommt, wäre, so hätte er
1734 396 2468 477 nöse Negerkindchen geboren hätte
620 402 1727 468 das unglückliche Mariechen durch verdoppelte Liebe
1766 409 2830 499 Wie schon gesagt, der brave Andreas Thameyer
620 448 1724 511 trösten müssen. Doch Karl ist kein solcher Liebhaber.
1729 483 2822 545 ließ sich durch dies merkwürdige Naturspiel keines¬
639 490 1724 544 Vielmehr ist ihm das körperliche Gebrechen seiner Ge¬
1738 498 2821 586 wegs an der ehelichen Treue seines Aennchens irre
626 528 1722 587 liebten so peinlich, daß er sich nicht entschließen kann,
1740 534 2837 618 machen. Aber die böse Welt, die ja bekanntlich dem
641 565 1729 624 sie aufzusuchen. Daher kommt ihm das Ersuchen seines
1734 578 2821 654 Wunderglauben wenig zugänglich ist, zischelte und
624 596 1734 680 Vaters, sich auf eine Geschäftsreise zu begeben, sehr
1727 609 2829 698 tuschelte sich sehr realistische Erklärungen über dies
622 659 828 711 gelegen.
1741 644 2829 734 angebliche Naturspiel in die Ohren. Selbst die eigene
675 670 1727 727 Da nun aber in dieser besten aller Welten nichts
1731 693 2828 775 Mutter Thameyers hatte ihrem Sohne, als sie die
635 711 1718 773 ewig währt, so muß naturgemäß auch eine Geschäfts¬
1741 716 2832 817 schwarze Bescherung in der Wiege liegen sah, verständ¬
629 750 1725 825 reise mal ein Ende haben. Als Karl von seiner
1732 774 2836 860 nisinnig und in stillem Mitleid die Hand gedrückt.
631 797 1722 864 Geschäftsreise zurückgekehrt ist, zieht es ihn doch mit
2640 812 2826 865 Neger¬
1769 817 2655 885 Der arme Thameyer, der die Geburt des
633 839 1731 908 magischer Gewalt in das Musikrestaurant, in dem das
1732 850 2830 936 kindes auf das sogenannte „Versehen der schwangeren
638 887 1728 930 nun erblindete Mariechen ihre Sangeskunst ausübt.
1742 889 2829 968 Frauen“ zurückführt, hat sich zur Stärkung des Glau¬
630 912 1737 975 Aber er bittet den Kapellmeister, der blinden Sän¬
1739 928 2831 1007 bens an seine Frau sehr intensiv mit der Fachliteratur
637 956 1587 1022 gerin nichts von seiner Anwesenheit zu sagen.
1745 987 2454 1052 über dies „Versehen“, beschäftigt.
678 974 1731 1042 Mariechen tritt auf, und singt das neue Lied, das
1787 1008 2844 1096 In seinem letzten Briefe teilt er zur Rechtfertigung
631 1031 1736 1087 der Kapellmeister extra für die Erblindete gedichtet
1733 1056 2833 1136 der ehelichen Treue seiner Frau mehrere Fälle solcher
636 1069 1199 1143 und in Musik gesetzt hat:
696 1094 1727 1173 „Wie wunderschön war es doch früher auf der
1743 1115 2350 1190 merkwürdiger Geburten mit.
635 1147 1744 1206 Welt, — Wo die Sonn' mir hat g'schienen auf Wald
1785 1142 2470 1235 Hören wir also und — staunen:
636 1185 1743 1244 und auf Feld, — Wo i Sonntag mit mein' Schatz
1823 1178 2841 1264 ... Die Geschichte, die mir am wichtigsten erscheint
651 1223 1739 1292 spaziert bin aufs Land — Und er hat mich aus Lieb'
1743 1214 2845 1302 und an der zu zweifeln kein vernünftiger Anlaß
1329 1262 1737 1337 Jetzt geh mir die
649 1271 1290 1341 nur geführt bei der Hand. —
1751 1264 2838 1349 vorliegt, wird von Heliodor in den „Libri aethiopi¬
647 1306 1735 1367 Sonn' nimmer auf und die Stern', — Und das Glück
1745 1302 2847 1381 corum“ berichtet. Diesem geschätzten Autor nach hat
640 1342 1731 1412 und die Liebe, die sind mir so fern! — O Gott, wie
1741 1339 2842 1425 die Königin Persina nach zehnjähriger kinderloser Ehe
643 1382 1747 1463 bitter ist mir das gescheh'n, — daß ich nimmer soll
1743 1372 2841 1454 ihrem Gatten, dem Aethioperkönig Hydaspes, eine
645 1429 1105 1494 den Frühling seh'n...
1740 1434 2834 1501 weiße Tochter geboren, die sie aus Angst vor dem
689 1447 1742 1524 Der seelenvolle, schwermütige Vortrag des Liedes
1753 1460 2849 1537 voraussichtlichen Zorn ihres Gemahls gleich nach der
642 1505 1740 1551 macht auf Karl einen großen Eindruck; aber trotzdem
1747 1489 2847 1573 Geburt aussetzen ließ. Doch gab sie ihr einen Gürtel
647 1544 1741 1611 kann er es nicht über sich gewinnen, mit dem blinden
1750 1539 2852 1616 mit, auf dem der wahre Grund des verhängnisvollen.
656 1584 1747 1639 Mädchen, in dessen klare Augen er früher so gern
1745 1577 2848 1637 Zufalls angegeben war: im Garten des königlichen
652 1618 1740 1676 seinen Blick versenkt hat, zusammenzutreffen. Doch
1751 1602 2853 1691 Palastes, wo die Königin die Umarmungen ihres
650 1653 1744 1721 Mariechen ist bereits durch die Schwatzhaftigkeit des
1756 1651 2847 1742 schwarzen Ehegemahls empfing, waren herrliche Mar¬
648 1706 1746 1761 Klowns der Gesellschaft von der Anwesenheit des
1751 1699 2841 1773 morstatnen griechischer Götter und Göttinnen aufge¬
650 1742 1743 1798 Geliebten benachrichtigt. So kann es denn Karl nicht
1751 1731 2848 1820 stellt gewesen, auf die Persina ihre entzückten Blicke
648 1782 1746 1837 mehr vermeiden, nach Schluß der Vorstellung mit der
1745 1786 2843 1849 gerichtet hatte. — Aber noch weiter geht die Macht
650 1816 1746 1887 Gesellschaft nach früherer gewohnter Weise ein paar
1748 1815 2843 1895 des Geistes, und nicht nur Abergläubische oder Un¬
645 1865 1281 1927 Stündchen zusammenzusitzen.
1758 1845 2846 1939 gebildete huldigen dieser Anschauung, wie die fol¬
686 1878 1746 1949 Mariechen erscheint, von ihrer Mutter geführt, an
1753 1891 2852 1967 gende Geschichte beweist, die sich im Jahre 1637 in
644 1934 1749 1993 dem Tisch, da Karl Platz genommen hat, und setzt sich
1753 1932 2852 2010 Frankreich zutrug. Dortselbst gebar ein Weib nach
1751 1966 2854 2057 vierjähriger Abwesenheit ihres Gatten einen Knaben
654 1987 904 2044 neben ihn.
701 1992 1754 2069 Doch geben wir bei der nun; folgenden psychologisch
1753 2010 2846 2092 und schwor, daß sie in der entsprechenden Zeit vorher
642 2052 1747 2131 interessanten Situation dem Dichter selber das Wort:
1759 2054 2849 2127 mit der vollkommendsten Lebhaftigkeit von der in¬
749 2099 1753 2154 ...Und nun, im Lärm und Trubel ringsum, war
1752 2079 2846 2163 brünstigen Umarmung ihres Gatten geträumt hatte.
655 2132 1752 2195 Marie ganz nah an Karl gerückt, gerade so wie manch¬
1750 2134 2843 2200 Die Aerzte und Wehefrauen von Montpellier er¬
651 2171 1747 2237 mal in früherer Zeit, so daß er die Wärme ihres
1752 2174 2855 2252 klärten eidlich die Tatsache für möglich, und der Ge¬
656 2200 1758 2272 Körpers spürte. Und plötzlich fühlte er gar, wie sie
653 2206 2844 2302 seine Hand berührte und streichelte, ohne daß sie ein richtshof von Havre sprach dem Kinde alle Rechte
653 2301 2341 2343 Wort dazu sprach. Nun hätte er so gern etwas zu der legitimen Geburt zu ...
1792 2283 2855 2359 Wie man sieht, hat der gute Andreas Thameyer
660 2327 1759 2391 ihr gesagt... irgend was Liebes, Tröstendes — aber
1751 2319 2851 2393 einen Glauben, um den ihn selbst das allerharm¬
660 2362 1748 2424 er konnte nicht... Er schaute sie von der Seite an,
1764 2362 2842 2439 loseste und einfältigste Kindergemüt beneiden kann.
651 2403 1755 2476 und wieder war ihm, als sähe ihn aus ihren Augen
1761 2408 2852 2476 Allerdings pflegt im allgemeinen „der Glaube selig
660 2442 1750 2505 etwas an; aber nicht ein Menschenblick, sondern etwas
1758 2439 2854 2520 zu machen“ den guten Andreas aber treibt sein
662 2475 1758 2553 Unheimliches, Fremdes, das er früher nicht gekannt
1757 2484 2853 2552 Glaube in den Tod: Nachdem er seine „wissenschaft¬
727 2519 1753 2582 und es erfaßte ihn ein Grauen, als wenn ein Ge¬
1753 2520 2860 2590 liche“ Rechtfertigung für den schwarzen Inzibent seines
665 2557 1750 2624 spenst neben ihm säße... Ihre Hand bebte und ent¬
1757 2556 2853 2631 Aennchens niedergeschrieben hat, schleicht er behutsam
668 2595 1750 2675 fernte sich sachte von der seinen, und sie sagte leise:
1766 2595 2860 2674 in das „keusche“ Schlafgemach seines Weibes, drückt
671 2637 1737 2705 „Warum hast Du denn Angst? Ich bin ja dieselbe.“
1757 2643 2855 2708 dem weißen Aennchen und dem kleinen schwarzen Un¬
664 2677 1755 2745 Er vermochte wieder nicht zu antworten und redete
1752 2680 2862 2756 getüm einen Kuß auf die Lippen, und geht, mit
655 2729 1232 2794 gleich mit den anderen...
1755 2736 2856 2798 dem Bewußtsein, eine gute und notwendige Tat zu
702 2747 1750 2810 Während Karl krampfhaft mit den anderen redet,
1758 2765 2703 2833 tun, für die Ehre seiner Frau in den Tod. —
667 2792 1761 2859 hat sich die Blinde, von niemandem bemerkt, still
1797 2790 2866 2869 Auch in dieser Novelle beweist sich Arthur Schnitz¬
664 2835 1763 2892 von dem Tisch entfernt. Erst nach längerer Zeit fällt
1767 2836 2861 2911 ler als einen Dichter, der es nicht nötig hat, seine
659 2875 1755 2936 der lärmenden und lustigen Gesellschaft die Abwesen¬
1772 2876 2866 2958 Zuflucht zu irgendeinem alltäglichen Stoff zu nehmen.
664 2924 1760 2965 heit Mariechens auf. Man eilt, um sie zu suchen.
1807 2916 2862 2992 Der Glaube des Mannes an seine Frau! — ein in¬
663 2957 1762 3019 Doch es ist bereits zu spät: Man findet sie auf dem
1767 2955 2859 3025 teressantes und für uns moderne Skeptiker aktuelles
669 3002 1537 3059 Hof mit zerschmettertem Schädel liegend. -
1756 3022 1952 3084 Thema.
710 3020 1754 3105 Was Schnitzler uns in dieser stimmungsvollen No¬
1810 3031 2861 3110 Ein geistig wenig hochstehender Mann — wie er in
658 3072 1767 3152 velle schildert, ist reich an feinsinniger psychologischer
1771 3071 2859 3144 Andreas Thameyer geschildert wird — nimmt beim
666 3127 975 3188 Beobachtung.
1766 3108 2867 3168 Zweifel an der ehelichen Treue seiner Frau seine
717 3137 1761 3218 Der in der Psychologie Unbewanderte wird zwar
1765 3156 2870 3227 Zuflucht zu dem Wunderglauben. Das ist durchaus
668 3197 1764 3255 sagen, daß der Dichter uns in Karl einen gefühl¬
1772 3201 2855 3266 nicht so absurd, wie es auf den ersten Blick scheinen
672 3225 1760 3288 losen jungen Mann, wie deren ungezählte in der
1772 3260 1901 3325 mag.
668 3272 1759 3327 Welt herumlaufen, vor Augen gestellt hat. Aber das
1814 3259 2866 3343 Ist doch auch jede Religion für den Durchschnitts¬
668 3306 1767 3369 gerade Gegenteil davon ist der Fall. Denn gerade
1772 3317 2870 3379 menschen im letzten und tiefsten Grunde nur darum
662 3341 1765 3407 der sensible Mann wird ein körperliches Gebrechen
1768 3350 2865 3415 das trostreiche Allheilmittel, weil die Religion mit
663 3384 1673 3454 an seiner Geliebten am peinlichsten empfinden.
1777 3385 2873 3467 ihren schönen Wundererzählungen das Unmögliche als
710 3404 1763 3482 Der sensible Mann idealisiert seine Geliebte; in
1761 3444 2303 3514 das Mögliche vorzaubert.
670 3468 1762 3525 seinen Augen ist die Geliebte stets das Ideal weib¬
1809 3466 2865 3530 Der geistig hochstehende Mensch freilich hat es schon
677 3503 1770 3558 licher Anmut; die Seele des Weibes spricht zu dem
1775 3508 2865 3573 längst erkannt, daß jeder Glaube auf einem realeren
673 3538 1770 3600 sensibeln Mann in der Schönheit der Körperformen
1770 3548 2860 3625 Grunde, als dem Wunderglauben basiert sein muß.
674 3587 1492 3649 und im Charme des Gesichtsausdrucks.
1816 3595 2861 3647 Was in sonderheit den Glauben des geistig hoch¬
723 3601 1766 3680 Noch neulich erörterte ich, ohne die Schnitzlersche
1774 3617 2871 3690 stehenden Mannes an seine Frau anlangt, so wird
679 3657 1765 3724 Novelle zu kennen. in meinem Innern das Pro¬
1762 3668 2863 3728 dieser Glaube sich nicht auf abstrakte Ideen von der
680 3692 1409 3768 blem, das Schnitzler hier aufrollt.
1770 3694 2874 3767 ehelichen Treue, sondern nur auf die zwischen Mann
717 3719 1770 3793 Ich saß in einer Gesellschaft neben einer jungen
1765 3744 2877 3807 und Weib bestehende körperliche und selische Harmonie#
677 3779 1765 3846 Künstlerin, deren wunderbar schöne Augen jedem sen¬
1774 3788 2875 3848 gründen dürfen. — Fehlt diese Harmonie, so sind alle
681 3809 1769 3877 sibeln Manne zum Verhängnis werden müssen. Wäh¬
664 3859 2848 3909 rend ich mit der jungen Dame eine sogenannte ge= Voraussetzungen für die eheliche Untreue gegeben. ##
1812 3857 2867 3937 Das mag hart klingen, aber wahr ist es docht
2658 3909 2848 3972 —1
2622 3942 2836 4012 ———
733 3919 1669 3998 *) S. Fischer, Verlag, Berlin, 1907 (132 S.).
651 3907 1678 4077 ir mnten easelgaher Wauesenit Grnib dr. K.
2382 4120 2520 4181 # Aeeene ue anhen. se
2814 4117 2970 4177 #n
