3344 4352
201 203 1351 246 ein modernisierter, der nervosen, schnellebigen Gegenwart
207 232 1394 289 mundgerecht gemachter Goethe, noch dazu einer, der bis vor.
200 272 1358 324 kurzem den Privatdozenten vorbehalten, der, wenn man lieber
198 317 1367 358 will, geistiges Reservat einer Edelmenschengemeinde gewesen
205 358 1380 413 ist: Goethe in seinen Briefen. Die Goethe=Briefe gehören
204 406 1372 459 also zu den gelesensten Büchern, und zwar in einer eigen¬
196 448 1377 505 arligen Edition, die Ernst Hariung im Langewiesche¬
199 487 1376 546 Brandischen Verlag veranstaltet hat. Zwei Bände sind es, der
202 545 1363 593 eine umfaßt die wertvollsten Briefe aus der ersten Hälfte; des
200 571 1356 620 Dichterlebens und ist nach Goethes Petschaft „Alles um Liebe“
192 605 1367 671 „betitelt, der andere nennt sich „Vom tätigen Leben“ und um.
198 658 1358 713 faßt die Periode von 1790 an. Die rein literarischen Be¬
205 707 1368 755 ziehungen und Werte treten hinter den menschlichen
596 750 713 802 ein
209 752 521 805 zurück, es
740 750 1038 805 Lebensroman
1047 751 1368 814 in Briefen,
206 784 1361 848 deren verbindender Text mit wohltuend keuscher Zuruck¬
209 843 1262 900 haltung geschrieben ist. Die schöne Arbeit, Goethe zu
204 887 1370 938 winnen, sagt der Herausgeber, muß ja schließlich jeder fü
204 919 1373 980 sich selbst leisten, indem er aus allen Aeußerungen diese
195 967 1359 1012 einzigen Lebens das gerade seiner Natur Gemäße zu nehmer
195 1016 1367 1069 anhaltend bemüht bleibt. Das hat gewiß seine schwerwiegend
204 1055 1368 1099 Richtigkeit; aber es schmälert keineswegs das Verdienst dei
208 1095 1364 1150 Helfers und Eidgenossen, das mit bereitwilliger Dankbarkei
201 1136 730 1185 anerkannt werden soll..
775 1139 1363 1189 Ein retrospektiver, beschauliche
198 1191 1356 1234 Zug gehr durch das deutsche Lesepublikum, ein Besinnen au
202 1217 1367 1262 das Erworbene und Zurückgelegte. Mustert man die Weih
209 1280 1362 1325 nachtskataloge der Verleger, so überrascht einen die groß
202 1320 1368 1364 Anzahl der Neudrucke und Neuauflagen älterer Autoren
211 1350 1376 1416 Eigentlich schneidet die Belletristik schlecht ab im Vergleich
209 1394 1366 1444 mit der Memoiren= und Briefliteratur. Von den Neuerschei
209 1446 1362 1494 nungen auf dem Gebiete des Romans und der Novelle haben
209 1483 1375 1536 nur wenige eingeschlagen, und sucht man in den Werken, die
213 1532 1379 1579 von berufenen Fachmännern genannt werden, nach einem
205 1563 1382 1609 gemeinsamen Zug, so glaubt man deutlich eine Abkehr von
213 1607 1370 1659 dem das Alltagsleben abschreibenden Realismus einerseits,
214 1653 1367 1710 vom einseitig Geistreichen, wohl auch Geistreichelnden an¬
214 1690 1382 1761 dererseits zu verspüren. Das Lesepublikum will wieder Hand¬
206 1733 1382 1795 lung, Geschehnisse, dramasische Steigerung der Vorgänge.
211 1774 1376 1831 Nicht nur auf der Bühne, auch im Roman. Unser treuer
214 1825 1389 1863 Gewährsmann Herr Ludwig Last, der in seiner großen Leih¬
217 1868 1367 1922 bibliothek alltäglich, jede Stunde, den Puls des Lesepublikums
208 1908 1370 1965 spürt, nennt uns zwei belletristische Werke als die gelesensten,
212 1956 1376 2009 meistbegehrten, meist ausgeliehenen Bücher der Saison. Wir
214 1991 1383 2044 verzeichnen diese mit einer gewiß entschuldbaren Befriedigung,
219 2039 1375 2090 hat doch unser Blatt beide Werke zuerst seinen Lesern ge¬
220 2076 1374 2136 boten: Paul Lindaus „Die blaue Laterne" und
208 2122 1377 2178 Scapinellis „Phäaken“. Lindau kommt in hohem
213 2168 1379 2219 Grade dem eben angedeuteten Bedürfnis des Lesepublikums
209 2210 1381 2260 nach Handlung, nach spannenden Vorgängen entgegen. Sieg¬
219 2251 1374 2302 reich hat er die Leserscharen von dem etwas sumpfigen Seiten¬
209 2298 1383 2352 pfad der aufregenden Sherlock Holmes=Literatur wieder empor¬
222 2341 1384 2393 geführt in gepflegtere und kultiviertere Gesilde. Scapinelli
217 2380 1379 2430 wiederum war der erste, der mit starker Hand den Wiener
223 2418 1392 2467 Roman der Gegenwart zu schreiben versuchte, kein lokalpatrio¬
227 2464 1385 2524 tisches Duliähgestanzel und kein Pamphlet, sondern das heutige
216 2511 1374 2564 Wien und seine psychologische Eigenart zu ergründen trachtete.
212 2562 1381 2617 Die junge Wiener Literatur ist ein wenig einsilbig, um nicht
210 2595 1389 2659 zu sagen, mundfaul. Nur zwei Autoren werden uns ge¬
219 2648 1382 2695 nannt, deren jüngste Schöpfungen im Vordertreffen stehen:
227 2683 1382 2762 ArthurS##m seinem nachdenklichen Novellen¬
216 2732 1387 2779 buch „Dämmerseelen“ und unser Freund Raoul Auern¬
206 2766 1374 2829 heimer, dessen „Aengstliche Dodo“ auch das reichsdeutsche
204 2814 1387 2866 Publikum neuerlich auf wienerischen Charme und Liebreiz
214 2850 1381 2920 aufmerksam gemacht hat. Blättern wir noch ein wenig weiter
220 2898 1376 2951 in den inhaltsreichen Aufzeichnungen des Herrn Last. Die
228 2949 1383 2996 Teilnehmer an dem Katholikentage mögen das Folgende gütigst
216 2979 1387 3031 entschuldigen. Es weht allen gegenteiligen Behauptungen
210 3033 1382 3098 zzum Trotz ein scharfer Wind des Zweifels durch die Welt,
211 3079 1380 3149 sund jene Werke, die das Ringen des Andersdenkenden gegen
203 3130 1384 3173 Dogmenzwang und Glaubensfesseln aufzeigen, sind starken
214 3151 1391 3201 Leserzuspruches sicher. Just aus dem frommen Land Tirol
210 3198 1382 3247 kommt so ein Kulturkämpfer, Rudolf Greinz, dessen Bauern¬
223 3240 1378 3291 roman „Das stille Nest“ viel begehrt wird. Eine weitere
222 3283 1382 3337 bunte Reihe: Gabriele Reuter „Die Amerikanerin“
222 3326 1393 3383 Herzog „Der Abenteurer“, Pontoppidan „Hans im
224 3369 1391 3435 Glück“ und ein neuer Däne Johannes B. Jensen, der
228 3411 1383 3480 gleich mit einem Roman „Madame d'Ora“ und zwei Novellen¬
227 3454 1386 3522 sammlungen „Die Welt ist tief" und „Hinterlandsgeschichten“
222 3515 1383 3559 auf einmal auf dem Plan erscheint. Allzureichlich ist, wie
220 3527 1395 3603 man sieht, die Ausbeute keineswegs. Wir verzeichnen heuer
227 3578 1388 3640 keinen neuen Mann, der gleich Lord Byron von sich sagen
228 3634 1384 3688 könnte, er sei eines schönen Morgens erwacht und berühmt
223 3649 1398 3747 gewesen, auch kein neues Buch, das, wie etwa vor einigen
229 3720 1391 3771 Jahren „Jena oder Sedan“ oder in einer anderen Saison die
224 3760 1378 3813 „Briese, die ihn nicht erreichten“, alle Mi bewerber um die
233 3794 1370 3855 Gunst des Publikums weit hinter sich ließe. So weit es
231 3854 1390 3902 auf die Leser ankommt, hält, das sei nochmals wiederholt,
232 3891 1382 3941 die literarische Hochkonjunktur an; aber die Nachfrage über¬
766 3922 1391 3985 — Lesenswertem: Die Theater¬
232 3928 744 3999 steigt das Angebot an
229 3967 1394 4031 direktoren, die über die Sterilität der modernen Bähnen¬
227 4008 1399 4074 autoren klagen, stehen in ihrer Verzweislung wahrlichs nicht¬
1220 4064 1354 4114 St—g.
226 4069 379 4131 allein.
326 4109 678 4169 10 „ I. v.
2479 492 2879 577 Telephon 12801.
1752 671 1817 737 8
1756 663 2878 774 P ammeteirrerresnnnng
1745 771 2879 810 O l. österr. behördl. konz. Unternehmen für Zeitungs-Ausschnitte
1898 819 2773 892 Wien, I., Concordiaplatz 4.
1738 875 1832 938 2
2120 895 2551 951 Vertretungen
1748 950 2872 1016 9 in Berlin, Budapest, Chicago, Christiania, Genf, Kopen¬
1727 973 2881 1035 hagen, London, Madrid, Mailand, Minneapolis, New-Vork,
1843 1018 2860 1072 Paris, Rom, San Francisco, Stockholm, St. Petersburg.
2156 1064 2534 1111 Muelienangabe ohre Geuahr.
1795 1109 2217 1181 Ausschnitt aus:
1735 1220 1957 1280 E vom:
2121 1212 2899 1321 ##
1857 1334 2730 1406 „(Die Bücher der Saison.] Die „Neue freie
1771 1372 2729 1449 Presse“ hat in Wiener Bibliotheken nach den meist
1778 1440 2739 1489 gelesenen Büchern der Saison gefragt. Dabei
1785 1477 2739 1530 hat sich herausgestellt, daß Goethe zurzeit am häu¬
1793 1515 2735 1573 figsten begehrt wird, und das ist kein schlechtes Zeug¬
1792 1559 2727 1606 nis für den Geschmack eines großstädtischen Lese¬
1793 1596 2728 1649 publikums. Und zwar ist es Goethe in seinen
1776 1649 2731 1704 [Briefen, in der eigenartigen Ausgabe, die Ernst
1779 1679 2727 1730 [Hartung im Langewiesche=Brandtschen Verlag
1775 1722 2739 1775 veranstaltet hat. Gleich hinter Goethe steht in der
1776 1766 2733 1821 Gunst der Wiener Leser Paul Lindau mit
1774 1799 2734 1845 seinem Roman „Die blaue Laterne“; ihm schließt
1771 1838 2735 1900 sich enge der Münchener Schriftsteller
1769 1877 2735 1932 [Carl Conte Scapinelli an, der den Wienern
1775 1921 2735 1976 mit seinen „Phäaken“ ihren Sensationsroman
1777 1958 2731 2013 geschrieben hat. Arthur Schnitzler und
2544 1998 2748 2064 aber
1766 2000 2409 2063 [Raoul=Auernheimer sit
1763 2042 2393 2120 dazwischen liegt eine tiefe Kluft.
2016 2066 2680 2138 e
2598 2400 2992 2499 Telephon 12801.
1844 2512 2293 2690 M
2330 2580 2772 2686 B
1844 2671 2991 2723 O l. österr. behördl. konz. Unternehmen für Zeitungs-Ausschuitte
2001 2724 2891 2822 Wien, I., Concordiaplatz 4.
1841 2798 1938 2847 2
2237 2811 2668 2866 Vertretungen
1872 2848 2968 2930 9 in Berlin, Budapest, Chicago, Christiania, Genf, Kopen¬
1836 2900 2985 2955 hagen, London, Madrid, Mailand, Minneapolis, New-Vork,
1937 2941 2951 2990 Paris, Rom, San Francisco, Stockholm, St. Petersburg.
2253 2977 2643 3032 (Quellenangabe ohne Gewähr.)
1890 3026 2327 3099 Ausschnitt aus:
2393 3001 2980 3110 Linzer Tagespost
1835 3024 1887 3100 *
1834 3093 1895 3142 350
2130 3076 2401 3163 130121907
1830 3136 2069 3191 E vom:
1945 3154 3022 3235 Von den beiden Novellenbüchern ist das eine von
1831 3233 3015 3285 Artur Schnitzler, das andere von Hugo Salus. Der
2090 3263 3013 3323 lerschen Buches „Dämmerseelen“
1842 3268 2015 3328 Titel
1837 3307 3014 3356 (bei S. Fischer, Berlin) ließ vermuten, der Dichter be¬
1841 3348 3020 3407 schenke uns wieder mit einem Bande jener psychologisch
1843 3401 3011 3448 tiefen und hellseherischen Novellen, die uns ihn so überaus
1846 3441 3011 3488 wert machen. Er spielt aber, leise spottend, mit Ideen aus
1835 3474 3021 3535 der Gedankenwelt des amerikanischen Dichters Edgar Poe,
1835 3522 3013 3565 dem Phantasten, der die menschlichen Schicksale von einer
1833 3565 3014 3629 dämonischen Macht geleitet wissen will. Von den fünf No¬
1839 3606 3022 3655 vellen packt besonders die erste, während die letzte trotz ihrer
1850 3651 3018 3717 rührenden Tragik am meisten den Schalk erkennen läßi,
1832 3708 2506 3777 der aus dem aanzen Buche lacht.
