3344 4256
191 173 1036 284 3. Daemnerseelen
1176 169 1639 269 box 35/7
983 871 2669 925 490  Carl Busse: Neues vom Büchertisch. 84
1047 953 2667 1005 Das neue Novellenbuch von Arthur Da sperrt Leisenbohg den Mund auf,
989 986 2668 1034 Schnitzler erinnert ein wenig an Jakob starrt den Mann vor sich an, begreift, daß
998 1028 2659 1076 Wassermanns jüngstes Opus „Die Schwe= Kläre ihn dies eine Mal nur erhört hat, um
994 1070 1835 1110 stern“ das ja schließlich mit demselben Recht
1834 1073 2665 1117 den Fluch des Toten auf ihn abzulenken, und
997 1120 2664 1163 auch „Dämmerseelen“ heißen könnte. Nach stürzt lautlos wie eine Gliederpuppe zusam¬
990 1152 1823 1202 all dem peinlichen Realismus scheint es
1836 1149 2675 1202 men. Der Schluß, wo der nun beruhigte
999 1183 1830 1227 Mode zu werden, geheimnisvolle Mächte
1836 1184 2662 1240 Sänger seine Stimme probt, ist fast ver¬
1003 1221 1821 1269 und romantische Begebenheiten zu beschwö¬
1835 1217 2693 1281 letzend, das Ganze ein kaltes Spiel — aber
1008 1264 1818 1310 ren. Aber man muß selbst etwas von einer
1835 1262 2574 1303 das Spiel eines glänzenden Virtnosen.
1001 1306 1830 1357 Dämmerseele in sich haben, um Dämmer¬
997 1334 1832 1390 seelen ausschöpfen zu können. Das hat
994 1370 1841 1428 Wassermann, aber das hat nicht Schnitzler.
1002 1417 1841 1471 Bei jenem ahnt man und schauert, bei diesem
997 1460 1838 1508 lächelt man oder schüttelt den Kopf. Er ist
1000 1493 1847 1553 zu kalt, klar, klug, als daß jemals das My¬
1007 1531 1842 1590 steriöse bei ihm aufkommen und uns ergreifen
998 1577 1835 1624 könnte. Den besten Beweis dafür liefert die
990 1606 1837 1660 zweite Novelle „Die Weissagung". Es wird
1001 1653 1834 1703 darin eine unerklärliche und rätselhafte Be¬
991 1691 1841 1745 gebenheit erzählt, die natürlich eine starke
994 1731 1841 1772 Spannung auslöst. Die in Amerika äußerst
998 1766 1839 1832 beliebten spiritistischen Geschichten schlagen
1003 1810 1829 1853 in eine ähnliche Kerbe. Aber da wir eine
993 1855 1836 1896 natürliche Erklärung für die vorgetragenen
1000 1887 1830 1927 Seltsamkeiten nicht finden, und Schnitzler
1001 1919 1844 1982 auch selber nicht gläubig und Poct genug
993 1960 1838 2016 ist, um geheime Schauer und Ahnungen aus
998 2000 1838 2058 dem Unerklärlichen emporsteigen zu lassen,
1006 2039 1834 2093 so bleibt uns am Ende nur das ärgerliche
991 2083 1830 2125 Gefühl einer aufgestachelten und nicht be¬
992 2118 1825 2162 friedigten Neugier. Die amüsante Schluß¬
997 2161 1830 2211 novelle „Andreas Thameyers letzter Brief“
996 2199 1826 2247 kennen wir schon aus einem früheren Buche,
998 2239 1832 2288 aber der gute Andreas ist doch mehr ein
993 2276 1834 2328 rührender Dummkopf, über den sich sein
997 2318 1838 2365 Schöpfer im stillen selber lustig macht, als
1001 2355 1839 2406 etwas anderes. Und in der eigentlichen Ge¬
995 2398 1826 2442 schichte einer „Dämmerseele“, in „Die Fremde“.
1001 2421 1834 2487 versagt Schnitzler ganz; gerade hier jedoch
995 2473 1605 2515 hätte Wassermann triumphiert.
1038 2504 1825 2558 So bleiben zwei Stücke übrig, über die
991 2553 1809 2599 man sich unterhalten kann: „Das neue Lied“
997 2586 1834 2642 und vor allem „Das Schicksal des Freiherrn
998 2627 1826 2676 von Leisenbohg“ Diese letztgenannte No¬
995 2657 1836 2713 velle ist nicht nur stofflich interessant, sondern
988 2706 1837 2752 auch glänzend gemacht. Seit zehn Jahren
995 2741 1834 2785 bewirbt sich der Freiherr um eine Sängerin,
986 2784 1833 2837 die ihm jedoch nacheinander ein Dutzend an¬
990 2826 1833 2872 dere Männer vorzieht. Ihr letzter Geliebter
992 2862 1829 2903 stürzt mit dem Pferd und stirbt in ihren
990 2900 1829 2951 Armen. Wieder schöpft der beharrliche Frei¬
996 2933 1827 2983 herr Hoffnung, obwohl bedrohlich als neues
988 2978 1834 3031 Gestirn ein nordischer Opernsänger auftaucht.
987 3018 1824 3075 Und das kaum mehr Gehoffte geschieht:
997 3060 1836 3107 Kläre erhört ihren getreusten Anbeter. Am
1000 3094 1837 3138 nächsten Tage jedoch ist sie mit dem Opern¬
991 3134 1825 3173 sänger verschwunden. Fassungslos und wie
1653 3157 1696 3196 K1.
993 3182 1838 3220 in einem Dämmerzustand reist der Freiherr
984 3210 1833 3256 durch die Welt, bis ihn jener Sänger durch
988 3255 1823 3303 ein dringendes Telegramm zu sich ruft. Er
993 3287 1838 3332 sei ein verlorener Mensch, sagt er ihm, denn
996 3332 1825 3380 der verstorbene letzte Liebhaber Kläres hätte
992 3371 1829 3429 sterbend über den ersten, der nach ihm
995 3402 1836 3445 komme, einen grauenhaften Fluch getan:
987 3448 1834 3494 Wahnsinn, Elend und Tod sollten sein Schick¬
999 3483 1842 3550 sal sein. Und da nun er, der Sänger, dieser
993 3524 1419 3587 erste gewesen sei ...
