3392 4192
1115 253 1563 331 box 35/7
139 263 955 344 3. Daehnerseelen
714 1340 1484 1390 Zu dieser an französischem Dorbild entfachten,
636 1391 1478 1435 abgeleiteten Unterhaltungsliteratur möchten auch
643 1428 1511 1512 die letzten Erzählungen ArthunSculbler
638 1469 1480 1535 zu rechnen sein „Dämmerseelen““ die mit
642 1523 1473 1574 einer tieferen Seelendämmerung, mit der jedem
633 1567 1471 1618 dichterischen Gesichte eigenen, immanenten
630 1598 1486 1669 Mrstik ebensowenig zu schaffen haben, wie etwa
634 1659 1466 1714 das Tischrücken und allerhand geschickt ge¬
634 1696 1485 1756 handhabter Geisterspuk. Das Arfsuchen inter¬
742 1729 1025 1808 Berlip, S. Fischer.
716 1766 1536 1869 essanter, „unerklärlicher“, „rätselhafter“. Be¬
714 1820 1553 1925 gebenheiten, merkwürdig verketteter und an
721 1848 1542 1949 einem Faden irgendwo aufgehängter Iufälle,
722 1888 1554 2003 die ebenso pünktlich wie dunkel eintreffen, hat
733 1947 1553 2037 mit der schöpferischen Mostik, die allem Ge¬
729 1977 1559 2084 schehen, Empfinder, Sinnen und Sagen, der
741 2023 1557 2102 Kunst schrthin innewahnt, gar nichts zu tun,
742 2075 1562 2146 ebensowenig mir Phantasie und Phantastik. Ver¬
743 2119 1568 2186 lei Salonromantik und =Mpstizismus gleicht dem
738 2166 1561 2229 müden und mühseligen Spiel eines blassen, an¬
738 2197 1566 2272 ämischen Großstadtkindes, jede uralte Bäuerin,
749 2249 1576 2320 die Fraußen in einem verlassenen Hofe, beim
749 2294 1567 2374 matten Schein eines verglimmenden Calglichtes
740 2332 1580 2416 den Enkeln die heimlichen, ewigen Märchen
749 2389 1580 2456 zuraunt, hat mehr von jener im Schau¬
754 2419 1583 2498 rigsten heiteren, launenlustigen Phantasie, als
755 2465 1580 2548 der elegante Salonerzähler, der mit der sorg¬
754 2518 1575 2586 fältigsten Sprache und dem modischesten Natio¬
755 2561 1576 2633 nalismus einmal seinen Lesern mit etwas mon¬
755 2595 1583 2680 dän=vorsichtigem Grausen dient. Die Großstadt,
757 2638 1584 2713 die sich alle Sensationen eben aneignet und alles
754 2686 1600 2768 kaufen zu können glaubt, weil sie Geld für Wert
750 2721 1599 2812 Znimmt, meint eben auch das Munder, die Phan¬
750 2775 1591 2864 Itasie, das Spiel, Grauen und Schauern nach
753 2816 1600 2899 zihrem Belieben erzeugen und verhandeln zu
770 2862 1606 2941 kkönnen, und siehe, wie dem alten Midas, wird
761 2905 1603 2978 sihr alles zu Gold, während das schöne Geheim¬
770 2951 1597 3013 nis der Dichtung wie der Natur darin liegt,
776 2994 1592 3067 daß unter ihren Händen alles zu Brot wird,
775 3042 1424 3127 zur schlichten Speise der Irdischen.
1643 1722 2386 1800 Das bezeichnendste, geradezu symbolische
1574 1760 2394 1848 Drodukt der Großstadt, die Art, wie sie sich
1569 1809 2400 1895 gemeinhin mit allem Geistigen abfindet, das
1569 1858 2406 1946 sie in der unendlichen Hapiermühle zu Brei
1573 1891 2399 1981 zerstampft, ist die Zeitung und ihre Weise der
1576 1941 2406 2017 Betrachtung, der Scheinoriginalität, Verzer¬
1592 1988 2412 2060 rung, Trübung und Unechtung aller schöpfe¬
1584 2027 2415 2108 rischen Werte. Ihr Fluck ist denn auch die
2420 1984 2641 2131 96
1595 2088 2421 2152 öbeste Vertretbarkeit ihrer Leistung, die Augen¬
1602 2116 2413 2198 blicklichkeit und Unhaltbarkeit ihrer Mitteilung,
1599 2173 2427 2245 der „Dunstverkauf“ ihres Inhalts, die zugleich
1598 2181 2586 2282 rastlose, ja opferwillige Hetze nach allem Un=))
1601 2234 2429 2327 erhörten, Neuesten und die verachtungswürdige
1597 2292 2425 2367 Unvornehmheit dieses Großstadtinstinkts, dem
1605 2338 2427 2413 sie dient und den sie teilt. Noch nie schien mir
1607 2391 2426 2463 ein beabsichtigt künstlerisches Produkt diese
1601 2431 2436 2509 journalistische Art der Betrachtung, diese Geist¬
1606 2466 2441 2542 reichigkeit um jeden Preis, diese Schlagwort¬
1614 2512 2439 2587 brüllerei nud Sensationeneifrigkeit, dieses nied¬
1606 2555 2441 2648 rige Jagen nach dem Entlegensten und Uner¬
1615 2606 2440 2679 hörtesten tragikomischer auszudrücken, als eine
1625 2645 2449 2728 Sammlung von Novellen eines Dänen
1626 2685 2454 2772 Johannes D. Jensens, „Die Welt
1616 2741 2453 2809 ist tief“.* Bei Gott, das ist sie! Und wie tief ist
1631 2786 2455 2853 erst der rastlose, ihre Größe suchende Bomben¬
1626 2821 2451 2907 höllenelementsensationen jagende, den Geist des
1630 2868 2457 2937 Daseins interviewende Autor. Es braucht nicht
1634 2913 2413 2998 gesagt zu werden, daß er schon berühmt —
2051 2952 2421 3021 Otto Stoeßl.
1626 2985 1862 3049 gewesen ist.
1741 3025 2024 3088 Berlin, S. Fischer.
1782 3066 2081 3178 G
