3344 4352
626 275 759 341 se
1129 263 1579 365 box 35/7
151 274 986 377 3. Daennereien
784 1068 2310 1150 jähriger liebäugelte ich selig mit den Plakaten, schichten („die Weissagung“) aufschlägt, der
772 1141 2311 1194 die den Nibelungenring im Viktoriatheater wird alsbald willig diesem anmutig und be¬
780 1185 2301 1232 meldeten; ich stellte mich zur Zeit der Welttournee stimmt sprechenden Munde lauschen; seine an¬
783 1221 2315 1283 des Nibelungenringes zitternd vor den Balkon fängliche Neugierde wird sich in Verwunderung
774 1271 2313 1323 des heimischen Stadttheaters, die Fanfaren zu verwandeln, seine Verwunderung in Erstaunen,
784 1313 2311 1374 hören, die zu den einzelnen Akten riefen. Jeden sein Erstaunen in zwangvolle Nachdenklichkeit,
788 1366 2317 1416 Abend, wenn ich nicht dabei sein durfte, sagte und diese Gefühle werden sich am Ende in
783 1400 2320 1471 ich mir zu Hause: jetzt tötet er den Wurm, eine Art von heiterer Melancholie auflösen,
773 1455 2322 1510 jetzt singt er unterm Baum, jetzt reitet sie ins welche weniger die Wirkung eines in sich
785 1503 2314 1558 Feuer. O, wie schön war das. Und dabei selbst ruhenden, durch die Macht freischweben¬
788 1559 2323 1612 wußte ich damals noch nicht, wie schwer so der Phantasie bewegten, oder durch die dunklen
789 1595 2315 1644 ein Pferd für den Feuerritt zu besorgen war. und geheimnisvollen Gesetze eines vom bloßen
785 1639 2316 1711 Das lese ich erst jetzt in den Memoiren. Neu= Stoff gehobenen und entfalteten Kunstwerks
792 1681 2325 1746 mann wollte nämlich das alte Leibpferd König ist als vielmehr das Ergebnis einer persönlichen,
793 1744 2315 1791 Maximilians haben, das aus Mangel an ra= gleichsam privat sich mitteilenden Kommuni¬
790 1780 2322 1835 tioneller Beschäftigung sehr musikalisch ge= kation. Dem entspricht äußerlich, daß fast
789 1824 2330 1895 worden war und unter Therese Vogl den Takt nirgends dargestellt, sondern lediglich erzählt
786 1867 2321 1930 genau kannte, in dem es loszugehen hatte. wird, was den Charakter der Novelle mit er¬
787 1927 2318 1982 Das Pferd wird für Berlin bewilligt, unter freulicher Strenge wahrt; dem entspricht inner¬
797 1972 2322 2031 der Bedingung, daß es im Königlichen Mar= lich, daß die Gestalten eines Zubörers und
788 2020 2323 2069 stall unterzubringen sei. Aber Grane ist ein eines Berichterstatters sich von selbst insinuieren,
800 2064 2328 2129 großer Philosoph; er stirbt, ebe er München wodurch auf indirektem Weg alle exponierende
798 2116 2329 2171 verläßt. Der Kronprinz erlaubt der Vogl, im Umständlichkeit vermieden, die gewählte Form
798 2171 2330 2217 eigenen Marstall ein neues Pferd zu probieren wie mit einer glücklichen Metapher beleuchtet
863 2179 2329 2260 keines wagt den Feuerritt, wie das alte und sozusagen dramatisch begründet wird.
802 2245 2331 2306 bavrische Königspferd — ja, ja, es ist schwer. Denn es ist klar, je ungewöhnlicher der Inhalt
789 2314 2328 2362 Und viele solcher netten Geschichten, die zu einer Erzählung ist, je mehr muß der Erzähler
805 2346 2325 2402 den welthistorischen Vorgängen an den Rand darauf Bedacht nehmen, dem Vortrag Wahr¬
804 2383 2338 2458 gezeichnet sind, wird man in diesem Buche beit zu verleihen; frühere Autoren erfanden
804 2432 2328 2498 lesen: Leute, die schlecht sind zu Wagner, Leute, weitläufige Einkleidungen, gesellige Gespräche,
806 2499 2322 2539 die gut sind. Es ist ein eigen Ding. Wenn um Glaubhaftigkeit zu erzeugen und die not¬
806 2528 2324 2588 ich von ganz gewöhnlichen Rührszenen lese, wendige Stimmung vorzubereiten; der durch
810 2590 2338 2643 von Leuten, die gut zu ihm waren, von Not den Atem unserer ganzen Eristenz zur Knapp¬
806 2616 2338 2682 und Hoffnung, von Begeisierung, Umarinung heit aufgeforderte moderne Dichter erreicht
806 2688 2330 2727 und Glauben — es feuchten sich meine Augen= dies durch den Ton innerer, wenn auch ver¬
806 2715 2337 2781 winkel, wie einst vor dreißig Jahren. Gott haltener Ergriffenheit, mit der er schon seinen
1557 2760 2040 2829 ersten Satz zu färben weiß.
811 2775 999 2837 sei Dank.
1598 2796 2330 2859 Es gibt eine Art des Klarsehens, bei der
1297 2807 1531 2880 Oscar Bie
1071 2776 1157 2886 4
1565 2860 2328 2911 die Umrisse des Objekts mit einer solchen
1061 2857 1250 2964 ¼
1567 2899 2334 2964 Schärfe und Stärke hervortreten, daß alles
1563 2958 2343 3001 was der Kontur beschließt, in Dämmerung
857 2955 1525 3060 Schnitzlers „Dämmerseelen“
1560 2991 2335 3044 taucht oder monoton flächig wird, (wie wenn
999 3015 1208 3063 r
1576 3048 2347 3098 bei wolkenlosem Sonnenuntergangshimme!
904 3053 1565 3102 sgehört zu den schönsten Empfin¬
1568 3092 2337 3148 die über den Horizont sich erhebenden Gegen¬
822 3091 1562 3173 (dungen des Lesers, sich einem Erzähler
1575 3136 2336 3194 stände nur als starklinierte schwarze Massen
926 3141 1561 3196 mit ganzem Vertrauen überlassen zu
1571 3182 2336 3230 erscheinen). Unter solchen Bedingungen des
805 3191 1569 3238 dürfen. Wer das neue Bändchen Schnitzler¬
814 3232 2340 3293 scher Novellen zur Hand nimmt und, vielleicht Schauens etwa gestaltet dieser klar= und hell¬
808 3277 2349 3326 angezogen durch jene wunderliche Sympathie, sichtige, wissende und erfahrene Poet. Von
816 3322 2345 3382 die das Auge des Kenners oft schon dem einer lorischen Verdunkelung seines Gemüts
801 3374 2357 3428 Druckbild gegenüber fesselt, die zweite der Ge= kann nicht die Rede sein. Niemals träumt er
2045 3469 2175 3540 889
