3392 4384
1027 270 1565 359 box 35/7
137 281 967 385 3. Dachnereien
942 538 1272 626 Telephon 12.801.
411 678 1129 757 „ODOERTER
234 748 1338 813 I. österr. behördl. konz. Unternehmen für Zeitungs-Aueschnltte
435 795 1167 879 Wien, I., Concordiaplatz 4.
633 853 981 919 Vertretungen
250 897 1331 960 In Berlin, Basel, Budapest, Chlcago, Cleveland, Christiania,
261 950 1332 1003 Genf, Kopenhagen, London, Madrid, Mailand, Minneapolls,
249 987 1336 1059 New-Vork, Paris, Rom, San Francisco, Stockholm, St. Peters¬
647 1029 939 1084 burg, Toronto.
559 1060 1013 1129 (Ouslienangabe ohne Gewähr.)
243 1102 1326 1210 Ausschnitt ausbrünner Zeitung
259 1240 428 1296 vom:
550 1224 797 1294 6— 3. 190
758 1284 876 1344 1
479 1281 525 1344 1
235 1376 377 1444 U
225 1421 429 1473 ureuy
542 1438 1343 1495 Schnitzler, Dämmerseelen. No¬
379 1425 565 1503 n
218 1468 1334 1570 vellen. Juhan des Freiheren von
244 1507 1259 1587 Leisenbohg — Die Weissagung — Das neue Lied —
252 1552 1342 1638 Die Fremde — Andreas Thameyers letzter Brief.:
300 1611 1303 1662 .Fischer, Verlag, Berlin). Geh. M. 2.— geb.
448 1651 1318 1717 Schnitzlers neue Novellen sind Variationen
246 1682 1296 1762 über Themen aus der Gedankenwelt Edgar Poes.
233 1722 1307 1780 Menschliche Schicksale werden bestimmt durch eine
231 1767 1306 1850 Macht, die aus einer fremden, außermenschlichen
234 1818 1306 1887 Sphäre herüberlangt. Die spezielle Note dieser neuen
238 1855 1304 1936 Novellen von Schnitzler ist es nun, daß sie nicht
236 1904 1303 1976 eigentlich den Zweifel an der natürlichen, konirollier¬
230 1942 1292 2010 baren Kausalitat ausdrücken wollen, sondern daß sie
225 2000 1294 2052 mit diesem Zweifel spielen; sie foppen damit; und
226 2043 1305 2113 unmerklich führen sie vielleicht eine Idee, aber sicher
225 2060 1289 2147 den Leser ad absurdum. Vom Freiherrn Leisen¬
225 2115 1296 2188 bohg, dem seine Angebetete eine Nacht schenkt,
230 2162 1297 2234 um auf ihn den Fluch ihres toten Liebhabers hin¬
221 2211 1291 2279 und dadurch von ihrem neu erwählten abzulenken,
217 2248 1294 2323 und der durch solche Perfidie dem Fluche wirklich
216 2295 1291 2347 unterliegt, bis zu Herrn Andreas Thameyer, der für
219 2328 1295 2406 Tugend seines Weibes stirbt, das einen Negerknaben
219 2376 1282 2449 geboren hat, — geht durch das ganze Buch ein spöt¬
220 2421 1298 2478 tischer Ton, hört man verhaltenes Kichern. Und alles
208 2455 1289 2544 das ist von sicherster, leichtester Hand hingesetzt, trocken,
220 2507 744 2580 elegant und unterhaltend.
1038 2753 1423 2855 Telephon 12801.
273 2969 319 3024 *
323 2936 1417 3041 MnTntg
276 3011 358 3059 —
294 3041 1421 3089 O l. österr. behördl. konz. Unternehmen für Zeitungs-Ausschnitte
296 3085 362 3130 60
459 3092 1323 3170 Wien, I., Concordiaplatz 4.
278 3148 374 3216 1
673 3163 1112 3227 Vertretungen
345 3205 1431 3280 in Berlin, Budapest, Chicago, Christiania, Genf, Kopen¬
271 3263 1437 3317 hagen, London, Madrid, Mailand, Minneapolis, New-Vork,
394 3294 1410 3351 Paris, Rom, San Francisco, Stockholm, St. Petersburg.
697 3337 1091 3406 (Quellenangabe ohne Gewähr.)
285 3387 327 3436 —
313 3395 772 3469 Ausschnitt aus:
289 3464 368 3518 525
524 3434 1571 3546 8-MRL19o7 Berliner Börsen Zeitun
275 3498 510 3566 E vom:
508 3537 631 3601 W
843 3523 951 3594 —
789 3590 1163 3667 Büchertisch.
528 3639 1447 3723 1— Dämmerstunden. Novellen von Arthur
495 3676 1439 3769 Schnitzler. Verlag von S. Fischer in Berlin. Was
489 3715 1434 3808 mag wohl den liebenswürdigen Plauderer, den
490 3775 1432 3835 „Dichter in Halbfranz“ verankaßt haben, diese
494 3801 1425 3892 gruseligen Spinnstubengeschichten niederzuschreiben?
495 3839 1422 3914 Glaubt er an Telepathie? Ist er Spiritist ge¬
486 3876 1430 3948 worden? Oder will er sich über Leser und Kritiker,
487 3915 1433 4006 die das Buch ernst nehmen, hinterdrein lustig machen?
486 3951 1416 4047 Die Sachen sind trotz der Austriacismen: „ich bin
483 4002 1424 4092 gesessen", „er ist gelegen“ flott geschrieben, nur fragen.
478 4027 747 4087 wir für wen?
2535 1177 2939 1254 Telephon 12801.
1772 1334 1863 1401 8
1835 1332 2854 1439 MuMRHETRTETTETSENN
1779 1425 2935 1498 O l. österr. behördl. konz. Unternehmen für Zeitungs-Ausschnitte
1936 1480 2825 1560 Wien, I., Concordiaplatz 4.
1769 1551 1872 1626 —
2168 1558 2618 1625 Vertretungen
1799 1607 2921 1683 ∆ in Berlin, Budapest, Chicago, Christiania, Gent, Kopen¬
1770 1657 2928 1702 hagen, London, Madrid, Mailand, Minneapolis, New-Vork,
1872 1703 2893 1752 Paris, Rom, San Francisco, Stockholm, St. Petersburg.
2187 1735 2585 1792 (Quellenangabe ehne Gewähr.)
1810 1770 2267 1857 Ausschnitt aus:
1999 1849 2048 1924 8
2051 1788 2871 1924 -MRL1907DIE ZEIT WIEN
1775 1891 1999 1951 E vom:
1896 1983 2858 2062 7 Ein neues Buch von Schnitzler. Im Verlag
1852 2041 2849 2098 von S. Fischer ist soeben ein neuer Novellenband
1867 2083 2841 2134 von Arthur Schnitzler erschienen. „Dämmer¬
1868 2127 2838 2181 stelen.“ Er enthält fünf Erzählungen aus der
1869 2161 2843 2244 jüngsten Schaffenszeit des Dichters, und man
1872 2224 2842 2273 kann aus ihnen allen die interessante Wendung
1870 2252 2849 2317 konstatieren, die Schnitzlers Entwicklung genom¬
1875 2294 2848 2363 men hat. Am meisten aus dem „Schicksal des
1875 2343 2848 2406 Freiherrn von Leisenbohg“ und aus „Andreas
1864 2386 2852 2449 Thameyers letzter Brief“. Schnitzlers Streben
1861 2429 2848 2498 geht dahin, die Spannungen auf eine edle Weise
1864 2468 2860 2544 zu erhöhen. Zugleich, oder eben deshalb, sehen
1873 2512 2847 2588 wir ihn bemüht, menschliche Schicksale aus tiefer
1880 2556 2851 2627 gelegenen Quellen hervorströmen, menschliche
1874 2610 2858 2671 Charaktere aus verborgenen Wurzeln aufwachsen
1881 2650 2857 2714 zu lassen. Er geht jetzt in allen seinen Werken
1872 2693 2862 2767 über die gemeine Logik hinaus, strebt einer
1873 2729 2864 2790 höheren, geheimnisvollen Gesetzmäßigkeit zu, die
1879 2781 2867 2859 über allen Dingen ist, deren Sinn und Folge wir
1880 2837 2859 2908 nur ahnen und an deren verschlossene Pforten
1880 2845 2866 2939 wir nur tasten. Was dies neuen Novellen sonst
1881 2916 2872 2982 noch auszeichnet, ist die schöne Strenge der
1880 2960 2840 3023 Sprache. Diese vollkommen reine Form, in
1890 3001 2858 3068 deren Linien sich etwas von dem persönlichen
1891 3041 2866 3109 Wert Schnitzlers, von seinem tiefen, durch und
1894 3089 2857 3162 durch dichterischen Atem mitzuteilen scheint. Er
1893 3137 2875 3202 gehört (das ist mit diesem Novellenband wieder
1887 3174 2870 3234 gezeigt) zu den ganz wenigen Künstlern, die
1887 3232 2889 3293 unablässig an ihrer Entwicklung arbeiten. Und
1898 3269 2871 3332 er gehört, wohl deshalb, auch zu den ganz
2437 3310 2874 3368 mit jedem Werke,
1881 3316 2432 3389 wenigen, die unablässig,
1890 3353 2870 3430 wachsen. Das ist gleichfalls mit diesem Novellen¬
1892 3408 2332 3473 band wieder gezeigt.
2834 3412 2880 3485 1
