3344 4256
1169 176 1616 263 box 3577
477 199 569 248 m m
171 181 1011 288 3. Da seeien
1318 534 2275 635 städtischen Genußleben abgebrühter Freiherr. In eine
1314 596 2281 677 andern Novelle erzählt Schnitzler mit der feierlichsten
1305 639 2288 723 Miene eine sonst nur im Zeitalter der Romantik von
1310 679 2271 769 den Dichtern gewagte Geschichte einer Weissagung,
1306 723 2280 815 die sich an dem Helden in genauester Weise erfüllt und
1307 763 2272 851 ihm den Tod bringt. Dabei bringt der Verfasser mit
378 785 1282 892 Von Arthur Schnitzler, dem Verfasser der
1302 811 2271 897 der ernsthaftesten Miene alle Zeugnisse für die Wahr¬
1301 851 2264 940 heit seiner Geschichte bei. Trotzdem fühlt der Leser,
333 819 1281 940 Liebelei“, des „# „Leutnant Gust!“ wird
325 892 1277 980 han kaum mehr andere als prickelnde und pilante
1297 898 2272 987 daß der Dichter selbst uirgends bei der Sache ist und
1297 944 2267 1025 er glaubt sein spöttisches Augenzwinkern zu sehen. Der
318 947 1279 1024 Kektüre erwarten. Zwar geht er in seinem neuesten
320 984 1278 1073 Kovellenbändchen „Dämmerseelen“ scheinbar auf morali¬
1292 977 2264 1074 gespielte Ernst, der sich für Naivität geben will, ist
312 1030 1270 1114 schen Wegen, indemt von den fünf Erzählungen zwei
1295 1032 2269 1109 nicht einmal Ironie, sondern eine rasfinierte Variation
1299 1067 2258 1152 des Pikanten, um dieses noch pikanter zu machen. Die
313 1065 1271 1143 nlicht erotischen Charakters sind und er in den drei
310 1118 1271 1191 andern sich die Miene gibt, als erzähle er die unschul¬
1291 1113 2257 1218 großstädtische Frivolität gefällt sich zur Abwechslung
1286 1168 2258 1228 einmal in der Rolle der Naivität. Erzählt sind diese
310 1156 1275 1248 digsten Dinge der Welt. So in der Stizze „Andreas
306 1204 1266 1286 Thameyers letzter Brief“, dem Plaidoyer eines Ehe¬
1293 1203 2252 1287 Geschichten, deren pikanter Reiz stets schon in der
1282 1247 2256 1332 Situation liegt, mit dem sein pointierten Raffinement,
313 1253 1265 1332 manns für die von den Menschen angezweifelte Treue
305 1290 1263 1374 seiner Frau. Die eigentümliche Hautfarbe seines neuge¬
1292 1287 2256 1368 das man an Schnitzler kennt. Aber es ist trotzdem
305 1338 1264 1416 bornen Kindes beweist er mit al'en wissenschaftlichen
1283 1342 2268 1419 eine Art Literatur, die weder erfreulich ist, noch pocti¬
1285 1375 1582 1439 schen Wert hat.
306 1380 1258 1459 Gründen als die Folge eines „Versehens“ seiner Frau,
307 1420 1262 1497 die während seiner Abwesenheit einmal im Tiergarten
285 1465 1258 1543 Non ihrer liederlichen Schwester allein bei den Negern
285 1511 1267 1599 rassen worden war. Das Unrecht, das die Welt mit
287 1556 1260 1634 ihrem schnöden Verdacht seinem angebeteten und über
285 1604 1264 1702 alle Zweisel erhabenen Weibe zufügt, treibt den Ehe¬
282 1641 1257 1727 mann in den Tod. In einer zweiten Novelle geht
287 1688 1264 1771 ebenfalls ein blinder Ehemann an der Liebe zu seinem
281 1733 1263 1823 ungetrenen Weibe, das ihn verlassen, zugrunde; in
279 1780 1258 1853 einer dritten ist eine dieser hundetrenen Dämmerseelen,
276 1823 1247 1890 die gegenüber einer ewig ungetreuen Sängerin die
1670 1848 2722 1916 wörtlich die Pointe eines uralten polnisch=jüdischen
278 1862 1254 1953 Rolle des Grafen von Toggenburg spielt und an dem
1668 1886 2716 1954 Witzes ist, obschon in der Novelle der Held daran
278 1903 1256 1996 Fluche eines Vorgängers stirdt, ein von dem aroß¬
1690 1931 2717 1976 stirbt. Und so sind fast alle fünf Novellen die amü¬
1683 1982 2704 2021 santesten Anekdoten — mit tötlichem Ausgang. Man
1675 2013 2711 2053 sieht, es ist nicht leicht, noch verwegener mit dem
1662 2040 2713 2103 bitersten Ernst des Lebens zu spielen. Und es fordert
1456 2097 1666 2160 ###7 ge#
1670 2086 2716 2152 die ganze Meisterschaft Schnitzlers, um so tollkühne
1272 2079 1434 2162 0. 2.
1670 2135 2710 2184 Aufgaben zunächst zu erspüren, sodann sie zu lösen.
685 2129 1418 2194 Arthur Schsitzler bescheert uns
1434 2137 1654 2203 soeben ein
1674 2181 2713 2227 So zu lösen, daß alle Schauer der Spannung zu¬
626 2162 1431 2241 neues Werk: „Dämmerseelen“
1476 2190 1656 2245 Novellen
1669 2225 2718 2260 gleich mit der feinsten Freude am ästhetischen Genießen
631 2229 1660 2274 S. Fischer=Berlin.) Es war von je nur den
1670 2269 2709 2307 ausgelöst werden. Das muß man selbst lesen, um es
628 2268 1649 2318 wenigsten Künstlern der Wortplastik gegeben, in
1669 2293 2721 2353 für möglich zu halten. Dann aber wird der Eindruck
628 2303 1663 2358 knappen, anscheinend leicht hingeworfenen Strichen,
1661 2343 2631 2391 eines köstlichen poetischen Gewinnes bleibend sein.
627 2355 1658 2401 eindrucksvolle Bilder von menschlichem Geschick und
1726 2383 2706 2438 Ein besonderes Wort über die Ausstattung des
635 2384 1652 2449 Verhängnis, von Seelenzuständen zu zeichnen. Daß
1680 2410 2712 2476 kleinen Bandes. Ist schon im Allgemeinen der Buch¬
627 2432 1651 2483 Schnitzler unter diesen Wenigen mit besonderen Ehren
1682 2463 2704 2523 einband aus dem Niveau des Handwerkes in das
629 2461 1654 2518 besteht, ist zunächst der stärkste Eindruck, den wir von
1668 2499 2321 2560 des Kunstgewerbes gestiegen, so
2322 2507 2709 2564 pflegt S. Fischer¬
627 2502 1650 2570 seinem neuesten Novellenband „Dämmerseelen“
1665 2534 2710 2596 Berlin ihn bis dicht ans Künstlerische zu ühren.
632 2555 1653 2608 empfangen. Bei näherem Hinhorchen auf den starken,
1669 2578 2712 2644 Fast wie beim Melodram die untermalende Musik
627 2597 1652 2644 oft fieberhasten, immer nervös erregten Pulsschlag der
1664 2622 2706 2689 das Wort, so „illustriert“ förmlich hier der Einband
626 2648 1656 2695 einzelnen Dichtungen entdecken wir bald erheblich
1667 2663 2708 2729 durch „ahnende“ Farben= und Stoff=Kombinationen
630 2669 1644 2718 mehr und Besseres: einen überraschend reichen In¬
1675 2705 2710 2764 den im Titel angedeuteten Inhalt des Buches. In
624 2708 1650 2778 halt in dieser fein ziselierten Form. Psychologisch
1663 2742 1836 2799 der Tat
1919 2760 2711 2815 die Ausstattung für sich allein lohnt
620 2742 1643 2813 klar abgetönt klingen alle Saiten jener Empfindungen
1673 2787 2698 2849 schon seinen Besitz und nicht blos für den Bücher¬
632 2794 716 2843 an,
717 2806 1649 2854 die an der Schwelle zwischen bewußtem
1665 2832 2700 2882 freund und den Buchkenner. Der ästhetischen Freude
622 2835 1647 2887 Erleben und nicht mehr wissendem Grauen dämme¬
1662 2874 2489 2927 daran wird sich Niemand entziehen können.
627 2878 1657 2935 rungsschwer vorschweben. Die zu jener Unterströmung
2153 2905 2646 2976 Friedrich Stein=Berlin.
624 2916 1658 2978 im Bewußtsein leiten, welche die dämmernde Menschen¬
621 2965 1670 3031 seele stärker treibt und bewegt als ihre — sozusagen —
626 3010 1673 3063 offiziellen Kräfte und Impulse. In allen Erzählungen;
623 3047 1658 3087 wird diese Unterströmung ausgelöst von etwas Außer¬
629 3085 1668 3158 ordentlichen, Unerklärlichem, anscheinend Uebersinn¬
624 3118 1652 3183 lichem, das eines Tages unerwartet in Kontakt mit dem
628 3159 1656 3226 Alltagsleben tritt und damit die Alltagsseeleder „Helden“
631 3201 1656 3253 in dämmerdunklem Grauen bis zur Vernichtung verwirrt.
625 3246 1659 3316 Zum Ausgleich dieser grellen Kontraste läßt Schnitzler
623 3288 1648 3350 da und dort ein wenig Humor mitspielen. Ein bläßlicher,
628 3333 1661 3386 etwas blutarmer Humor, ohne befreiende Kraft,
624 3372 1195 3428 ohne versöhnende Erhöhung
1255 3374 1649 3430 mehr gedacht als
628 3416 1645 3472 empfunden. Aber das Still=Nachdenksame Schnitzlers,
625 3451 1645 3513 jenes kritikmüde, anteilwarme Durchschauen dessen,
624 3498 1645 3546 was sich als die kläglichen Rätsel des Lebens vor
617 3536 1647 3599 uns auftut, hat sich selten mit seinerer Charakteristik
619 3578 1648 3636 offentbart als in diesen fünf überaus reizvollen
621 3616 1654 3678 Novellen. Noch deutlicher wird das schelmische
618 3658 1656 3713 Behagen des Ironikers an dem Gelingen des
617 3693 1653 3749 Versuches: aufzudecken, wie anekdotisch im Grunde
622 3744 1655 3794 genommen das Leben selbst in seiner Tragik
626 3778 1656 3831 ist. Wie denn auch nachweislich die Pointe seiner
602 3802 1650 3882 lersten Novelle vom Freiherrn v. Leisenbohg fast wort¬
