3392 4256
616 258 696 329 S
418 271 567 330 mhe
237 264 955 367 DatrSeien
1097 248 1552 344 box 3577
1223 789 1671 858 Seite 8. — Nr. 73.
2229 796 2351 859 M
1201 881 2374 947 alten Kaiserstadt an der Donau scheinen diese wun¬ 668
1186 942 2371 999 dersamen Novellen geboren und sie muten wie die 2 K
2260 990 2395 1044 4 T
1186 987 2262 1076 Reize Wiens selbst wie liebliche Pastellbilder an.
2060 1042 2224 1105 F. F.
2225 1023 2310 1102 90
2256 1081 2392 1144 übun
2254 1136 2416 1196 Mani
1562 1126 1901 1212 Brünner
2266 1184 2396 1245 Feier
1271 1183 2178 1301 und Provinzialnachrichten.
2264 1231 2406 1293 Thea
1804 1262 2220 1344 Brünn, 29. März.
2257 1278 2399 1344 887, 7
2261 1328 2394 1396 Dien
1296 1311 2245 1391 (Das neue Militärwitwen=Versorgungsgesetz.)
2269 1376 2394 1438 und 1
1201 1389 2249 1445 Das gestrige Verordnungsblatt für das k. und k.
2266 1426 2404 1485 glied
1204 1435 2256 1493 Heer enthält die Durchführungsbestimmungen zu
1203 1477 2388 1541 dem neuen Militärwitwen= und Waisen=Versor= Feue
2267 1527 2398 1584 eines
1205 1528 2252 1596 gungsgesetz. Dasselbe tritt mit 1. April d. J. in
2273 1571 2375 1632 sten
1201 1580 2247 1643 Kraft, ist jedoch insoferne rückwirkend, als die Ver¬
2264 1626 2377 1686 Bete
1203 1633 2256 1693 sorgungsgenüsse der derzeitigen Witwen nach
2271 1669 2372 1729 wehr
1205 1682 2257 1742 Gagisten von der zwölften Rangklasse aufwärts
2259 1720 2383 1777 Kan
1198 1738 2249 1791 bis einschließlich der fünften Rangklasse schon
1192 1766 2381 1849 vom 1. Jänner d. J. angefangen auf die speziell uner
1201 1810 2368 1887 für diese Witwen neu bemessene Gebühr erhöht die
1204 1864 2374 1928 werden. Dieses Zugeständnis bildet eine nicht zu zeig
1202 1921 2389 1984 unterschätzende Wohltat für die betreffenden Witwen. Brü
1197 1970 2378 2033 Aus den erwähnten Durchführungsbestimmungen Zah
1201 2023 2393 2074 sind folgende Punkte besonders bervorzuheben: Die zung
1199 2061 2393 2136 einzelnen Witwen als Zuschuß zur bisherigen Pen= auch
1204 2119 2397 2181 sion bewilligten Gnadengaben werden in die neues ist. ?
1208 2174 2403 2238 Pension eingerechnet, das heißt, jene Witwen, de¬ in H##
1208 2201 2402 2268 ren bisherige Pension samt der Gnadengabe gerin=schaft
2265 2259 2407 2327 durch
1206 2271 2256 2331 ger ist, als die neue Pension, haben nur auf die
1206 2327 2402 2375 letztere Anspruch, während in jenen seltenen Fäl=lich un
1193 2351 2417 2428 len, in welchen die bisherige Pension samt Gnaden= Wahl
2272 2397 2421 2460 Wehr'
1199 2416 2258 2477 gabe einen höheren Betrag darstellt als die neue
1204 2462 2434 2528 Pension, die betreffenden Witwen im Fortbezuge ih= frei ü
1199 2500 2424 2560 res bisherigen Versorgungsgenusses bleiben. Jene und E
1226 2563 2438 2614 Gnadengaben, welche solchen Witwen verliehen Freiwi¬
2277 2598 2440 2658 vereine
1202 2606 2266 2666 wurden, deren Gatten erst im Rubestande die
1204 2662 2427 2724 Ehe geschlossen haben, bleiben ganz unbe= für un
1203 2709 2435 2780 rührt, weil das neue Versorgungsgesetz auf diese und ge
1198 2738 2442 2818 Kategorie von Witwen überhaupt keine Anwendung und 30
1208 2781 2439 2874 findet. Das Gleiche gilt auch rücksichtlich der für Wai=wird r
1206 2841 2431 2921 sen bewilligten Gnadengaben. — Als eine ganz be= und fer
1201 2891 2448 2966 sondere Errungenschaft verdient schließlich noch die erlernts¬
2273 2940 2451 2997 bicte di
1200 2963 2260 3018 Bestimmung hervorgehoben zu werden, daß jene
1192 3017 2257 3069 Witwen, deren Gatten beim Übertritt in den Ruhe¬
2270 3029 2464 3091 Pflichtb
1202 3060 2253 3106 stand ein höherer Titel und Charakter oder ein hö¬
2279 3079 2446 3149 deutsche
1197 3101 2250 3151 herer Charakter ad honores verliehen wurde, den
2275 3133 2446 3200 immer
1198 3155 2254 3196 Anspruch auf die entsprechende höhere Pension er¬
1208 3188 2261 3260 langen. — Nicht unerwähnt mag bleiben, daß das
2350 3190 2452 3271 (R0
1209 3246 2253 3312 Reichskriegsministerium alle möglichen Vorsorgen
2270 3249 2458 3320 Österrei
1201 3309 2263 3358 getrofsen hat, damit die derzeitigen Witwen so rasch
2266 3301 2440 3359 die Re
1209 3354 2450 3409 als möglich in den Bezug ihrer neuen Pension Österres
1198 3405 2424 3464 gelangen. In Anbetracht der großen Zahl solcher archie z
1204 3445 2433 3505 Witwen, welche sich auf nahezu 6000 beläuft, wird Begrüfs
1195 3491 2448 3545 aber trotzdem, wie es ja selbstverständlich ist, die nahmen
1206 3539 2433 3610 Flüssigmachung der neuen Pensionen sowie des vom versams
1202 3595 2263 3658 1. Jänner dieses Jahres her entfallenden Nachtrages
2275 3598 2442 3660 im „G5
1199 3644 2446 3704 immerhin eine gewisse Zeit in Anspruch nehmen. Herrens
1296 3694 2440 3758 (Freiwillige Feuerwehrabteilung des Brünner! (Graz)¬
2276 3744 2421 3801 leiter,
1206 3760 2259 3812 Turnvereines.) Aus dem vom Schriftwart Al¬
2271 3787 2431 3856 (Wien
1197 3791 2259 3860 fred Sitka in der vierzigsten ordentlichen Hauptver¬
2270 3843 2427 3903 gewähe
1205 3847 2251 3923 sammlung der Freiwilligen Feuerwehrabteilung des
1195 3901 2427 3963 Brünner Turnvereines am 24. d. erstatteten Jahres=! Verein¬
1199 3930 2403 4010 berichte wäre nachstehendes hervorzuheben: Die' Teile
1201 3976 2417 4063 Turnerfeuerwehr ist im Jahre 1906 68mal vonsreglen
1205 4030 2420 4102 Brandausbrüchen in Kenntnis gesetzt worden. Mit die Fe
1201 4098 2410 4153 Rücksicht auf die Gattung des Brandes und densczyi
1197 4130 2432 4191 Feuerrayon erfolgte lediglich in 12 Fällen Alarmistattes
