3392 4384
460 341 1603 454 mnerseelen box 35/7
160 351 541 461 3. Daem!
2046 1323 2961 1402 „Die ängstliche Dodo“ ist sozusagen ein zu ge¬
161 1359 2020 1432 un verknüpft mit den geheimnisvollen Beziehun= Ruhe plaudert er diese Affären wohlerzogen..
2011 1384 2958 1450 schmackvolles Buch. Sie zeigt eine derart de¬
157 1405 2014 1481 en der Menschen zu einander, die, ohne es zuMenschen aus, die alle viel zu korrekt für eine
2015 1432 2956 1504 stillierte Kultur, daß ihr beim Raffinieren auch
1081 1449 1999 1510 Leidenschaft sind Er hat den schönen Gleichmut
157 1456 1066 1538 vollen oder auch nur zu wissen, Schicksale ent¬
2017 1492 2951 1543 jede Leidenschaft, jede Kraft vorher ausgepreßt
1076 1508 1998 1553 des Erzählers, der sich Zeit läßt, weil er weiß,
162 1513 322 1576 cheiden.
2017 1511 2970 1581 ward. Rosa, nicht blutrot.... Vollblütigkeit ist
166 1539 2002 1606 Das schlägt ein bißchen ins Uebersinnliche hin= daß man ihm zuhört. Es ist etwas Suggestives
2013 1569 2970 1624 überhaupt keine Krankheit unserer Wiener Dich¬
162 1592 2010 1655 ber — ein Gebiet, das auch die Novelle „Die in seiner Sicherheit, freilich auch einige Selbstge¬
2014 1611 2958 1665 ter. Doch tut man wohl, von jedem Baume
1079 1632 2006 1690 fälligkeit, die empfindlichere Geüter hie und da
153 1638 1081 1712 Fremde betritt, und das in der letzten Erzählung
2017 1650 2964 1709 seine Früchte zu verlangen. (Es ist das Wesen
1083 1671 2006 1733 verletzt. Wie man sich in der Gesellschaft verlobt
153 1684 1090 1749 mit feiner Lustigkeit wieder mit dem Realen ver¬
2012 1703 2970 1752 der „scharfen“ Kritik, triumphierend festzustellen,
1080 1724 2005 1781 oder — noch lieber — wie man dort Verlobungen
159 1725 1072 1784 inigt wird. Allein der Zufall ist für den Mystiker
2012 1729 2975 1792 daß der Kirschbaum keine Ananas trägt.) Und da
152 1759 2009 1843 Schnitzler kein plumper Geselle er ist vielmehr ausweicht, schildert er mit viel Witz und ebenso¬
2011 1776 2976 1854 darf man wohl sagen daß unsere Bäume tadellos
165 1806 2001 1876 in unbekannter Gott, dessen Fäden unsere Augen viel Behagen. Als rechter Feuilletonist pflückt er
2014 1826 2972 1892 gepflegt sind und wohlschmeckende Früchte tragen.
1081 1849 2013 1904 dabei alle Einfälle und Pointen und putzt damit
158 1854 1078 1916 nicht zu sehen, bloß zu ahnen vermögen. Solche
2021 1867 2970 1922 Schnitzler wurzelt tiefer und reicht höher, Auern¬
1085 1897 2012 1957 seine Novellen auf. Nur in einer Erzählung,
156 1900 1079 1962 unkle Dinge fließen vor uns in einem durch¬
2015 1904 2973 1967 heimers Blätter sind zierlicher zurechtgeschnitten.
1087 1935 2017 2001 „dem Abenteuer der Unterlehrerin“ wird er
167 1942 1072 2004 sichtigen, reinen Stil vorüber — in ein fremdes
1088 1955 2975 2030 ganz schlicht, und da merkt man auf einmal, daß Nug=sind die Früchte dieser Ernte auf den Markt
156 1990 1072 2045 Pand. Aber es tut wohl, die Hand eines Dichters
1085 1998 2982 2075 der lächelnde Amüseur auch ein Dichter ist. Einl gekommen, möge sich Publikus daran delektieren.
175 2032 1072 2097 u spüren, der uns von plumper Tatsächlichkeit
2511 2050 2977 2127 Dr. Ludwig Bauer.
1083 2062 2064 2131 Nichts — bei einer alten Jungfer ist Einquartie¬
163 2077 1076 2144 fortführt in das Reich der Phantasie, allwo es
1094 2108 2045 2164 rung — wird plötzlich sehr bedeutend, denn das
2902 2124 2961 2180 —
154 2114 1080 2180 wunderbare Einwirkungen, Verknüpfungen und
1092 2136 2034 2212 Fenster einer armen Seele tut sich auf, ihre lächgt¬
165 2158 1081 2229 Beziehungen gibt. Zufall ist ja schließlich bloß
1094 2203 2031 2252 liche, rührende, verratene Sehnsucht greift ans
161 2217 1079 2267 in Verlegenheitswort. Neben seiner anonymen
1085 2231 2052 2289 Herz. Und dann wird man wohl aufmerksamer,
165 2261 1081 2309 Gewalt macht sich der Mensch besonders winzig.
1096 2286 2042 2342 sieht auch bei den anderen Erzählungen genauer
166 2295 1094 2351 Schnitzler wird nicht müde, dies Mißverhältnis
1097 2318 2043 2392 hin und bemerkt erstaunt, daß der Dichter überall
162 2337 1085 2407 ronisch auszudeuten. Die Sachlichkeit, mit der
1089 2368 2035 2431 zu finden ist, nur hinter einer koketten Anmut
166 2382 1080 2447 r solche von einem Schicksal befallene Existenzen
1089 2405 2045 2474 versteckt. Es fällt ihm ganz ungewöhnlich viel
167 2429 1088 2482 erfaßt, hat einen wissenschaftlichen Ernst, der mit
1086 2448 2037 2517 ein, er beobachtet intensiv und er hat eine glück¬
170 2474 1086 2530 der Phantastik jener Vorgänge reizvoll kon¬
1087 2495 2045 2562 liche Unmittelbarkeit der Anschauung, die ihm
169 2507 1087 2573 strastiert. Ebenso ist die Hilflosigkeit dieser ver¬
1091 2541 2033 2617 Vergleiche gibt, die ins Schwarze treffen. Nur
169 2550 1087 2633 ratenen, sehnsüchtigen Menschen ein Lieblings¬
1127 2582 2043 2651 — die Welt, die er sieht, ist klein ihre Gefühle
169 2603 1089 2657 motiv des Dichters. Sie werden von den Frauen,
1087 2615 2036 2699 winzig, und sie leidet daran, daß sie sich sehr
180 2642 1078 2701 für die sie allein existieren, pünktlich verlassen —
1096 2667 2054 2729 wichtig nimmt. Diesen Respekt teilt auch ihr
162 2682 1084 2749 die anderen, die nichts opfern, die sie nicht lieben,
1098 2718 2042 2772 Dichter. Sicher plaudert er charmant — aber
169 2729 1094 2794 sind eben deshalb die Stärkeren. Das Thema
1095 2759 2044 2830 das sind eben seine zwei Gebrechen, daß er bloß
169 2775 1080 2830 wird immer wieder variiert. Man denke an des
1098 2798 2030 2875 plaudert und daß er es immer weiß, wie
171 2820 1089 2877 Freiherrn v. Leisenbohg sonderbares Schicksal.
1096 2838 2028 2901 charmant er plaudert. Er regt sich nicht auf. Das
161 2861 1085 2933 Ohne es zu wissen, sterben jene Männer immer
1093 2872 2048 2963 wäre wohl auch unschicklich. ... Er hat, das merkt
171 2908 783 2978 zu Gunsten ihrer Nebenbuhler.
1106 2921 2050 2994 man an allen seinen sorgsam gearbeiteten No¬
200 2952 1093 3026 Von irgendwelchen transzendentalen Gedanken
1097 2980 2036 3041 vellen und auch an seinen Feuilletons — die
170 3002 1097 3065 ist Raoul Auernheimer auch in seiner
1106 3026 2043 3078 Grenzen sind da kaum merklich —, außerordent¬
171 3042 1098 3108 neuesten Novellensammlung*) sehr weit entfernt.
1110 3055 2047 3123 lich viel Gefühl für Form, sehr geringes Urteil
170 3090 1093 3149 Er steht immer in dieser Welt, und zwar nicht
1109 3110 2042 3177 für Inhalt. Das „Wie“ ist raffiniert, das „Was“
171 3132 1094 3191 dort, wo sie tief, nicht dort, wo sie hoch, sondern
1105 3152 2056 3212 meist kaum der Rede wert. Auch darin repräsen¬
170 3177 1098 3231 dort, wo sie amüsant ist. Da führt er denn einige
1111 3196 2057 3254 tiert der begabteste Schriftsteller der „Gesell¬
178 3225 1103 3281 mondäne Anekdoten mit tadellos sitzenden Pointen
1100 3240 2061 3299 schaft“ diese selbst. Mit Recht ist er bei ihr so
172 3265 1102 3321 vor; seine Novellistik ist augenblicklick die best an¬
1102 3284 2063 3341 beliebt. Denn er hat es für sie aufgegeben, ein
178 3300 1101 3385 gezogene in deutschen Landen. Mit lächelnder
1107 3312 2058 3394 Dichter zu sein. Wobei er auch geliebt würde.
1110 3372 2057 3451 Womit kann man den Ruhm abkaufen? Mit
270 3378 1102 3462 „Die ängstliche Dodo.“ Verlag von Egon
1097 3425 1374 3493 Popularität,
181 3434 766 3522 Fleischel & Co., Berlin, 1907.
