3392 4352
1102 248 1561 337 box 35/7
117 235 958 361 3. Daennerseelen
1567 965 2252 1045 N
1666 1022 2739 1101 avond. Verhand tusschen de drie feiten? Al naar men
636 1060 1672 1126 Saaier en nuchterder kan het al niet. Als zij allemaal
1676 1086 2142 1140 wil. Conclusie? Geene.
127 1088 600 1163 egelijk iets belacheljjks
1698 1081 2737 1174 Daarmee is niets afgedongen op de waardeering die
604 1097 1675 1161 bij elkaur zitten aan de „regimentstafel'’, komt de kor¬
1665 1131 2746 1223 aan Dämmerseelen toekomt als aan een buiten¬
607 1139 1675 1212 poraal „du jeur'' en meldt den goochelaar aan. Het is
170 1144 589 1226 de Duitsche kritiek
1693 1170 2748 1250 gewoon-goed geschreven en geestig werk vun een zeer
610 1180 1676 1242 ten minste een afleiding! De goochelaar, een mager
124 1202 592 1266 erseelen met het
600 1209 1666 1283 Joodje, met ecn „bespottelijke elegance'’ gekleed, doet
1675 1239 2046 1310 knap schriilel-
122 1237 592 1314 en. Maar dat belacheljj¬
609 1254 1665 1329 ecnige kunstjjes, waardoor den heeren do slaperigheid
131 1275 594 1343 en onderscheid wezenli¬
624 1286 1674 1359 vergaat, en dan de bedoelde voorspelling. Hjj spreekt ze
134 1313 607 1381 ook gevonden zou kun¬
607 1330 1676 1408 niet uit: maar terwijl hij von Umprecht bij de hand¬
1900 1346 2188 1407 Felix Salten.
122 1359 591 1423 jjkbeid die wij zien en
1909 1354 2750 1449 Herr Wenzel auf Rehberg'und
607 1366 1674 1452 houdt, op de binnenplaats der kazerne, ziet deze stee¬
124 1394 595 1461 at om er een hoogere
1932 1403 2742 1475 sein Knecht Kaspar Dinckel
607 1410 1671 1494 nen en muren rondom verdwijnen en in ecn plotselinge
126 1430 593 1499 m de menscheljjke ziel
607 1452 1675 1522 duideljjkheid, de schemerige boschweide, en zichzelven,
1900 1456 2238 1527 Berlin. Fischer.
125 1474 592 1538 Fe kracht van de stof¬
614 1487 1684 1550 tien jaar ouder, met ecn zwaren baard en op het voor¬
124 1496 596 1569 ysterièn van den wil
1716 1494 2749 1595 Hier is weer ecn historische novelle van het genre
623 1517 1675 1593 hoofd een littecken, stervende op een baar. Het duurt
139 1547 604 1619 zich nict over aan de
1679 1565 2754 1630 waarin, onder anderen, ook Jacob Wassermann interes¬
621 1560 1684 1638 maur ccn seconde. Bjjna geen breuk heeft het gemaakt
126 1582 608 1657 hie aan den dood, dan
1692 1603 2762 1681 sant werk gemaakt heeft — men herinnert zich mis¬
626 1602 1678 1674 in het nuchtero kazerne-leven van elken dag, dat dade¬
133 1630 301 1693 iin wil.“
628 1639 1676 1712 lijk weer begint en voortgant als altijd. Maar von
1697 1625 2756 1715 schien zijn Drei Schwestern voor eenigen tisdh
126 1648 596 1727 ril“ z00 weinig als „de
633 1672 1679 1756 Umprecht heeft er een indruk van gekregen dien hij
1691 1670 2763 1752 hier besproken — de historische novelle waarin het histo¬
132 1703 607 1765 hatuur“. Het zijn alle
1709 1709 2759 1795 rische element er niet is om zijus zeifs wil, maar om
636 1721 1677 1797 niet meer vergect. Het heeft ecn. wat men zou mocten
135 1745 619 1806 belacheljjks krjjgen door
1695 1747 2766 1826 den wille van ecn gedarhte of een gevoel, die onder
630 1751 1681 1833 nocmen, negatieven invloed op zijn leven: hij wil nu
142 1779 605 1844 e wij er ann gelooven.
1702 1775 2761 1864 ond-tijdsche voorwaarden tot een grooter ontwikkeling
634 1796 1687 1870 alles vermijden wat zou kunnen leiden tot de vervulling
128 1829 610 1890 nbereikbare; cen koddi¬
1699 1825 2593 1919 konden komen dan de hedondaagsche toelaten.
629 1832 1691 1906 van het vizioen. Ijj trouwt met cen meisje dat donker¬
127 1853 609 1921 elt even om dat woord
1734 1859 2762 1944 In den „Jonker von Rehberg'' is de hoofdzaak: het
640 1869 1686 1945 bruin haar heeft, in stee van het roode dat de aan die
197 1898 615 1959 het is niet precics.
135 1908 205 1960 t
1709 1896 2768 1987 cenvondige menschelijke gevoel dat in botsing komt, en
630 1909 1688 1985 baar weenende had; hij gaat den dienst nit, en de mo¬
198 1931 613 2004 eigenaardigheid van
1697 1937 2762 2014 ten ondergaat door den schok, met meedoogenlooze
630 1948 1687 2033 geljjkheid van vechten en litteckens oploopen uit den
138 1966 616 2037 oor den een, prikkelend
1707 1968 2765 2057 heerschzucht. Het eenvoudige gevocl is in des Jonkers
644 1989 1691 2062 weg, hij koopt cen landgoed waarin nergens een plekte
133 2018 617 2084 ettegenstaande de zuive¬
1708 2016 2774 2095 knecht Dinckel, den blonden boerenjongen, met ziin ar¬
635 2023 1685 2102 bekennen valt op die weide midden in het bosch gelij¬
137 2057 615 2128 har den inhoud ontglipt
1715 2051 2775 2132 geloos gezicht, lachende blauwe oogen en roode knuis¬
639 2099 776 2161 kend.
1706 2088 2769 2179 ten. En tegenover dat simpele kinderlijke, boersche te
677 2101 1695 2187 Tot op het laatste oogenblik kan hij ook gelooven dat
136 2111 626 2201 gen, doet men best de
1712 2117 2780 2225 geweldiger in zijn sombere pracht, blijkt de heersch¬
644 2152 1698 2231 hij zijn lot ontgaan zal, „dat niets hem kan dwingen 9
135 2164 628 2249 el door te lezen: Weis¬
1710 2162 2785 2249 zucht uit het van juweelen omschitterde vale zieken¬
646 2185 1696 2269 September 1868, om tien uur 's avonds met een langen
1698 2203 2774 2290 gezicht van Keizer Karel de Vijfde die te midden van
644 2228 1692 2307 bruinen baard op een baar te#liggen.?’ Het gebeurt toch.
138 2224 616 2313 edann door een kermis¬
1707 2250 2771 2322 ecn vorstenstoet optrekt ten verdelgenden krijg. Tus¬
638 2262 1699 2343 Echter niet in ernst, en als afloop van cen ongeluk:
146 2284 626 2351 officier, voor ccn tijd¬
1708 2284 2771 2367 schen de twee in stagt de Jonker van Rehberg, ontvan¬
642 2302 1709 2400 maar omdat er deor lielhebbers komedie gespeeld wordt
137 2330 624 2391 Taf, verwjjderd van het¬
1716 2315 2785 2408 keljjk voor de aandoeningen van zachtheid en van cer¬
523 2362 616 2417 cen
644 2346 1700 2427 op ecn buitengord, en hij in die komedie cen rol ver¬
137 2366 514 2433 gedaan wordt: op
1715 2354 2774 2443 zucht beide, en die, als hij de zachtheid echt bevindt,
656 2379 1702 2471 vult, oorspronkellik voor cen ander bestemd, die op die¬
141 2397 635 2465 h omgeven weide, om¬
1718 2400 2777 2483 en de glorie die van den Keizer afsti alt niet meer dan
641 2419 1704 2504 zelfde baar eindigt. Iljj heeft verlangd ze te spelen, om
137 2439 647 2506 harige vrouw, twee jon¬
1716 2440 2775 2512 cen verblinding wagrin booze dingen gebeuren, aan het
647 2461 1718 2543 z00 van de profetie cen scherts te maken in het oogen¬
142 2474 622 2544 wijl twee jagers fakkels
1721 2469 2779 2557 hof en de fortuin den rug toekeert, en arm zoo als hij
645 2500 1707 2582 blik der vervulling zelf. De meespelenden, ecn roodha¬
144 2519 623 2580 stervende uitgestrekt lig¬
1714 2510 2789 2608 gekomen is, terugrijdt naur zjjn eenzaam kasteeltje in
650 2541 1708 2617 rig jong meisje, zin eigen zoontje en twee andere kin¬
150 2553 635 2628 ecnige geheimzinnigheid
1718 2583 1946 2640 Bohemen.
662 2576 1714 2663 ders, staan em hem heen, de schrijver van het stuk,
142 2591 641 2661 zich laat bedenken: een
1755 2582 2792 2664 Iljj is gekomen, onze Jonker, „tot ann den rand van
662 2614 1719 2703 wien von Umprecht zijn geschiedenis verhaald heeft,
140 2639 636 2697 swel van ecn stom, ver¬
1734 2618 2800 2713 zin wezen vol eerbied en vertrouwen'', vol goeden moed
653 2657 1720 2739 ziet naar de groep, en naar den man op de baar, die
139 2674 634 2740 nsplaatsje aan de Pool¬
1726 2667 2796 2743 om den Keizer te dienen die hem een half-god geljjkt.
650 2696 1714 2770 vergeet de woorden van zijn rol te zeggen. Incens is al¬
132 2704 640 2777 n, voor uitspanning na
1734 2704 2803 2790 Ilij heeft tot nog toe zoo stilletjes geleefd op dat al¬
653 2729 1710 2809 les in oproer. Het roodharige meisje slaat, met cen gil,
138 2749 645 2824 dienst, niet anders heb¬
1740 2745 2794 2827 gelegen kastceltje: wat gejaagd en gevischt, een ge.
650 2772 1721 2858 de handen voor het gezicht, van den boschrand komen
135 2793 638 2859 demoralisceren er, de cen
1732 2777 2730 2855 moedelijk gesprek gehouden met „zjju twee meiers''
524 2829 644 2877 zich
656 2812 1713 2884 verschrikt twee fakkeldragers toegeloopen. Von Umprecht
1739 2820 2796 2898 Salten is er bijzonder knap in, z00 met ecn enkel in
136 2828 533 2893 ge luitenant schllet
133 2871 653 2925 hrdt cen drinkebroer, be¬
1739 2861 2794 2936 het voorbijgaan gezegd woord een geheele situatiete
660 2884 869 2942 is dood. —
688 2868 1720 2967 „Misschien was het de dwaze jjdelheid mij te voelen
137 2900 651 2975 kriigt zijn ontslag, de ka¬
1747 2903 2797 2971 helpen beschijnen; aan die „twee meiers'' zien we dat
548 2941 646 2996 ja¬
657 2922 1719 3020 als de voltrekker van een ons regeerenden wil.?' De
1731 2931 2807 3010 Jonker Wenzel arm is en onaanzienlijk — hij heeft ook
144 2949 544 3010 aanleiding, woedend
529 2977 647 3039 goe¬
658 2956 1718 3048 schrijver van het tooneelstukje-waarin Umprecht, schifn¬
1745 2968 2807 3047 nog wat gelezen. Dair kriigt hij op ecn goeden dag een
138 2992 533 3051 at hij haar op cen
646 3002 1732 3104 baar in spel, als later blijkt in ernst, den dood zal vin¬
1741 2994 2819 3099 brief van cen nieuw familie-lid, waarvoor de Rehbergs
158 3020 656 3094 : de vrouw bieef, — on¬
658 3049 1723 3130 den, spreckt die woorden uit. Maar de schrjjver van den
1738 3058 2808 3122 eigenlijk den neus wat optrokken: den zoon van cen
156 3056 654 3124 de man stierf in 't gek¬
658 3079 1732 3167 schrijver, Schnitzler zelf, zorgt door de ironische wijze
1737 3093 2817 3169 handwerksman, Nicolaas Perrenot, die met cen Jonk¬
169 3107 654 3167 ellende, waartoe verve¬
668 3102 1741 3213 van zijn voorstelling dat de gedachte aan zulk cen
1747 3126 2813 3203 vrouw Rehberg getrouwd en aan het hof van den Kei¬
203 3139 654 3195 cen goede jongen, be¬
1743 3161 2829 3254 zer tot hoog aanzien gekomen is. De rollen worden ver¬
669 3156 1733 3243 „wil'' niet cens op kan komen — of het moest dan zijn
142 3181 648 3253 naar buitengewoon dom,
1752 3198 2816 3281 wisseld. De handwerkers-zoon wil liever zulk cen obsen¬
659 3193 1730 3303 bij wiize van absurditeit. 206 als hij ons het geval voor¬
157 3225 653 3275 voor philosophie had en
668 3231 1736 3329 steit, is er cen goochelaur, een schim in de hersens van
1750 3236 2831 3315 ren neef niet hebben. Jonker Wenzel moet, onder ziin
130 3253 650 3327 iten leeren en opzeggen.
670 3273 1739 3355 cen Jongenman in hei, gebruik dierzelfde hersens mnar
141 3300 657 3361 Elling gedanu wordt, von
660 3294 2515 3425 matig geoefend, en een beroerte op een movien zomer- 1 protectie, carrière maken in het leger.
146 3344 654 3404 g niet anders te doen dan
163 3379 534 3453 sigaretten rooken.
2898 921 2951 971 5
3022 901 3100 966 4
2894 951 3061 1017 mew
2774 997 3308 1063 Hij gaat. Het is of hij i
2740 1039 3306 1096 De muziek op de markt van
2744 1074 3299 1133 wagens, paardien, kanonnen,
2748 1117 3293 1169 wuivende helmpluimen, de v
2756 1148 3311 1211 gewaden, de gele gezichten e
2765 1185 3315 1251 men der Spanjaarden, die den
2756 1228 3309 1285 landen gevolgd zijn, de mad
2763 1265 3313 1325 wereld-beheerscher heen, bren
2761 1302 3309 1361 verrukking. Hjj verliest alle
2763 1342 3304 1401 barbaarsche strafoefeningen o
2767 1389 3308 1436 trokken. Hjj wocnt ccn gelag
2767 1417 3313 1472 de schaamteloosheid hem, 6
2764 1458 3319 1514 hebben doen walgen. Eindel
2758 1493 3322 1555 magere gebogen, zwakke ged
2759 1530 3296 1590 gezicht. Een spinnetje dat
2754 1569 3300 1622 hem buiten zich zelven van
2769 1590 3324 1659 hij naar het insect. En de J
2769 1642 3313 1706 delijdend hart, cen fijne gee
2772 1673 3320 1750 gezond lichaam, wordt door
2774 1714 3322 1779 dan een seconde geschokt in
2765 1759 3314 1812 zer. Voor hem gelden nu
2781 1789 3311 1855 voor een gewoon mensch.
2782 1834 3310 1894 wust wordt ondergaat zin
2780 1856 3324 1929 draaiing naar den kant van
2774 1909 3323 1972 nebloem verwringt haar vid
2775 1944 3323 2014 neer zij volgznam zich draal
2822 1986 3315 2053 Wat de betoovering breei
2781 2021 3297 2085 van wreedheid door den
2775 2059 3319 2124 vroolijken jongen knecht Di
2786 2097 3317 2159 dreigde verminking te redde
2780 2139 3327 2206 die hem er om smeekt, doc
2789 2175 3326 2235 Keizer, het leger en de fa
2777 2220 3149 2294 zisn eenzeamheid.
2810 2239 3329 2315 Die geheele veelheid van
2784 2289 3322 2351 vat gewecst binnen de nau
2794 2329 3324 2396 ctmaal. Na iaren, wanneen
2795 2369 3320 2426 van Karel V hoort, doem
2793 2402 3327 2471 sioen voor den oud-geworde
2805 2439 3326 2504 Salten alles op een hoogen
2791 2476 3326 2552 gezinnebeeld, ook voor hen
2800 2515 3298 2585 soonlijke valt er af, de
2799 2558 3330 2622 gaaf uit de verdorde omh
2804 2592 3323 2655 van wat toen zinncloos le
2807 2636 3315 2695 waarom toch Keizer Karel
2810 2670 3313 2736 gedaan heeft'’ en in een
2814 2701 3323 2776 het toch ook niet wel te n
2809 2747 3317 2806 toch ook niet goed gekend
2812 2785 3295 2851 en weten toch niets van
2802 2812 3328 2890 hun op geene wisze bewis
2835 2857 3328 2928 Hjj de zachtmoedige, hes
2811 2890 3334 2964 nig begrepen als de gewek
2813 2935 3323 3010 die hem voor schurk uitm
2817 2974 3322 3040 voor den slag het leger ve
3217 2998 3256 3029 741
2813 3002 3321 3082 zeif en de Keizer gelik te
2814 3043 3322 3111 Als con oplossing in min
2824 3085 3327 3151 nant, komt na uitspatting,
2831 3126 3320 3194 van het goede door het b
2826 3176 3048 3246 latenheid.
3134 3289 3191 3351 □0
3108 3572 3249 3658 S
