3344 4224
103 260 927 365 3. Daennerseelen
1078 260 1538 339 box 35/7
1261 980 2175 1167 Kurze Anzeigen
1460 1195 1954 1270 Romane und Novellen
1255 1246 2168 1334 Dämmerseelen. Novellen. Von Arthur Schnitzler.
1295 1310 1913 1363 Berlin, S. Fischer. 132 S. M. 2,—
1252 1345 2167 1407 Die ängstliche Dodo. Novellen. Von Naoul
1288 1390 2178 1454 Auernheimer. Berlin, Egon Fleischel & Co.
1293 1425 1598 1480 192 S. M. 2.—,
1295 1460 2173 1530 Zwei wiener Autoren, die ihre Vorzüge und
1252 1506 2175 1567 vielleicht auch ihre Fehler der Donaustadt danken.
1246 1552 2166 1606 Zwei reiche Erzähler, die in diesen Büchern eine
1255 1566 2174 1639 Welt zu trennen scheint, und die doch vom selben
1244 1623 2170 1672 Typus ausgehen. Zwei Skeptiker, die den alten
1245 1668 2168 1710 Traum und den alten Irrtum belächeln und sich
1242 1710 2174 1765 doch in ihrem Besten nicht ganz freimachen können
1247 1742 2174 1803 von einer leichten Sentimentalität. Der gereifte
1250 1772 2168 1832 Arthur Schnitzler hat den keck genießenden Anatol,
1260 1816 2165 1865 seine Sch##und ein wenig das Spiegelbild
1257 1860 2165 1906 seiner Jugend, in einem geschmackvoll gezügelten
1247 1896 2174 1961 Hang zur Mystik überwunden; der junge, sprühende
1250 1934 2167 1994 Naoul Auernheimer hat denselben Anatol um
1251 1980 2165 2018 eine spitze, spöttische Note bereichert. Schnitzler sucht
1250 2017 2165 2074 seine seltsamen Menschen (in diesem Bändchen)
1244 2058 2162 2106 tastend an den Toren der Geheimnisse, die wir
1242 2106 2158 2156 nie erschließen: Auernheimer findet seine nicht un¬
1240 2120 2162 2191 gewöhnlichen Modelle mitten auf dem Jahrmarkt
1249 2172 2168 2220 verliebter Eitelkeiten. Schnitzler rührt mit leisen
1247 2218 2165 2267 Händen an traufzendentale Fragen, spürt dem
1245 2252 2163 2309 dämonischen Zusammenhang nach zwischen seinen Ge¬
1242 2287 2166 2336 stalten und den Erlebnissen ihrer dämmernden Seelen.
1244 2331 2170 2372 Auernheimer zeigt uns seine robusteren, kantigeren
1242 2372 2186 2448 Leutchen in die Narrheit des Alltags verstrickt,
1279 2486 2207 2530 gehemmt, geschoben von Liebe, Protektion, fremder
1281 2526 2191 2566 Perfidie und eigener Dummheit. Schntkers nach¬
1287 2561 2209 2611 haltige Wirkung (in diesem Bändchen) beruht in der
1279 2598 2208 2639 sachte gleitenden, behutsam verschleiernden Art des
1285 2638 2205 2687 Erzählens, die scheinbar das Alltägliche gibt und
1288 2677 2206 2719 doch das Wunder anbietet, die scheinbar nüchterne
1285 2711 2214 2769 Wahrhaftigkeit anstrebt und doch die Möglichkeit
1293 2759 2204 2790 eines geistreich spielenden Fatums nahelegt. Yuern¬
1284 2798 2208 2852 heimers kecke Kunst (in allem, was der Talentvolle
1293 2834 2206 2882 bis jetzt veröffentlicht) wurzelt in der satirischen Welt¬
1279 2877 2209 2929 auffassung: daß wir, unter gewissem Gesichtswinkel
1282 2912 2210 2950 betrachtet, alle Narren sind und Philister, deren
1292 2953 2202 3001 widerspenstiges Zöpfchen dem Auge, das sich aus¬
1286 2987 2214 3036 kennt, von keiner pfiffigen Mode zu verbergen ist.
1294 3031 2204 3071 Schnitzler schildert Amouren, aus denen Auernheimer
1285 3071 2210 3114 übermütige Satiren gemacht hätte, und gibt dem
1281 3109 2208 3147 Schicksal des kultivierten Freiherrn von Leisenbogh
1292 3146 2206 3181 oder der Ehe des biedern, ein bißchen spießigen An¬
1288 3188 2209 3222 dreas Thomeyer den tragischen, diskret ins Mystische
1283 3220 2211 3270 gelenkten Schluß. Auernheimer ergötzt uns mit Liebe¬
1292 3267 2210 3311 leien und gewinnt dem Ende jedes Abenteuers eine
1292 3301 2207 3353 neue, hübsche, pilante Note ab. Schnitzler lächelt den
1286 3344 2206 3382 Gestalten seiner Fabulierkunst wehmütig nach: wer
1283 3397 2208 3435 will sagen wessen Opfer sie geworden? Auern¬
1283 3423 2198 3465 heimer kichert hinter seinen Doras und Dodos her:
1287 3460 2208 3507 Narren, die ihr seid, euch zu ängstigen um die Nache
1285 3498 2217 3541 eines Feiglings, euch zu mühen, um die Treue
1286 3533 2218 3589 einer Leichtsinnigen! Schnitzler schrieb diese feinen
1291 3578 2214 3624 Novellen mit dem Herzen; und jene dunklen, weichen
1286 3615 2201 3672 Untertüne wustischer Vurif #ie schon „ Mara
