3344 4352
185 260 537 352 3. Daem
1172 255 1628 338 box 35/7
539 259 1052 352 merseelen
985 494 1024 568 6
934 548 990 629 2
1061 457 1924 638 Eitrarliche Kundschau 3 0
1213 626 1602 694 Neue Novellen
1049 697 1757 754 Von Willy Rath (Düsseldorf)
882 738 1908 820 * Der Titel enthält eigentlich eine Überfüllung —
863 804 1942 860 sauf grammatisch: pleonasmus; denn Novelle,
863 836 1951 888 (novella sagt bekanntlich nichts anderes als
875 879 1946 935 „Neuigkeit“. Eine Abart der „Mordgeschichte, die
881 925 1956 986 sich neulich zugetragen hat,“ war ursprünglich die
1859 969 1949 1024 im
886 980 1854 1029 Novelle. Und den Charakter hat die Novelle
1218 1009 1955 1066 abgesehen nämlich von der Er¬
888 1020 1214 1080 wesentlichen —
886 1055 1944 1110 weiterung zur Erzählung, zum kleinen Roman — bis
880 1103 1948 1154 heute bewahrt. Nur daß sie statt der Wirklichkeit
883 1145 1954 1214 des Vorgangs längst die Besonderheit allein betonte
887 1186 1951 1249 und den Stoff erfand oder doch ganz frei um¬
883 1224 1956 1298 gestaltete; statt der Frische des Geschehens ward die
880 1281 1957 1333 Neuartigkeit von Bedeutung, statt der örtlichen
887 1319 1947 1374 wurde die allmenschliche Teilnahme angeregt. Aus
887 1362 1962 1425 den vermischten Nachrichten erwuchs die künstlerisch
893 1406 1957 1472 auf einen Punkt gesammelte kurze Erzählung irgend¬
896 1453 1957 1510 eines mehr oder minder erstaunlichen Menschen¬
899 1515 1956 1555 erlebnisses und daraus, durch folgerichtige Weiter¬
896 1542 1966 1596 verinnerlichung die gleichgeformte Darstellung eines
901 1586 1839 1660 seelischen Erlebnisses, die psychologische Novelle.
961 1633 1971 1686 Das Besondere, meist Absonderliche der richtigen
898 1670 1966 1734 Novelle ist in allen drei neuen Novellensammlungen,
897 1722 1967 1776 die hier zu betrachten sind; aber auf verschiedene
1704 1759 1966 1815 bringt
898 1763 1544 1833 Weise. Der Wiener Arthur #
903 1777 1966 1864 im ganzen die stilordentlichere, flicht die wertvollere
913 1846 1965 1912 Gabe. Die beiden anderen Dichter Johannes Schlaf
902 1888 1978 1947 und Wilhelm Mießner, erweitern öfters die Form vom
910 1939 1973 1996 (psychologischen) Erlebnis oder Konfliktbericht zur
910 1988 1967 2031 Schilderung eines ganzen Charakters oder Natur¬
916 2024 1969 2088 ausschnittes. Schnitzler, in seiner kühlen donau¬
910 2064 1975 2126 französischen, d. i. durch Umwelt und Anempfiundung
918 2131 1968 2177 halbromanisch gewordenen Art mit süddeutsch ge¬
907 2152 1974 2206 töntem Vortrag, legt diesmal besonders deutliches
917 2202 1966 2262 Hauptgewicht auf den Vorgang — um sich mit dem
912 2240 1852 2333 feinsten Skeptikerlächeln darüber zu stellen.
1007 2325 2005 2408 „Dämmerseelen“ nennt er sein jüngstes
936 2386 1993 2445 Bändchen und beschwert das Wort mit einem ge¬
944 2433 2001 2484 rüttelten Maß kecker Ironie. Ein Teil der „Dämmer¬
954 2475 1998 2532 seelen“ könnte schlechthin auch dumme Seelen heißen.
942 2524 1999 2578 Arthur Schnitzler hat diesmial den Aberglauben aufs
952 2564 2008 2614 Korn genommen; allerlei Aberglauben, wozu er
947 2602 2001 2660 vornehmlich auch — und wer will ihn widerlegen?
1001 2641 2018 2691 den Glauben an ein treuloses Weib zu rechnen
945 2688 2009 2751 scheint. „Das Schicksal des Freiherrn von Leisen¬
950 2740 2006 2792 bohg“ ist die bitter=frech zugespitzte Tragikomödie
946 2775 2005 2832 eines mit äußerster Zähigkeit Verliebten. Nach jahre¬
949 2832 2006 2883 langem werbenden Zusehen wird ihm die volle
950 2871 2007 2919 Gunst der veränderungssüchtigen Künstlerin gewährt,
942 2916 2003 2961 aber dann gleich wieder entzogen, und er muß
954 2963 2009 3012 erfahren, daß er auch dieses flüchtige Glück nur dem
1880 2995 2010 3050 ihr
942 2994 1876 3055 Aberglauben der Angebeteten verdankte:
953 3034 2012 3094 vorletzter Liebhaber hatte im Sterben seinen
946 3083 2014 3132 Nachfolger verflucht, sie aber war neu ver¬
948 3124 2011 3187 liebt in einen nordischen Sänger, und um
949 3182 1971 3229 diesem nicht den Fluch zuzuziehen, hatte sie —
953 3225 2006 3272 zunächst den Freiherrn von Leisenbohg erhört. Ahn¬
953 3259 2006 3318 lichen Geistes sind die Novellen „Die Fremde“ und
950 3310 1702 3364 „Andreas Thameyers letzter Brief“
1006 3346 2022 3403 Erzählt ist jedes dieser Geschichtchen so geschickt
955 3391 2017 3447 trocken, daß die Bitterkeit solches Zynismus' ver¬
957 3434 2010 3490 hältnismäßig wenig durchdringt. Dennoch sind die
961 3479 2015 3532 Gipfelpunkte, die äußerste Torheit der drei Dämmer¬
950 3524 2014 3589 helden keineswegs glaubhaft gemacht. Hier, wie in
954 3575 2014 3632 „Die Weissagung“ einer ulkigen Verspottung der
950 3619 2007 3666 Ahnunggläubigen, wird im Grunde nur ein mehr
958 3655 2008 3708 oder minder witziges Spiel des Verstandes getrieben,
953 3702 2007 3758 wobei gelegentlich mit Grazie offene Türen er¬
964 3751 2017 3808 schlossen werden. Gefühlskunst bringt diesmal nur
959 3785 2013 3841 „Das neue Lied“: das tragische Ende eines armen
958 3833 2008 3885 Wiener Mädels von den Volkssängern, die das
961 3883 2021 3929 doppelte Unglück hat, zu erblinden und einen dummen
957 3925 2015 3976 Kerl zu lieben. Es gehörte viel sicheres Können dazu,
950 3973 2010 4016 einem so beschaffenen Stoff nicht in volkssängerliche
948 4007 2011 4058 Sentimentalität zu folgen, sondern ein zitterndes,
953 4053 2011 4112 sprechendes Stück Leben daraus zu machen, wie es
1264 4089 2032 4171 (bis auf das unnaiv Nachträgliche.
952 4106 1245 4159 dem Wiener —
1456 4139 1788 4188 hier geglückt ist,
945 4148 1384 4193 seines Schlußberichts)
