3344 4320
616 290 713 341 S
1143 261 1576 352 box 3577
151 284 964 355 5 .
749 1005 881 1066 688
759 1090 1522 1166 in alle Pracht des Wälzers zu vertiefen.
758 1160 1524 1199 Lichtenberg hat seine Anmerkung halb
763 1203 1531 1238 ironisch gemeint, halb vorwurfsvoll, die
754 1235 1520 1284 Deutschen tadelnd, da sie sich aus lang¬
761 1281 1539 1322 lebiger Gewöhnung nicht entschliessen
763 1307 1514 1351 können, die Form des knappen, fort¬
757 1351 1534 1399 stürmenden Talentes gut zu finden. Aber
754 1390 1532 1439 die Bcobachtung des klugen, in der
763 1418 1525 1480 mathematischen Arbeit geschulten Man¬
764 1469 1521 1508 nes enthält auch durchaus ernste Wahr¬
765 1504 1524 1557 heit. Durch die Schnellposten wurden
758 1544 1532 1598 die ewiglaufenden Romane der Empfind¬
767 1595 1524 1632 samkeit gekürzt; durch die Eisenbahnen
764 1629 1524 1665 im ersten Stadium der technischen Ent¬
757 1661 1526 1716 wickelung wurde der verkürzte Roman
763 1699 1527 1737 noch mehr geschmälert, und die Novelle
759 1742 1522 1789 wurde die beliebteste Geschichtengattung.
770 1774 1526 1830 Mit den D-Zügen, die blitzartig rasen,
763 1819 1528 1867 wurde die Novelle auch schon unmodern,
758 1855 1528 1916 die Skizze gewann eine nie geahnte Be¬
758 1895 1526 1942 deutung. Sie wurde in einer raffinierten
766 1936 1520 1989 Technik ausgebildet. Sie wurde von
761 1973 1532 2025 den sublimsten Literaten im Gegensatz
763 2014 1526 2064 zu vergangenen Dezennien gepflegt. Und
764 2053 1531 2094 heute sind die Skizzenbände schon so
760 2088 1524 2138 unzählbar, schon so sehr ein Arbeits¬
769 2130 1526 2179 gebiet der alleswollenden, zahllosen
771 2168 1526 2218 Dilettanten geworden, dass die Auswahl
763 2206 1527 2260 aus dem Riesenhaufen eine strapaziöse,
765 2259 1526 2299 durch unwirtliches Gestrüpp führende
763 2290 1530 2332 Mühe ist. Aber eunges in Betracht
771 2324 1533 2369 Konnnenderse; hervorgehoben, sei in sei¬
777 2364 1261 2414 ner Art gekennzeichnet.
768 2395 1522 2462 Oben Arthu Sch
772 2450 1541 2491 Skizzenband erseibst nennt ihn Wavel¬
770 2480 1524 2535 leu) erschien bei S. Fischer. Dämmer¬
773 2517 1525 2567 geelen steht auf dem Deckel. Also ver¬
779 2566 1528 2606 schattete Gemüter will er beschreiben,
853 2597 1535 2643 ihnen Geheimnisvolles, das nicht
770 2604 838 2650 11
771 2637 1529 2692 durchsichtig in der Sonne zum Antasten
760 2674 1527 2718 daliegt. Nebenwegen des Gefühlslebens
768 2715 1540 2761 will er nachgehen. Er kann es, indem
761 2745 1537 2796 er aus seiner menschlich-ärztlichen Er¬
771 2791 1540 2834 fahrung sich an Sonderfälle der Psycho¬
761 2831 1535 2887 logie erinnert, indem er vielleicht auch
772 2870 1540 2914 den abstrakten Abschnitt eines medli¬
765 2906 1538 2953 zinischen Lehrbuches in die Sprache und
767 2949 1538 2997 die Anschauungskraft des Poeten ver¬
773 2984 1543 3025 setzt. Seine skizzierten Novellen, die
769 3028 1532 3076 fast ganz auf das unbelebte Detail ver¬
762 3068 1530 3109 zichten, es nur stricheln und nicht aus¬
779 3103 1534 3153 malen, sind einfach Krankheitsbilder.
774 3148 1530 3188 Aber Berichte von Patienten, deren Puls
766 3179 1540 3231 nicht bloss gehört, sondern deren Denken
769 3221 1541 3260 belauscht wurde. Da nimmt zum Bei¬
775 3259 1540 3307 spiel Schnitzler eine Maske. Er lässt
773 3297 1534 3350 seinen Andreas Thomeyer selber reden.
766 3351 1538 3392 Der schreibt einen Brief, in dem er dar¬
772 3373 1537 3420 legt, dass er in den Tod gehe, um durch
774 3412 1543 3463 sein freiwilliges Hinscheiden die makel¬
763 3467 1545 3506 lose Treue der Gattin zu beweisen. Die
1684 989 2330 1053 RUNDSCHAU: KUNST: DICHTKUNST
1545 1092 2312 1158 Gattin hat nämlich ein schwarzes
1548 1143 2325 1195 Knäblein auf die Welt gebracht. Es kann
1553 1189 2321 1235 der Verdacht entstehen, sie habe im
1557 1221 2323 1266 Ehebruch mit einem Neger den Kna¬
1559 1262 2325 1308 ben empfangen. Gegen diese Schnöd¬
1559 1307 2320 1353 heit will Thomeyer, ein korrekter, bis
1676 1341 1715 1365 —
1557 1339 2325 1395 aufs i- lipfelchen genauer Beamter, sein
1548 1388 2320 1430 geliebtes Weib schützen. Und er setzt
1553 1425 2324 1471 sich hin, studiert die gynäkologischen
1556 1457 2345 1512 Lehrbücher und bezeugt durch klipp¬¬
1551 1498 2320 1546 klare Wissenschaftlichkeit, dass seine
1549 1534 2330 1585 Gattin sich nur versehen, ihn niemals
1550 1573 2326 1629 betrogen hat. Der Dichter gibt dem
1555 1607 2322 1664 Leser die Handhabe, seine Schreibart zu
1546 1651 2329 1706 erkennen. Er ist schon so gereift.
1561 1683 2334 1732 dass er kühl und mächtig den höchsten
1557 1728 2329 1778 Leidenschaften entgegensteht. Er hat
1559 1779 2309 1820 die Lehrbücher wohl selbst durchstu¬
1560 1812 2315 1860 diert, die sein Thomeyer nennt, und er
1549 1858 2312 1897 verknüpft die Daten nicht mit meta¬
1556 1889 2326 1933 physischer Phantasie, sondern mit rea¬
1555 1930 2328 1973 listischer. Er will kein Zeitbild geben.
1559 1973 2326 2010 sondern ein Personenbild, eine Sil¬
1548 2005 2318 2052 houette. Er darf keine breiten Farben
1552 2048 2318 2087 und Worte gebrauchen, er sucht nach
1557 2079 2325 2120 den klitzerkleinen, zarten Ausdrücken,
1552 2128 2327 2170 nach Rosenworten mit halbstumpfen
1551 2156 2157 2209 Stacheln einer sachten Tronie.
1556 2205 2322 2251 Diese Kunst ist schwierig. Sie ist vor
1553 2234 2320 2293 allen Dingen nicht ausgiebig, weil sie
1554 2291 2308 2328 vom Autor verlangt, dass er seine win¬
1903 2313 1957 2347 7“
1554 2308 2323 2374 zigen Arbeiten sorgfaltig und enthaltsam
1547 2365 2325 2412 mt sich in Gedanken t#ge, ehe er
1560 2401 2324 2447 sie vollendet. Darum können die Skizzen
1555 2430 2316 2479 nur von sehr Begabten oder von Un¬
1557 2467 2318 2517 begabten, Flüchtigen, geschrieben wer¬
1549 2508 2325 2564 den. Sie brauchen teilweise die Kon¬
1553 2547 2333 2604 zentration des lyrischen Gedichtes, und
1557 2594 2321 2640 wenn an Stelle solcher Sammlung die
1555 2625 2324 2676 Wucht des Verblüffens, an Stelle der
1564 2671 2324 2713 spielend harmonischen Kunst die nur
1551 2706 2325 2761 schimmernde und scheinende Feuerwerks¬
1559 2740 2318 2790 kunst des Situationswitzes, des Kalauers
1560 2788 2330 2834 mit tragischer oder komischer Pointe
1561 2823 2331 2871 gesetzt wird, dann kann die Skizze sehr
1562 2861 2331 2902 bald ein mangelhaft Gebilde sein. Sie
1565 2902 2318 2949 ist von solcher Qualität bei Schnitzlers
1548 2946 2317 2992 Landsmann Raoul Auernheimer
1551 2978 2318 3034 der seinen Band nach dem ersten Ge¬
1552 3016 2327 3068 schichtlein Die ängstliche Dodo genannt
1548 3064 2324 3109 hat /Berlin, Fleischel). Auernheimer ist
1553 3098 2331 3149 ganz zum Spotten aufgelegt und möchte
1550 3151 2326 3187 ahnen lassen, dass hinter seiner Resig¬
1552 3181 2328 3224 nation, seinem Hohnlächeln, hinter sei¬
1561 3212 2330 3259 nem nicht bissigen Knurren tieferer Sinn“#
1567 3256 2336 3297 liege, Weisheit in Erfahrung gesammelt,
1560 3295 2327 3353 Abgeklärtheit durch Leiden vielleicht.
1563 3335 2325 3387 Vielleicht. Denn dieser Schriftsteller ist
1559 3367 2337 3424 eines jener Talente, die nicht aus dem
1559 3415 2331 3457 Boden wachsen, sondern aus dem Lite¬
1564 3444 2330 3519 raturbetriebe. Ein sehr geschickter Mit-)
