3392 4384
1072 244 1518 335 box 35/7
399 266 448 318 m
143 256 931 344 Dachherseelen
998 513 1384 590 Telephon 12801.
325 682 1373 784 Mnste Beerstnnn
245 719 304 791 2
306 780 1387 848 I, österr. behördi. konz. Unternehmen für Zeitungs-Ausschnitte
394 819 1287 897 Wien, I., Concordiaplatz 4.
620 899 1065 969 Vertretungen
251 952 1371 1003 □ in Berlin, Budapest, Chicago, Christiania, Genf, Kopen¬
219 990 1388 1067 E hagen, London, Niadrid, Mailand, Minncapolis. New-Vork,
333 1031 1344 1107 Paris, Rom, San Francisco, Stockholm, St. Petersburg.
643 1079 1052 1127 (aueliehangabe ohne Gewähr,
223 1118 590 1213 * Aussohnift,
720 1102 1296 1207 Währisch-, Schlosischer
428 1162 720 1251 ·.MR 1.1907
731 1208 1275 1304 Corrospokdont, Brann
238 1243 463 1304 E vom:
442 1389 1174 1482 Vom Büchermarkte.
364 1482 1347 1567 (Arthur Schnitzler „Dämmerseelen“.) Novellen.
280 1520 599 1597 Berlin 19
710 1531 1363 1596 — Wenn man genauer hin¬
277 1576 1355 1641 horchte, konnte man schon in einigen der letzten
275 1649 1351 1700 Stücke Schnitzlers — man denke an „Die Frau mit
281 1676 1364 1750 dem Dolche“ und den „Tapferen Cassian“ — mystische
281 1738 1372 1800 Untertöne mitschwingen hören. Töne aus einer über¬
282 1787 1353 1849 fnnlichen Region, zu melodischen Akkorden vereint,
279 1833 1369 1897 dominieren in diesen fünf Novellen, die uns deutlich
277 1885 1364 1947 zeigen, in welchen Gedankenkreisen das gegenwärtige
276 1933 1353 1992 Schaffen des Wiener Meisters sich bewegte. Dämo¬
280 1995 1359 2044 nische Motive sind in wienerische und tirolische Ge¬
271 2028 1358 2110 genden hinein versetzt. Eine ganz eigenartige, spirle¬
284 2083 1353 2136 erische Grazie offenbart sich hier, ein leichtes, amü¬
283 2142 1362 2199 santes Getändel mit menschlichen Schicksalen, ein
281 2195 1352 2248 verblüffendes Fangballspiel mit Menschen und
278 2234 1361 2295 Lannen. Und Mensch und Landschaft ergänzen ein¬
280 2284 1366 2328 ander doch so reizvoll. Liest man zum Beispiel „Das
279 2336 1358 2383 neue Lied“, die wagemutigste dieser Novellen, dann
282 2381 1361 2432 glaubt man die würzige Luft des Kahl###ges ein¬
280 2430 1359 2489 Zzuatmen, sieht die rebenbekränzten Hüt ings um
289 2480 1350 2531 Wien, hört ein Schrammelquartett seine lustigen
286 2518 1354 2591 Weisen spielen und lebt ein Stückchen Vorstadtro¬
284 2573 1344 2631 mantik mit. Aus dem seltsam=vertranten Geiste der
944 2624 1123 2674 —
277 2669 1358 2723 lten Kaiserstadt an der Donau scheinen diese wun¬
276 2689 1364 2779 Hersamen Novellen geboren und sie muten wie die
283 2758 1356 2826 Meize Wiens selbst wie liebliche Pastellbilder an.
1190 2811 1257 2874 F.
274 2836 669 2904 G w esch. vener—.
946 2844 1426 2923 ———
436 2900 1335 2995 Wien, I., Concordiaplatz 4.
672 2984 1089 3042 Vertretungen
296 3032 1411 3103 2 in Berlin, Budapest, Chicago, Christiania, Genf, Kopen¬
334 3092 1430 3134 Nagen, London, Madrid, Mailand, Minnespolls, New-Vork,
374 3117 1396 3166 Paris, Rom, San Francisco, Stockholm, St. Petersburg.
684 3153 1075 3220 Kuellesangabe ehne Oevahr.
292 3184 760 3286 Ausschnitt aus:
716 3225 1423 3331 annoverscher Courier
458 3267 716 3345 □NR1 190
265 3314 582 3377 vom
690 3304 1349 3379 comsc ist.
358 3362 1424 3411 Gern wird man den Novellen, die Arthur Schnitz¬
272 3409 1232 3454 ler unter dem Titel „Dän merseelen##
284 3443 1415 3487 seine Aufmerksamkeit zuwenden. Nicht, als ob sie alle Meister¬
280 3489 1430 3523 werke wären. Sie sind es, das erste Stück „Das Schicksal des
281 3523 1423 3577 Freiherrn von Leisenbogh“ ausgenommen, nicht, aber sie sind
286 3574 1424 3608 alle in so vornehmem, anregendem Ton erzählt, daß sie den
285 3609 1432 3659 gebildeten Leser sofort festzuhalten wissen. In den meisten
288 3640 1418 3688 der Novellen treibt irgend ein Geheimnis, ein mystisches Ver¬
286 3685 1407 3726 hängnis, ein verderblicher Aberglaube sein Spiel. Sehr ernst
293 3726 1422 3776 ist es Schnitzler mit diesen okkulten Feagen freilich nicht
277 3752 1432 3827 ewesen. Seine Mystik ist oft nichts anderes als eine Mesti¬
278 3804 1432 3852 'fikation, und selbst der zweiten Novelle, die ganz auf der
289 3844 1431 3901 Basis okkulter Zusammenhänge sieht, ist durch die Häufung
283 3892 1420 3935 der Wunderlichkeiten am Schlusse eigentlich die Spitze abge¬
284 3928 1434 3969 brochen; ernst kann man sie kaum mehr nehmen. Auf Aus¬
280 3968 1435 4011 heute an tieferen Erkenntnissen darf man daher bei Schnitz¬
277 4002 1422 4055 ler nicht rechnen. Er ist anspruchslos, will unterhalten, nur
278 4049 1424 4093 unterhalten, und es wird ihm niemand abstreiten wollen, daß
281 4089 1419 4145 er dies Ziel in geschmackvollster Weise verfole und es auch
267 4123 448 4192 erreicht.
2542 424 2940 529 Telephon 12601.
1798 565 1873 639 6
2259 604 2937 717 Se Snmn
1826 547 2257 735 Sen
1799 706 2942 769 □ l. österr. behürdl. konz. Uetergehmen für Zeitungs-Aesschmitte
1975 754 2842 854 Wien, I., Concordiaplatz 4.
2199 839 2632 911 Vertretungen
1799 852 1889 905 2
1808 869 2954 952 0 in Berlin, Budapest, Chicago, Christiania, Genf, Kopen¬
1797 917 2957 1008 hagen, London, Madrid, Mailand, Minncapolis, New-Vo. K,
1818 977 2909 1036 0 Paris, Rom, San Francisco, Stockholm, St. Petersburg.
2218 1007 2617 1079 (Oeellenangabe ohne Gewahr.
1805 1067 3100 1168 & Ausschnittaüfgg lanzeiger fr Hamburg-Altona
1806 1119 1841 1154 F
2454 1146 2724 1236 Harebig#
1802 1151 2392 1252 E vom: 7· APR1907
2722 1207 2993 1269 Gette 19
2210 1286 2556 1345 Dämmerseelen.
2002 1319 2784 1397 Novellen von Arthur Schninler
2110 1378 2649 1446 S. Fischer, Verlag, Berlin.
1791 1426 3026 1482 Ein seltsames Buch, ganz aus der Stimmung geboren, die der
1733 1458 3026 1524 Wiener Dichter auch in seinen letzten Dramen vom Gegenständ¬
1736 1501 3015 1562 lichen zum Uebersinnlichen treibt. Der nicht den klaren, heller
1736 1547 3012 1597 Tag liebt, sondern sich grüblerisch hinter die dunklen Vorhäng
1739 1590 3003 1631 mystischer Reflexionen zurückzieht und dort geheimnisvollen Rätsel
1740 1630 3009 1691 nachsinnt. An solchen Retseln gehen die passiven Helden diese
1749 1660 2906 1705 Novelenzyklus zugri## Irgendein Unnennbares, aus
1750 1698 3020 1755 schnurten Tiefe der heimnisvollen Stammendes, dringt jä
1740 1734 3028 1793 auf sie ein, packt sie und wirft sie um so sicherer von de¬
1742 1784 3024 1833 Lebensbühne, weil sie alle — Duldernaturen, keine Krastmenschen —
1747 1821 3018 1871 sich dem zerpressenden Druck des finsteren Geschickes nicht zu
1745 1856 3030 1899 entziehen vermögen. Schnitzler vartiert hier in einer leise tastenden
1737 1897 3037 1944 Diktion und einer kühl-nervösen Ausdrucksform die an Jakob
1739 1919 3050 2004 Wassermanns letzte, gespenstische Novellenphantasien mahnt, in
1746 1973 3019 2016 Grunde gewiß nur sein altes Lieblingsmotiv, das die Zusammen¬
1745 2014 3030 2066 hänge zwischen Tod und Loben deutlicher aufhellen möchte. Aber
1747 2054 3024 2106 seine Schilderungswege begleiten hier nicht die Hinterbliebenen über
1752 2091 3032 2150 ihre durch das Ableben eines teuren Menschen verwirrten ferneren
1747 2133 3036 2187 Lebensschritte. Der Sterbende selbst ist das Objekt, dessen letzte
1750 2172 3018 2223 Schicksale die Hand dieses versonnenen Seelenarztes jetzt seziert.
1746 2206 3036 2250 Dessen Daseinsschluß er nicht als spontanes, aber wohlbegreifliches
1747 2246 3027 2295 Ereignis betrachtet wissen möchte, sondern als letztes Glied an
1745 2282 3032 2338 einer umfangreichen, von geheimnisvollen Mächter geschmiedeten
1733 2323 1942 2369 Kette.
2015 2324 3029 2380 tsonderbar, daß gerade dieser Mediziner — Artur
1745 2360 3028 2412 Schnitzler kommt ja aus diesem so skeptischen Berufe — der mo¬
1753 2394 3028 2445 dischen Auffassung von der Absurdität des Todes, der Auffassung,
1748 2437 3031 2483 die zum Tode wie zum Tanze schreiten läßt, nicht geneigt
1752 2479 3023 2524 ist. Daß er vielmehr den Todesgeist mit Ehrfurcht als etwas Ueber¬
1745 2519 2917 2563 lebens roßes Gewaltiges grüßt, wie die Alten es taten.
1798 2529 3028 2615 Dienas Bild des Nicht=Ausweichenkönnens — man sieht es beim
1739 2579 3023 2651 Lesen förmlich fiziert vor sich, wie eine schwarz gekleidete, ernste
1738 2632 3031 2678 Gestait mit bissen Zügen einem Menschen still nachschreitet, un¬
1739 2670 3034 2706 entwegt und ohne von seiner Spur zu weichen: dieses Bil wird
1739 2706 3029 2767 in der Novelle „Die Weissagung“ am deutlichsten gegeben. Ein
1743 2748 3035 2802 junger Leutnant hat da in einem jüdischen Chiromanten den Ver¬
1750 2791 3029 2837 künder seines Schicksals erlebt. Besser den Verkünder einer Szene
1747 2825 3029 2877 seines Schicksals. Der Jude hat vorher mit seinen mystischen
1754 2869 3022 2918 Manövern, die sichtlich mehr sind, als Alfanzereien, das ganze
1738 2900 3028 2946 Offizierskasino rebellisch gemacht. Dann steht er mit dem kleinen
1738 2941 3009 2993 Offizier im schwarzen Kasernenhof, und in der Abenkäuft prägt
1745 2981 3044 3028 sich vor den Augen des Jünglings ein Bild aus, das ein Motiv
1743 3019 3056 3063 seiner Zukunft darstellt. Der junge Aristokrat will diesem End¬
1741 3058 3022 3108 punkt seines Lebens aus dem Wege geyen. Aber sein Mühen ist
1745 3080 3047 3149 zweckws. Und man folgt mit erregten Sinnen, die gern das
1753 3132 3032 3187 Abstrakte, Irregale leugnen möchten und sich doch dieser starken
1748 3166 3043 3228 Schilderungskunst ergeben müssen, den eifervollen Bestrebungen
1742 3211 3037 3249 des Erzählungshelden, sein Schicksal selbst zu machen: den Griffen,
1738 3248 3040 3290 mit welchen ihn die Norne immer wieder auf die Linie der
1735 3282 3024 3329 vorgeschriebenen Bahn zurückreißt, zu entrinnen. Bis er — in¬
1742 3330 3032 3370 mitten einer leichten, Feserlschaftlichen Veranstaltung — da endet,
1739 3370 3032 3415 wo er sich einst, unter dem Einflusse jenes Zaulerers, enden
1740 3402 3039 3480 sah. In jener Situation, die ihm die Zeremonie des Zauberers
1735 3442 1954 3499 zeigte
1799 3464 3041 3544 Die Wirkungen solcher naturgemäß mehr artistischen als un¬
1743 3529 3024 3585 mittelbar künstlerischen Erzählungsversuche steigert Schnitzler gern,
1739 3572 3037 3632 indem er der tragisch-transzendentalen Pointe einen grotesken
1732 3602 3033 3649 Ausklang anheftet, der aber die Wucht dieser satalistischen Welt¬
1734 3647 3045 3705 anschauung niemals schmälert, sie im Gegenteil noch grausamer,
1746 3686 3030 3729 brutaler, entsetzlicher erscheinen läßt. Da zeigt die kleine Epi¬
1744 3721 3033 3774 sode „Die Fremde“ einen armen Burschen, der sein geistiges, see¬
1736 3765 3034 3805 lisches und materielles Ich der Neigung zu einer halbirren, sosönen
1733 3805 3040 3857 Frau opfert — man denkt an Katharina aus des Dichters letztem
1737 3834 2417 3882 Drama „Der Ruf des Lebens“ —
2416 3845 3030 3900 und der, bevor er ruiniert zur
1746 3879 3034 3942 Pistole greift, ihr mit den Resten seiner Habe den Bronzeabguß
1732 3916 3030 3981 eines Standbildes kauft, vor dessen Original er sie verzückt vor
1745 3956 3038 4008 kurzer Zeit gefunden hat. Und neben dieser beklagenswerten Ma¬
