3392 4352
1414 67 2609 142 ensenenenden en enenenenee
211 114 1407 169 In der Wasagasse zum Beispiel, wo die Neue Wiener Bühne
1411 130 2633 201 was Wertvolles enthalten, Kurzum, werden Sie nur nicht
214 169 1421 229 heuer so eine Garnitur entzückender Frauenzimmer engagiert
1417 173 2636 252 nervös, trotzdem die Sache danach is, der Herr, der die Asche!
202 210 1406 267 hat, — Gott ich sag' ja nix, denn ich bin doch ka Tratschen,
1413 233 2626 310 in Verwahrung hatte, war zur Nachtzeit eingeschlafen und als
205 252 1403 308 wie Sie wissen, — waren noch nie so viel fürstliche und barön¬
1418 285 2626 359 er aufwachte, sah er, daß nicht nur der fremde Mitreisende, son¬
205 304 1409 369 liche Gummiradler zu sehen, wie jetzt. Und dabei hat das
1415 330 2623 403 dern gleichzeitig auch das Päkchen spurlos verschwunden war. Der
210 360 2618 451 Theater daneben noch so viel wirkliche Talente, die natürlich jote Freund war ihm gestohlen worden! Nichts kann das
204 402 525 483 zu Fuß gehn.“
1400 417 2634 499 Entsetzen des Unvorsichtigen schildern und nichts die Peinlichkeit
301 470 2632 523 „Die Lisa Michalek, net wahr, meinen S', von der jetzt des Gedankens, was der enttäuschte Dieb wohl mit der Asche
214 509 1032 590 weg'n 'n „Luxuszug“ ganz Wien spricht?“
1396 523 2621 589 getan haben könne, der Asche des für die reinste Bestattung
298 568 2623 642 „Jawohl, das is eine von den stärksten Begabungen und enthusiasmierten Mannes, Man half sich, indem man den
212 614 2617 695 jetzt hören Sie sich der ihren Werdegang an. Vor zwei Jahren Schein aufrecht hielt; in den Sarg wurde ein Päckchen gelegt,
203 658 1407 714 is die junge Schauspielerin, a Schwester von der Opernsängerin,
1416 670 2627 756 ein Päckchen Sand, dem nun alle weiteren Zeremonjen galten.
202 705 1411 764 im Berliner Theater aufgetreten. Als Franziska in „Minna
1410 716 2593 810 Die wenigsten Särger und Schüler hatten eine Ahnung...
203 758 1407 815 von Barnhelm“. Sagen die Spree=Kriiker: „Es war nischt!“
1411 754 1980 835 Nun, was sagen Sie dazu?“
202 794 1424 868 Schreit der Direktor Meinhard: „Aus Ihnen wird Ihr Lebtag
1505 795 2629 903 „Jetzt sag' ich gar nix mehr,“ erwiderte das Mädchen,
201 854 1411 905 nichts rechtes. Die Bühne möcht ich sehn, an der Sie mög¬
1420 854 1994 930 hielt Wort und blieb stumm.
206 898 1419 957 lich sind!“ Geht die Michalek nach Wien, gefällt in „Revo¬
1492 893 2634 987 Der Moritz aber ersah aus dieser ihrer außergewöhn¬
199 948 1412 999 lutionshochzeit“, verdreht jetzt den Leuten 'n Kopf und is aufs
1418 953 2631 1046 lichen Leistung, daß sie auf dem Markte des Neuigkeitskrams
197 1001 2299 1070 übernächste Jahr — Hofburgschauspielerin. Für die Burg is ihn wirklich als „hors concours“ anerkannte.
211 1043 1064 1115 sie also grad noch möglich, wie Sie sehn!“
296 1076 1435 1163 „Aber jetzt so was, wia si die Fachleut täuschen können.
202 1115 1430 1207 Besonders dann, wann sich's um Theatersachen handelt!“ rief
206 1192 486 1259 die Maltschi.
294 1240 1435 1315 „Pscht!“ sagte der Moritz und hielt ihr den Mund zu,
2275 1254 2633 1356 W
204 1300 1450 1366 um ja nicht aus dem Text gebracht zu werden. „Sie ha'm mir
206 1350 1443 1405 da das Stichwort gegeben zur Erzählung von einem Fachmann,
2113 1379 2527 1475 Telefon 12801.
197 1399 1428 1468 der zwar a Arzt is, aber für uns größtes Interesse hat, weil
205 1442 1436 1510 er vor allem auch a Dichter is. Der ärziliche Fachmann Arthur
1651 1468 3013 1586 Alex. Weigl's Unternehmen für Zeitungs-Ausschnitte
223 1501 1433 1557 Schnitzler, der mit'n literarischen Fachmann gleichen Namens
2655 1534 2865 1610 Ausschnilt
258 1546 1427 1626 Wettbewerb getreten is. Er übt die erstere Praxis zwar
199 1586 1403 1646 nicht aus, aber wenn man sich Vater zu fühlen beginnt ...
1983 1577 3001 1711 „OBSEKVEK Nr. 93
1586 1611 1790 1718 10
216 1638 1423 1712 Was soll ich Ihnen sagen, Sie wissen doch. Also er hat ge¬
202 1686 1430 1760 schworen, seiner lieben Frau und seinen Bekannten, er wird
1598 1677 3055 1785 I. österr. behördl. conc. Bureau für Zeitungsberichte u. Personalnachrichten
205 1737 1421 1808 glei zeitig an doppelten Geburtstag feiern können. Den
1788 1768 2891 1843 Wien, IX/1. Türkenstrasse 17.
207 1794 1429 1858 von (sein' neuesten Bühnenstück und den von seinem erwarteten
240 1839 1429 1890 Kind. Die große Frage im Hause des Dichters war nämlich
1974 1839 2689 1925 — Filiale in Budapest: „Figyelö“ —
207 1884 1444 1941 nicht nur: „Bub oder Mädel?“ sondern auch, was wird früher
1594 1888 3043 1985 Vertretungen in Berlin, Chicago, Genf, London, Newyork, Paris, Rom, Stockholm.
197 1936 1439 2008 fertig sein, diese oder die andere, die geistige Schöpfung? Die
210 1974 1443 2048 Meinungen waren geleilt, denn wenn a Autor es auch in der
195 2035 1437 2098 Hand hat, sein „Finis“ unters Werk zu setzen, die Natur läßt
1601 2035 2142 2142 Ausschnitt aus:
206 2086 1430 2149 sich die Schlußpointe nicht immer auf die Stunde vorschreiben.
201 2131 1438 2199 Aber siehe da: der literarische Fachmann hat schließlich doch noch
2230 2127 2769 2233 Oestorn. Volkspresse,
210 2190 1441 2252 Aenderungen vornehmen müssen und als die — Spannung aufs
1611 2190 2200 2323 sea 1 /1120-7
205 2231 1439 2303 höchste gestiegen war, hat auch der ärztliche seine Genugtnun,
201 2280 1438 2348 gehabt und recht behalten. Und weil es gar das so heiß er¬
198 2331 1435 2405 sehnte Töchterchen war, die willkommene Ergänzung zu dem
207 2381 1435 2444 gscheiten ersten Kind, einem Buben, so herrschte eitel Freude
207 2433 1426 2493 in dem „doppelten“ Geburtshaus in der Spöttelgasse und der
197 2466 1428 2541 Name des Mädels is sogar in der Komödie verewigt worden.“
259 2508 1427 2586 „Jessas, wie liab,“ sagte die Maltschi. „Sie wissen aber
203 2580 1440 2648 a alles, Herr Elfer. Nur wann die nächste Operettenneuheit das
197 2621 1436 2672 Licht der Welt erblicken wird, dös wissen weder Sie noch al
207 2658 1450 2750 anderer von die Theaternarren, trotzdem daß in Wien sowas mit
195 2729 1444 2787 der größten Wichtigkeit behandelt wird. Hier klappen die Pro¬
2154 2695 2741 2800 .— Hof=Burgtheater.
199 2778 1430 2835 ben net, dort müssen neue Einlagen g'macht werden, die Auf¬
1688 2762 2720 2880 Hermann Bahrs neues Drama „Apostel“, das
197 2813 1442 2899 regung wachst in alle Theater. I bitt Ihna, a neuer Straus,
1693 2809 2724 2909 am Burgtheater zum erstenmale in Scene gieng,
199 2863 1427 2922 zwei neuche Lehar! Und im Carltheater is wirklich ka Kleinig¬
1697 2861 2741 2973 erlebte ein vollständiges Fiasco. Diese Schund¬
204 2915 1435 2981 keit: im ersten Akt von „Divi“ wird a vollständiges Cabaret¬
1697 2895 2721 3023 komödie wurde allgemein ausgezischi. Selbst der
194 2950 1449 3032 programm, denn er spielt in an Cabaret, aufg'führt werden.
1689 2964 2727 3071 groiße Sonnenthal wurde auf offener Straße
2757 2964 2818 3042 —
2837 2975 3062 3070 inclusive
201 3013 1447 3075 Auf der Oterettenbühne wird man also folgende Nummern
1707 2995 2824 3110 vom Publicum ausgelacht, trotzdem die Juden 2—
2873 3053 3025 3100 Porto.
203 3069 1437 3129 sehen: vier Damen, die sich am Schluß ihrere Tanzszene in
2850 3085 3041 3141 Zahlbar
1707 3061 2789 3164 alles daran setzten, um ihres Lieblings Bahr 0.—
195 3112 1426 3177 Lilien verwandeln, die Zwerenz als Ueberbrettldiva und der
1706 3102 2834 3212 Schundstück zum Siege zu verhelfen. Wieder ein 0.—
2727 3108 3079 3216 0.— im Voraus.
201 3148 1432 3244 Marischka als Cabaretwirt muß sogar Waldhorn blasen! Schon
1676 3158 2740 3262 Beweis, auf welches Niveau unser Burgtheater
201 3214 1426 3269 in Mannheim hat er im intimen Kreis, also damals noch nicht
1650 3192 3097 3329 en schon gesunken ist — und wohin es führen wird, usschnitte ist das
192 3257 1432 3323 auf'n Treumann geblasen und der Papa Leon war so entzückt
1649 3236 3101 3360 Al wenn ein so ehrwürdiges Kunstiastitut den Con= auch steht es den
194 3305 1424 3370 von dem Hornisten, daß er ihm diese Separatrollen g'schwind
1712 3282 2941 3401 leleben zuliebe Schundstücke von Bahr, zu ändern.
202 3339 1423 3423 g'schrieben hat und der jetzt alle Tag net wenig „aufgeblasen“
1717 3350 3109 3457 Zchnialer und tutti enanti in sein Reverkolt“ zug enthaltend die
208 3399 1435 3481 sein wird. Die größte Sorge hat'n Carltheater aber die Be¬
2029 3406 3111 3482 gen mntnenungen der Wiener Morgen¬
1660 3422 1944 3502 In aufnlum
205 3441 1430 3513 schaffung von einer Nackttänzerin g'macht. Richtig haben
1646 3442 3099 3528 blatter (Tagesjournale ausser „Neue Freie Presse“ und „Wiener Zeitung“)
1648 3477 3107 3568 wollurch eine Uebersicht über das gesammte politische und wirthschaftliche Leben
189 3503 1425 3560 8 zum Schluß a wirkliche echte Nackttänzerin aufgegabelt, die
1656 3517 3116 3606 des In- und Auslandes in drastischer Kürze geboten wird. Diese Mittheilungen
200 3554 1439 3635 also in dieser Operette ihre Glieder ohne Worte zum besten
1663 3585 2472 3674 werden in Wien um 9 Uhr Früh verschickt.
203 3602 488 3683 geben wird.“
295 3629 1421 3714 „Was wollen S' denn, Sie wissen doch etwas noch mehr
1964 3632 2816 3738 Prospecte gratis und franco.
198 3703 1426 3771 bald wie ich!“ unterbrach erstaunt der Moritz. „Da muß ich
194 3746 1434 3823 also schaun, daß ich nicht zurückbleib hinter Ihnen und Sie
200 3789 1431 3869 mit'n stärksten Geschütz übertrumpfen. Was Sie jetzt von mir
193 3851 1420 3904 zu hören kriegen werden, is nicht nur absolut sensationell, son¬
204 3898 1435 3967 dern trotz der unglaublichen Vorkommnisse so sehr der Wahrheit
193 3935 1433 4010 entsprechend, daß ich es jederzeit auf'n vollen Beweis ankommen
198 3976 1429 4053 lasse und auch die ganze Verantwortung übernehme. Also
196 4052 1355 4105 hören Sie, was ich Ihnen ohne jede Ausschmückung sag.
204 4062 1449 4161 Professor der Gesangskunst, der viele Talente zu Opern= und
