3392 4320
1134 242 1580 356 box 41/1
129 255 986 378 1. Miscellansons
596 1218 999 1297 Telefon 12801.
143 1306 1469 1411 Alex. Weigl's Unternehmen für Zeitungs-Ausschnitte
1155 1377 1321 1446 Ausschnit!
1314 1423 1354 1470 7
1168 1411 1479 1525 Nr. 32
229 1403 1107 1556 90 „OBSERVER“
134 1531 1519 1618 Esterr. behördl. conc. Bureau für Zeitungsberichte u. Personalnachrichten
248 1597 1366 1714 Wien, IX Türkenstrasse 17.
474 1680 1142 1778 Filiale in Budapest: „Figyeló“ -
131 1745 1517 1851 ertretungen in Berlin, Chicago, Genf, London, Newyork, Paris, Rom, Stockholm.
135 1898 618 2002 Ausschnitt aus:
746 1877 1255 2009 lische Teiung
125 2023 610 2175 om 50
346 2227 1449 2357 Herr Georg Brandes (sprich: Brandeis!) hat den
255 2302 1433 2381 Arthur Schnitzler für einen „genialen Menschen“
268 2356 1439 2431 erklärt. Höfsentlich wird sich Herr Arthur Schuihler
249 2422 1451 2514 für diese Gefälligkeit dankbar zeigen und bei nächster
253 2495 1436 2592 Gelegenheit Herrn Brandeis für ein „kritisches Genie“
258 2565 484 2651 erklären.
465 2599 562 2674 9
570 2758 1121 2863 Bezugs-Bedingungen:
137 2825 1283 2933 Für 50 Zeitungsausschnitte (Artikel oder Notizen) Kr. 15.—
1163 2814 1518 2947 28 — inelusire
1357 2897 1494 2943 Porto.
229 2912 343 2957 100
1163 2925 1276 2970 50.—
1329 2922 1512 2986 Zahlbar
216 2949 339 2995 200
1150 2962 1287 3007 110.—
1147 2972 1551 3058 200.— im Voraus,
217 2990 341 3034 500
179 3029 353 3093 „ 1000
238 3022 1539 3131 Im Gegensatze zu anderen Bureaux für Zeitungsausschnitte ist d
140 3096 1547 3175 Abonnement durch keine bestimmte Zeitdauer begrenzt; — auch steht es de
142 3139 1419 3224 Abonnenten frei die aufgegebenen Themen zu ergänzen oder zu ändern.
250 3207 1540 3297 Der „OBSERVER“ veranstaltet täglich einen Auszug enthaltend d
139 3251 1532 3336 Inhaltsangabe aller wichtigen Mittheilungen der Wiener Morge)
146 3297 1543 3379 blätter (Tagesjournale ausser „Neue Freie Presse“ und Wiener Zeitung
144 3341 1545 3412 wodurch eine Uebersicht über das gesammte politische und wirthschaftliche Leh
199 3375 1539 3457 e In- und Auslandes in drastischer Kürze geloten wird. Diese Mittheilung
137 3436 952 3520 werden in Wien um 9 Uhr Früh verschickt.
446 3490 1269 3598 Prospecte gratis und franco
2043 170 2189 252 —
2126 1293 2556 1358 Telefon 12801.
1666 1381 3008 1484 Alex. Weigl’s Unternehmen für Zeitungs-Ausschnitte
2689 1451 2873 1516 Ausschallt
2698 1484 3012 1603 Nr. 64
1662 1472 2620 1621 Tog „OBSERVER“
1612 1579 3071 1671 I. österr. behördl. conc. Bureau für Zeitungsberichte u. Personalnachrichten
1784 1663 2898 1775 Wien, IX Türkenstrasse 17.
2012 1746 2691 1838 Fillale in Budapest: „Figyelö“ —
1608 1816 3065 1918 Vertretungen in Berlin, Chicago, Genf, London, Newyork, Paris, Rom, Stockholm.
1613 1932 2156 2049 Ausschnitt aus:
2246 1918 2930 2067 Jeutsche Zeitung Wien
1619 2097 1811 2175 vom
2244 2098 2448 2215 22
1925 2110 2182 2234 I/W.
1794 2316 2898 2412 Man kann ein sehr gebildeter Mensch sein, ohne
1713 2385 2901 2469 die Dichtungen des urthur Schnitzler gelesen zu haben;
1718 2438 2895 2512 vorausgesetzt, deß man jepe des Hugo v. Hofmannsthal
1704 2507 2241 2608 auch nicht gelesen hat
2079 2811 2630 2913 Bezugs-Bedingungen:
1647 2879 2816 2992 Für 50 Zeitungsausschnitte (Artikel oder Notizen). Kr. 15.—)
2832 2909 3048 2980 inclusive
2670 2937 2825 3006 28 —
2860 2957 3016 3004 Porto.
2684 2981 2809 3029 50.—
2845 2987 3034 3050 Zahlbar
1746 2954 1853 3046 10
1705 2966 1753 3058 n
2660 3019 2800 3066 110.—
2657 3034 3053 3118 200.— im Voraus.
1682 3071 1862 3138 „ 1000
1750 3095 3095 3180 Im Gegensatze zu anderen Bureaux für Zeitungsausschnitte ist das
1632 3130 3091 3217 Abonnement durch keine bestimmte Zeitdauer begrenzt: — auch steht es den
1643 3192 2918 3271 Abonnenten frei die aufgegebenen Theinen zu ergänzen oder zu ändern.
1765 3243 3077 3340 Der „OBSERVER“ veranstaltet täglich einen Auszug enthaltend die
1634 3318 3083 3390 Inhaltsangabe aller wichtigen Mittheilungen der Wiener Morgen¬
1645 3353 3085 3428 blätter (Tagesicurnale ausser „Neue Freie Presse“ und „Wiener Zeitung“)
1645 3422 3083 3475 wodurch eine Uebersicht über das gesammte politische ue¬ wirthschaftliche Leben
1655 3434 3086 3505 des In- und Auslandes in drastischer Kürze geboten wird. Diese Mittheilungen
1655 3490 2453 3560 werden in Wien um 9 Uhr Früh verschickt.
1938 3556 2777 3648 Prospecte gratis und france
