3344 4352
2036 154 2201 255 —
1132 247 1607 367 box 41/1
123 261 1005 386 1. Miscellaneons
1994 1095 2066 1148 *
2082 1070 2513 1182 Telefon 12801.
640 1099 1060 1214 Telefon 12801.
1957 1172 2975 1280 Unternehmen für Zeitungs-Ausschnitte
179 1208 1545 1307 Alex. Weigl’s Unternehmen für Zeitungs-Ausschnitte
2622 1239 2829 1311 Ausschnitt
1180 1271 1387 1359 Ausschult!
1927 1282 2948 1415 „OBSEHVER“ Nr. 64
503 1321 1545 1445 „OBSENVEK Nr. 28
1878 1365 3032 1479 Teonc. Bureau für Zeitungsberichte u. Personalnachrichten
137 1407 1550 1520 I. österr. behundl. conc. Bureau für Zeitungsberichte u. Personalnachric
1821 1456 2868 1569 en, IX/1. Türkenstrasse 17.
294 1503 1412 1602 Wien, IX/1. Türkenstrasse 17.
1804 1535 2630 1641 Filiale in Budapest: „Figyelö“ —
514 1574 1187 1668 Filiale in Budapest: „Figyei3“ -
133 1611 3014 1729 Vertretungen in Berlin, Chicago, Genf, London, Newyork, Paris, Rom, Stock! Vertretungen in Berlin. Chicago, Genf, Lundon, Newyork, Paris, Rom, Stockholm.
1561 1720 2104 1849 Ausschnitt aus:
136 1760 671 1881 Ausschnitt aus:
2198 1780 2934 1944 Deutsche Zeitung
713 1831 1350 1950 „Deutsche Zeitur
1575 1846 2203 1993 vom 16/9 1777
144 1913 641 2046 vom 76/1/00
272 2152 1380 2261 Arthur Schnitzler ist ein großer Dichter und
174 2227 1406 2335 außerdem ein Mensch, der ein sehr feines Takt¬
171 2301 509 2402 gefühl besitzt.
523 2344 581 2401 4
1780 2301 2897 2418 Herr Max Lesser schreibt im „N. W. Tagblatt“ mit
1690 2383 2810 2443 Beziehung auf die Dichter Ibsen, Tolstoi und Zola:
1796 2408 2884 2504 „Wir haben keinen, der eine Stimme der europäischen
1690 2452 2914 2560 Cultur genannt werden könnte, wenn diese orei einst
1708 2529 2082 2615 scheiden werden.“
1787 2554 2911 2667 Ei! ei! wer wäre denn nachher der — Arthur
1695 2613 1971 2706 Schnitzler?
605 2650 1167 2758 Bezugs-Bedingungen:
1611 2670 2760 2789 Für 50 Zeitungsausschnitte (Artikel oder Notizen). Kr. 15.—
2621 2686 3015 2808 28 — inelusire
1190 2730 1312 2795 15.—
160 2729 1206 2835 Für 50 Zeitungsausschnitte (Artikel oder Notizen). Kr.
2810 2755 2992 2805 Porto.
1432 2728 1501 2805 Iu
1700 2752 1817 2814 100
1183 2737 1351 2845 28—
2628 2780 2792 2833 50.—
1372 2787 1479 2844 Pon
2790 2770 3008 2847 Zahlbar
1711 2797 1828 2847 200
1196 2808 1318 2872 50.—
2620 2815 2782 2870 110.—
1347 2811 1479 2884 Zahl
248 2796 387 2892 10
1700 2817 1825 2881 500
2604 2833 3028 2927 200.— im Voraus.
1169 2847 1322 2907 110.—
252 2859 388 2926 500
1694 2869 1841 2935 1000
1659 2888 1720 2940 „
1129 2867 1483 2959 n 200.— im V4
190 2896 386 2985 „ 1000
1720 2900 3054 2984 Im Gegensatze zu anderen Bureaux für Zeitungsausschnitte ist das
269 2932 1472 3018 Im Gegensatze zu anderen Bureaux für Zeitungsausschnitte 1
1598 2918 3053 3035 Abornement durch keine bestimmte Zeitdauer begrenzt; — auch steht es den
156 2993 1480 3063 Abonnement durch keine bestimmte Zeitdauer begrenzt; — auch steht
1601 2987 2904 3067 Abonnenten frei die aufgegebenen Themen zu ergänzen oder zu ändern.
156 3030 1462 3103 Abonnenten frei die aufgegebenen Themen zn ergänzen oder zu ändern.
1716 3045 3062 3138 Der „OBSERVER“ veranstaltet täglich einen Auszug enthaltend die
273 3101 1508 3179 Der „OBSERVER“ veranstaltet täglich einen Auszug enthaltel
1592 3114 3062 3178 Inhaltsangabe aller wichtigen Mittheilungen der Wiener Morgen¬
1594 3150 3049 3222 blätter (Tagesjournale ausser „Neue Freie Presse“ und „Wiener Zeitung“)
163 3161 1487 3220 Inhaltsangabe aller wichtigen Mittheilungen der Wiener Moy
155 3199 1492 3266 blütter (Tagesjournale ausser „Neue Freie Presse“ und „Wiener Zei
1604 3179 3058 3264 wodurch eine Uebersicht über das gesammte politische und wirthschaftliche Leben
1595 3232 3060 3311 des In- und Auslandes in drastischer Kürze geboten wird. Diese Mittheilungen
155 3233 1489 3312 wodurch eine Uebersicht über das gesammte politische und wirthschaftliche!
158 3267 1499 3355 des In- und Auslandes in drastischer Kürze geboten wird. Diese Mitthel
1606 3294 2424 3371 werden in Wien um 9 Uhr Früh verschickt.
164 3325 990 3404 warden in Wien um 9 Uhr Früh verschickt.
1908 3333 2762 3457 Prospecte gratis und franco.
455 3377 1320 3498 Prospecte gratis und franco.
