<?xml version="1.0" encoding="UTF-8" standalone="yes"?>
<PcGts xmlns="http://schema.primaresearch.org/PAGE/gts/pagecontent/2013-07-15" xmlns:xsi="http://www.w3.org/2001/XMLSchema-instance" xsi:schemaLocation="http://schema.primaresearch.org/PAGE/gts/pagecontent/2013-07-15 http://schema.primaresearch.org/PAGE/gts/pagecontent/2013-07-15/pagecontent.xsd">
    <Metadata>
        <Creator>prov=University of Rostock/Institute of Mathematics/CITlab/Gundram Leifert/gundram.leifert@uni-rostock.de:name=ONB_Newseye_GT_M1+(htr_id=10810)::::v=2.4.2
prov=University of Rostock/Institute of Mathematics/CITlab/Tobias Gruening/tobias.gruening@uni-rostock.de:name=de.uros.citlab.module.baseline2polygon.B2PSeamMultiOriented:v=2.4.2
prov=University of Rostock/Institute of Mathematics/CITlab/Tobias Gruening/tobias.gruening@uni-rostock.de:name=/mnt/transkribus/LA/DEA/URO/LA_news_onb_att.pb:de.uros.citlab.segmentation.CITlab_LA_ML:v=2.4.2
Transkribus</Creator>
        <Created>2019-10-07T20:34:51.596+02:00</Created>
        <LastChange>2019-10-09T03:12:33.618+02:00</LastChange>
        <TranskribusMetadata docId="224447" pageId="9577044" pageNr="58" tsid="16620050" status="IN_PROGRESS" userId="40391" imgUrl="https://files.transkribus.eu/Get?id=PZJIIETPLEGDNEOUTEVLXQBL&amp;fileType=view" xmlUrl="https://files.transkribus.eu/Get?id=AWCFHJNYMUEADRYYCGZRZQSW" imageId="6207644"/>
    </Metadata>
    <Page imageFilename="224447_0058.jpeg" imageWidth="3344" imageHeight="4352">
        <ReadingOrder>
            <OrderedGroup id="ro_1711442331035" caption="Regions reading order">
                <RegionRefIndexed index="0" regionRef="r1"/>
            </OrderedGroup>
        </ReadingOrder>
        <TextRegion orientation="0.0" id="r1" custom="readingOrder {index:0;}">
            <Coords points="175,204 175,3179 2986,3179 2986,204"/>
            <TextLine id="r1l1" custom="readingOrder {index:0;}">
                <Coords points="2117,247 2141,247 2146,253 2152,250 2157,253 2171,245 2177,248 2179,245 2185,248 2188,245 2190,248 2207,246 2208,185 2194,185 2175,171 2159,174 2142,171 2134,179 2118,178"/>
                <Baseline points="2130,227 2162,228 2194,228"/>
                <TextEquiv>
                    <Unicode></Unicode>
                </TextEquiv>
            </TextLine>
            <TextLine id="r1l2" custom="readingOrder {index:1;}">
                <Coords points="1187,340 1277,373 1455,361 1479,345 1592,361 1638,347 1638,268 1485,266 1406,301 1307,266 1266,288 1187,272"/>
                <Baseline points="1200,338 1225,338 1250,338 1275,337 1300,337 1325,337 1350,337 1375,337 1400,337 1425,337 1450,337 1475,337 1500,337 1525,337 1550,337 1575,337 1600,336 1625,335"/>
                <TextEquiv>
                    <Unicode>box 41/1</Unicode>
                </TextEquiv>
            </TextLine>
            <TextLine id="r1l3" custom="readingOrder {index:2;}">
                <Coords points="177,354 655,389 723,362 985,390 1054,368 1054,311 992,283 394,272 322,304 178,283"/>
                <Baseline points="190,339 232,343 275,345 317,348 360,350 402,351 445,353 487,354 530,354 572,355 615,355 657,355 700,355 742,354 785,354 827,354 870,353 912,353 955,353 997,352 1040,352"/>
                <TextEquiv>
                    <Unicode>1. Miscellaneens</Unicode>
                </TextEquiv>
            </TextLine>
            <TextLine id="r1l4" custom="readingOrder {index:3;}">
                <Coords points="408,1539 468,1532 487,1545 539,1525 613,1546 722,1541 721,1462 668,1452 636,1469 603,1453 581,1467 554,1454 516,1485 477,1461 464,1475 436,1464 406,1470"/>
                <Baseline points="420,1526 446,1527 472,1528 498,1527 524,1526 550,1526 577,1524 603,1524 629,1523 655,1522 681,1523 708,1524"/>
                <TextEquiv>
                    <Unicode> </Unicode>
                </TextEquiv>
            </TextLine>
            <TextLine id="r1l5" custom="readingOrder {index:4;}">
                <Coords points="1884,1554 1923,1557 1950,1550 2004,1562 2032,1552 2043,1563 2056,1563 2058,1501 2009,1497 1993,1485 1987,1491 1957,1487 1951,1493 1922,1470 1886,1469"/>
                <Baseline points="1898,1542 1927,1543 1956,1543 1985,1543 2014,1544 2044,1547"/>
                <TextEquiv>
                    <Unicode>Asch!</Unicode>
                </TextEquiv>
            </TextLine>
            <TextLine id="r1l6" custom="readingOrder {index:5;}">
                <Coords points="756,1565 1814,1561 1813,1515 1630,1484 1146,1484 1108,1512 755,1489"/>
                <Baseline points="771,1562 822,1562 873,1561 925,1561 976,1560 1028,1560 1079,1560 1130,1559 1182,1559 1233,1559 1285,1558 1336,1558 1387,1557 1439,1557 1490,1556 1542,1555 1593,1554 1644,1553 1696,1551 1747,1550 1799,1548"/>
                <TextEquiv>
                    <Unicode>Zahl dieser Wanderarbsier wird, wenn'man Zu#</Unicode>
                </TextEquiv>
            </TextLine>
            <TextLine id="r1l7" custom="readingOrder {index:6;}">
                <Coords points="172,1593 328,1576 517,1594 549,1577 741,1585 740,1538 404,1539 357,1513 171,1505"/>
                <Baseline points="187,1577 214,1578 241,1578 268,1578 295,1578 322,1577 349,1577 376,1576 403,1575 430,1575 457,1574 484,1573 511,1572 538,1572 565,1571 592,1571 619,1570 646,1570 673,1570 700,1570 727,1571"/>
                <TextEquiv>
                    <Unicode>ing sie, die nichts als Schweine</Unicode>
                </TextEquiv>
            </TextLine>
            <TextLine id="r1l8" custom="readingOrder {index:7;}">
                <Coords points="1886,1610 2976,1597 2975,1553 2745,1533 1885,1556"/>
                <Baseline points="1898,1594 1951,1594 2004,1594 2057,1594 2110,1594 2164,1593 2217,1593 2270,1592 2323,1591 2376,1590 2430,1589 2483,1588 2536,1586 2589,1585 2642,1584 2696,1583 2749,1582 2802,1581 2855,1580 2908,1579 2962,1578"/>
                <TextEquiv>
                    <Unicode>bürden unsere Gerichte durch die kriminellen Neigungen</Unicode>
                </TextEquiv>
            </TextLine>
            <TextLine id="r1l9" custom="readingOrder {index:8;}">
                <Coords points="756,1619 1860,1619 1859,1553 756,1567"/>
                <Baseline points="771,1611 824,1612 878,1612 932,1612 986,1613 1040,1613 1093,1613 1147,1613 1201,1612 1255,1612 1309,1612 1362,1611 1416,1610 1470,1610 1524,1608 1578,1608 1631,1606 1685,1605 1739,1604 1793,1603 1847,1601"/>
                <TextEquiv>
                    <Unicode>und Ausländer zusammenrechnet, im Deutschen Reiche</Unicode>
                </TextEquiv>
            </TextLine>
            <TextLine id="r1l10" custom="readingOrder {index:9;}">
                <Coords points="188,1629 295,1655 445,1625 658,1638 737,1626 736,1580 187,1588"/>
                <Baseline points="200,1620 226,1620 252,1621 278,1621 304,1621 330,1620 356,1620 383,1620 409,1619 435,1619 461,1618 487,1617 513,1617 539,1616 566,1616 592,1615 618,1615 644,1615 670,1615 696,1615 723,1615"/>
                <TextEquiv>
                    <Unicode>nur unvollkommen, nach diesem</Unicode>
                </TextEquiv>
            </TextLine>
            <TextLine id="r1l11" custom="readingOrder {index:10;}">
                <Coords points="1885,1667 2515,1633 2868,1657 2969,1637 2969,1601 1884,1610"/>
                <Baseline points="1898,1646 1950,1646 2003,1645 2056,1645 2109,1644 2162,1644 2215,1643 2268,1643 2321,1642 2374,1642 2427,1641 2479,1640 2532,1639 2585,1638 2638,1637 2691,1636 2744,1635 2797,1633 2850,1632 2903,1630 2956,1629"/>
                <TextEquiv>
                    <Unicode>der polnischen Wanderarbeiter und bedrohen über¬</Unicode>
                </TextEquiv>
            </TextLine>
            <TextLine id="r1l12" custom="readingOrder {index:11;}">
                <Coords points="758,1681 1854,1677 1823,1612 758,1624"/>
                <Baseline points="771,1671 824,1670 878,1669 931,1668 985,1667 1038,1667 1092,1666 1145,1666 1199,1665 1252,1665 1306,1665 1359,1664 1413,1664 1466,1663 1520,1662 1573,1661 1627,1660 1680,1658 1734,1657 1787,1655 1841,1652"/>
                <TextEquiv>
                    <Unicode>jetzt eine Million erheblich übersteigen. Anfangs waren</Unicode>
                </TextEquiv>
            </TextLine>
            <TextLine id="r1l13" custom="readingOrder {index:12;}">
                <Coords points="1871,1706 2983,1704 2982,1644 2925,1639 1871,1679"/>
                <Baseline points="1885,1709 1939,1707 1993,1705 2047,1703 2101,1702 2156,1701 2210,1700 2264,1699 2318,1698 2372,1697 2427,1696 2481,1695 2535,1695 2589,1694 2643,1694 2698,1693 2752,1692 2806,1691 2860,1690 2914,1689 2969,1688"/>
                <TextEquiv>
                    <Unicode>haupt aufs schwerste sowohl die körperliche wie die</Unicode>
                </TextEquiv>
            </TextLine>
            <TextLine id="r1l14" custom="readingOrder {index:13;}">
                <Coords points="781,1730 1855,1716 1854,1677 1808,1664 780,1683"/>
                <Baseline points="794,1720 846,1720 898,1720 951,1720 1003,1720 1056,1720 1108,1720 1160,1721 1213,1720 1265,1720 1318,1720 1370,1720 1422,1719 1475,1718 1527,1717 1580,1716 1632,1715 1684,1713 1737,1711 1789,1708 1842,1706"/>
                <TextEquiv>
                    <Unicode>es hauptsächlich Deutsche aus den Gegenden, die bei¬</Unicode>
                </TextEquiv>
            </TextLine>
            <TextLine id="r1l15" custom="readingOrder {index:14;}">
                <Coords points="161,1747 423,1718 459,1734 740,1716 739,1669 584,1685 548,1661 510,1686 351,1667 327,1684 160,1662"/>
                <Baseline points="175,1727 202,1726 230,1726 257,1725 285,1725 312,1724 340,1724 367,1723 395,1723 422,1723 450,1722 477,1722 505,1722 532,1721 560,1721 587,1721 615,1720 642,1719 670,1719 697,1718 725,1717"/>
                <TextEquiv>
                    <Unicode>n Charakter hat die Land¬</Unicode>
                </TextEquiv>
            </TextLine>
            <TextLine id="r1l16" custom="readingOrder {index:15;}">
                <Coords points="1878,1802 2976,1788 2976,1734 1877,1755"/>
                <Baseline points="1891,1786 1944,1785 1998,1785 2051,1784 2105,1784 2159,1783 2212,1782 2266,1782 2319,1781 2373,1781 2427,1780 2480,1780 2534,1779 2587,1778 2641,1777 2695,1777 2748,1776 2802,1775 2855,1774 2909,1773 2963,1771"/>
                <TextEquiv>
                    <Unicode>eine recht ungewöhnliche Lage: um an ihr etwas zu</Unicode>
                </TextEquiv>
            </TextLine>
            <TextLine id="r1l17" custom="readingOrder {index:16;}">
                <Coords points="761,1823 1852,1804 1851,1755 1799,1753 761,1766"/>
                <Baseline points="774,1808 827,1806 880,1805 933,1804 986,1803 1039,1802 1092,1801 1146,1801 1199,1801 1252,1801 1305,1800 1358,1800 1411,1800 1464,1800 1518,1799 1571,1799 1624,1798 1677,1797 1730,1796 1783,1795 1837,1793"/>
                <TextEquiv>
                    <Unicode>gut! So das Familienhaupt. Nur auf den Schein</Unicode>
                </TextEquiv>
            </TextLine>
            <TextLine id="r1l18" custom="readingOrder {index:17;}">
                <Coords points="1883,1849 2853,1840 2984,1814 2984,1784 1883,1806"/>
                <Baseline points="1897,1838 1950,1836 2004,1834 2057,1833 2111,1832 2165,1831 2218,1830 2272,1829 2326,1828 2379,1828 2433,1827 2487,1826 2540,1826 2594,1825 2648,1824 2701,1824 2755,1823 2809,1822 2862,1822 2916,1820 2970,1820"/>
                <TextEquiv>
                    <Unicode>zeigen; und die er dann „löst“. Im zweiten Stück</Unicode>
                </TextEquiv>
            </TextLine>
            <TextLine id="r1l19" custom="readingOrder {index:18;}">
                <Coords points="765,1873 1008,1842 1560,1874 1653,1845 1776,1879 1850,1864 1849,1804 764,1821"/>
                <Baseline points="779,1855 831,1855 884,1854 937,1854 990,1854 1043,1853 1095,1853 1148,1852 1201,1852 1254,1852 1307,1851 1359,1850 1412,1849 1465,1849 1518,1848 1571,1847 1623,1846 1676,1845 1729,1843 1782,1842 1835,1840"/>
                <TextEquiv>
                    <Unicode>kommt es ihm überhaupt gewissermaßen eigentlich</Unicode>
                </TextEquiv>
            </TextLine>
            <TextLine id="r1l20" custom="readingOrder {index:19;}">
                <Coords points="166,1857 253,1881 297,1853 344,1885 439,1857 480,1879 505,1865 573,1883 718,1858 717,1784 630,1801 559,1777 512,1799 367,1781 340,1806 277,1812 247,1788 165,1780"/>
                <Baseline points="180,1853 206,1853 232,1853 258,1853 285,1853 311,1853 337,1853 363,1853 390,1853 416,1853 442,1853 468,1853 495,1853 521,1852 547,1852 573,1852 600,1851 626,1851 652,1849 678,1848 705,1847"/>
                <TextEquiv>
                    <Unicode>hm andern Ufer“.</Unicode>
                </TextEquiv>
            </TextLine>
            <TextLine id="r1l21" custom="readingOrder {index:20;}">
                <Coords points="1878,1891 2865,1886 2982,1876 2981,1821 1877,1847"/>
                <Baseline points="1891,1887 1944,1885 1998,1883 2052,1882 2106,1881 2160,1880 2213,1879 2267,1878 2321,1877 2375,1877 2429,1876 2482,1875 2536,1875 2590,1874 2644,1873 2698,1873 2751,1872 2805,1870 2859,1869 2913,1868 2967,1866"/>
                <TextEquiv>
                    <Unicode>ist es das Folgende. Jener Geheime Medizinalrat</Unicode>
                </TextEquiv>
            </TextLine>
            <TextLine id="r1l22" custom="readingOrder {index:21;}">
                <Coords points="849,1913 933,1920 963,1900 983,1916 1174,1905 1218,1915 1242,1898 1275,1900 1274,1862 1249,1857 1107,1851 1042,1869 1009,1844 971,1870 924,1851 881,1871 848,1864"/>
                <Baseline points="863,1907 889,1906 916,1904 942,1903 969,1903 995,1903 1022,1902 1048,1902 1075,1902 1101,1902 1128,1902 1154,1901 1181,1901 1207,1900 1234,1899 1261,1897"/>
                <TextEquiv>
                    <Unicode>8 in. Seht ihrsch?</Unicode>
                </TextEquiv>
            </TextLine>
            <TextLine id="r1l23" custom="readingOrder {index:22;}">
                <Coords points="179,1939 218,1922 311,1949 398,1938 447,1948 494,1920 540,1942 556,1928 592,1931 592,1879 515,1866 480,1877 463,1863 329,1886 214,1868 179,1884"/>
                <Baseline points="193,1916 218,1917 244,1917 270,1917 295,1917 321,1917 347,1917 373,1917 398,1917 424,1916 450,1916 476,1915 501,1915 527,1915 553,1915 579,1915"/>
                <TextEquiv>
                    <Unicode>Lessing=Theater.</Unicode>
                </TextEquiv>
            </TextLine>
            <TextLine id="r1l24" custom="readingOrder {index:23;}">
                <Coords points="1877,1956 2981,1920 2955,1868 1876,1895"/>
                <Baseline points="1891,1937 1944,1934 1998,1931 2052,1929 2106,1928 2160,1926 2213,1925 2267,1925 2321,1924 2375,1923 2429,1923 2482,1923 2536,1923 2590,1922 2644,1922 2698,1921 2751,1920 2805,1919 2859,1918 2913,1916 2967,1914"/>
                <TextEquiv>
                    <Unicode>sagt mit einer höchst unwahrscheinlichen Grausamkeit</Unicode>
                </TextEquiv>
            </TextLine>
            <TextLine id="r1l25" custom="readingOrder {index:24;}">
                <Coords points="803,1964 1852,1953 1852,1901 1349,1909 1278,1882 1218,1913 803,1915"/>
                <Baseline points="818,1950 869,1949 920,1948 971,1948 1022,1948 1073,1947 1124,1947 1175,1947 1226,1947 1277,1947 1328,1947 1379,1946 1430,1946 1481,1945 1532,1945 1583,1944 1634,1942 1685,1941 1736,1939 1787,1937 1839,1934"/>
                <TextEquiv>
                    <Unicode>Salten erinnert (in der Art, wie er es den Leuten</Unicode>
                </TextEquiv>
            </TextLine>
            <TextLine id="r1l26" custom="readingOrder {index:25;}">
                <Coords points="1884,1987 2972,1960 2971,1925 2870,1921 1884,1951"/>
                <Baseline points="1899,1981 1951,1979 2004,1978 2057,1977 2110,1976 2163,1975 2216,1974 2269,1974 2322,1974 2375,1973 2428,1973 2480,1972 2533,1972 2586,1971 2639,1970 2692,1969 2745,1968 2798,1967 2851,1965 2904,1964 2957,1962"/>
                <TextEquiv>
                    <Unicode>(daß der Zuschauer denkt: nanu?! was ist denn das?</Unicode>
                </TextEquiv>
            </TextLine>
            <TextLine id="r1l27" custom="readingOrder {index:26;}">
                <Coords points="766,2024 1823,2003 1861,1953 976,1977 765,1942"/>
                <Baseline points="778,2002 831,2001 884,2001 938,2000 991,1999 1045,1999 1098,1998 1152,1997 1205,1996 1259,1995 1312,1994 1365,1993 1419,1992 1472,1991 1526,1990 1579,1989 1633,1989 1686,1988 1740,1988 1793,1988 1847,1988"/>
                <TextEquiv>
                    <Unicode>siegreich „gibt") an den Schriftsteller Sudermann,</Unicode>
                </TextEquiv>
            </TextLine>
            <TextLine id="r1l28" custom="readingOrder {index:27;}">
                <Coords points="1883,2030 2935,2029 2989,2015 2989,1979 1882,1994"/>
                <Baseline points="1897,2027 1950,2026 2004,2025 2058,2024 2112,2024 2166,2023 2220,2022 2274,2022 2328,2021 2382,2020 2436,2020 2489,2019 2543,2019 2597,2018 2651,2017 2705,2017 2759,2016 2813,2014 2867,2013 2921,2012 2975,2011"/>
                <TextEquiv>
                    <Unicode>das stimmt doch nicht) ... sagt in einem merkwürdig</Unicode>
                </TextEquiv>
            </TextLine>
            <TextLine id="r1l29" custom="readingOrder {index:28;}">
                <Coords points="772,2060 1832,2048 1854,1996 772,2011"/>
                <Baseline points="787,2049 839,2048 892,2047 945,2047 997,2046 1050,2046 1103,2046 1155,2046 1208,2045 1261,2045 1314,2045 1366,2045 1419,2044 1472,2044 1524,2043 1577,2042 1630,2041 1682,2039 1735,2037 1788,2035 1841,2033"/>
                <TextEquiv>
                    <Unicode>welcher diese Huldigung eines Schülers zum fünfzigsten</Unicode>
                </TextEquiv>
            </TextLine>
            <TextLine id="r1l30" custom="readingOrder {index:29;}">
                <Coords points="166,2056 201,2072 447,2049 505,2076 540,2054 742,2065 741,1974 564,2010 509,1994 482,2013 394,1995 359,2009 296,1986 247,2014 203,2000 165,2017"/>
                <Baseline points="179,2050 206,2050 233,2050 261,2050 288,2050 316,2050 343,2050 371,2049 398,2049 426,2048 453,2048 480,2048 508,2047 535,2047 563,2046 590,2046 618,2045 645,2045 673,2045 700,2044 728,2044"/>
                <TextEquiv>
                    <Unicode>der Titel für drei einaktige</Unicode>
                </TextEquiv>
            </TextLine>
            <TextLine id="r1l31" custom="readingOrder {index:30;}">
                <Coords points="1888,2085 2541,2085 2675,2054 2987,2086 2986,2015 1887,2033"/>
                <Baseline points="1902,2077 1955,2074 2009,2073 2062,2071 2116,2070 2169,2069 2223,2068 2276,2067 2330,2067 2383,2066 2437,2066 2491,2066 2544,2066 2598,2066 2651,2065 2705,2065 2758,2064 2812,2063 2865,2062 2919,2061 2973,2060"/>
                <TextEquiv>
                    <Unicode>konstruierten Vorgange dem Kranken: er habe nur</Unicode>
                </TextEquiv>
            </TextLine>
            <TextLine id="r1l32" custom="readingOrder {index:31;}">
                <Coords points="784,2118 1671,2092 1797,2118 1821,2044 783,2055"/>
                <Baseline points="796,2096 846,2096 897,2096 947,2096 998,2096 1048,2096 1099,2096 1149,2095 1200,2095 1250,2095 1301,2094 1352,2094 1402,2093 1453,2092 1503,2091 1554,2090 1604,2088 1655,2086 1705,2085 1756,2083 1807,2080"/>
                <TextEquiv>
                    <Unicode>Geburtstag wohlwollend angenommen haben wird.</Unicode>
                </TextEquiv>
            </TextLine>
            <TextLine id="r1l33" custom="readingOrder {index:32;}">
                <Coords points="199,2109 240,2117 281,2097 325,2118 382,2104 508,2121 614,2098 740,2099 739,2063 703,2053 198,2060"/>
                <Baseline points="213,2101 238,2101 264,2101 290,2101 315,2101 341,2101 367,2101 392,2100 418,2100 444,2100 470,2099 495,2099 521,2099 547,2098 572,2097 598,2097 624,2096 649,2096 675,2095 701,2094 727,2093"/>
                <TextEquiv>
                    <Unicode>sie der Reihe nach und</Unicode>
                </TextEquiv>
            </TextLine>
            <TextLine id="r1l34" custom="readingOrder {index:33;}">
                <Coords points="1897,2140 2981,2103 2980,2068 2860,2061 1896,2083"/>
                <Baseline points="1909,2127 1961,2124 2014,2122 2067,2120 2120,2119 2173,2118 2226,2117 2279,2117 2332,2116 2385,2116 2438,2116 2490,2115 2543,2115 2596,2115 2649,2114 2702,2114 2755,2113 2808,2111 2861,2109 2914,2108 2967,2105"/>
                <TextEquiv>
                    <Unicode>sechs Monate zu leben, und mit harter Stimme</Unicode>
                </TextEquiv>
            </TextLine>
            <TextLine id="r1l35" custom="readingOrder {index:34;}">
                <Coords points="183,2170 254,2149 451,2179 582,2171 601,2152 713,2169 738,2163 737,2100 510,2118 272,2105 245,2128 182,2110"/>
                <Baseline points="195,2146 221,2148 247,2149 274,2151 300,2152 327,2152 353,2152 379,2152 406,2152 432,2151 459,2151 485,2150 511,2149 538,2148 564,2147 591,2146 617,2145 643,2144 670,2143 696,2142 723,2141"/>
                <TextEquiv>
                    <Unicode>er dem Titel) gemeinsam</Unicode>
                </TextEquiv>
            </TextLine>
            <TextLine id="r1l36" custom="readingOrder {index:35;}">
                <Coords points="1896,2191 2926,2170 2975,2156 2975,2106 1896,2139"/>
                <Baseline points="1909,2175 1961,2173 2014,2171 2067,2169 2119,2167 2172,2166 2225,2165 2277,2164 2330,2164 2383,2163 2436,2162 2488,2162 2541,2162 2594,2161 2646,2161 2699,2160 2752,2159 2804,2159 2857,2158 2910,2157 2963,2155"/>
                <TextEquiv>
                    <Unicode>(nanu?! denkt der Hörer) er solle dem Tod gefälligst</Unicode>
                </TextEquiv>
            </TextLine>
            <TextLine id="r1l37" custom="readingOrder {index:36;}">
                <Coords points="1266,2180 1280,2180 1288,2188 1307,2179 1315,2184 1321,2178 1332,2178 1342,2169 1356,2169 1355,2131 1341,2131 1321,2115 1316,2116 1299,2108 1278,2128 1264,2128"/>
                <Baseline points="1280,2170 1311,2166 1342,2168"/>
                <TextEquiv>
                    <Unicode>II.</Unicode>
                </TextEquiv>
            </TextLine>
            <TextLine id="r1l38" custom="readingOrder {index:37;}">
                <Coords points="1892,2230 2237,2245 2545,2209 2704,2240 2963,2204 2963,2165 1892,2189"/>
                <Baseline points="1907,2220 1959,2219 2011,2218 2063,2217 2115,2216 2167,2216 2219,2215 2271,2215 2323,2214 2375,2214 2428,2213 2480,2213 2532,2213 2584,2212 2636,2212 2688,2211 2740,2210 2792,2209 2844,2208 2896,2207 2949,2205"/>
                <TextEquiv>
                    <Unicode>mannhaft ins Auge blicken. ... Was ist das? murr'</Unicode>
                </TextEquiv>
            </TextLine>
            <TextLine id="r1l39" custom="readingOrder {index:38;}">
                <Coords points="797,2238 1822,2238 1855,2229 1854,2167 796,2183"/>
                <Baseline points="812,2238 863,2238 914,2239 966,2239 1017,2239 1069,2239 1120,2238 1172,2237 1223,2236 1275,2235 1326,2234 1377,2233 1429,2231 1480,2230 1532,2229 1583,2228 1635,2226 1686,2225 1738,2224 1789,2224 1841,2223"/>
                <TextEquiv>
                    <Unicode>Die zwei folgenden Akte wird Artur Schnitzler als</Unicode>
                </TextEquiv>
            </TextLine>
            <TextLine id="r1l40" custom="readingOrder {index:39;}">
                <Coords points="172,2252 719,2249 748,2237 748,2163 666,2195 535,2182 469,2211 423,2187 371,2209 218,2173 171,2195"/>
                <Baseline points="185,2242 212,2244 240,2244 267,2245 295,2246 322,2246 350,2246 377,2246 405,2246 432,2245 460,2245 487,2244 515,2243 542,2243 570,2242 597,2242 625,2241 652,2240 680,2239 707,2239 735,2238"/>
                <TextEquiv>
                    <Unicode>n Stück) heraus, daß der</Unicode>
                </TextEquiv>
            </TextLine>
            <TextLine id="r1l41" custom="readingOrder {index:40;}">
                <Coords points="1894,2285 1927,2295 1959,2270 1973,2281 2052,2287 2065,2273 2098,2284 2139,2272 2159,2288 2183,2271 2208,2281 2249,2272 2248,2245 2187,2222 2141,2234 2103,2221 2024,2236 1969,2229 1958,2240 1947,2229 1892,2230"/>
                <Baseline points="1906,2268 1931,2268 1956,2269 1982,2268 2007,2268 2032,2267 2058,2266 2083,2266 2109,2265 2134,2264 2159,2264 2185,2263 2210,2263 2236,2264"/>
                <TextEquiv>
                    <Unicode>ich fortwährend.</Unicode>
                </TextEquiv>
            </TextLine>
            <TextLine id="r1l42" custom="readingOrder {index:41;}">
                <Coords points="767,2318 1824,2292 1867,2280 1866,2223 765,2236"/>
                <Baseline points="779,2292 832,2291 886,2290 940,2290 993,2289 1047,2288 1101,2287 1154,2286 1208,2286 1262,2285 1316,2284 1369,2284 1423,2283 1477,2282 1530,2280 1584,2279 1638,2278 1691,2277 1745,2276 1799,2274 1853,2272"/>
                <TextEquiv>
                    <Unicode>eine Huldigung zu seinem sechsundvierzigsten Geburtstag</Unicode>
                </TextEquiv>
            </TextLine>
            <TextLine id="r1l43" custom="readingOrder {index:42;}">
                <Coords points="175,2312 393,2293 730,2310 749,2304 748,2238 174,2255"/>
                <Baseline points="189,2295 216,2296 243,2296 271,2296 298,2296 325,2296 353,2296 380,2296 407,2296 435,2295 462,2295 489,2294 517,2294 544,2293 571,2292 599,2292 626,2291 653,2291 681,2290 708,2289 736,2288"/>
                <TextEquiv>
                    <Unicode>kratin kein Graf ist, sondern</Unicode>
                </TextEquiv>
            </TextLine>
            <TextLine id="r1l44" custom="readingOrder {index:43;}">
                <Coords points="1918,2316 2929,2316 2970,2310 2970,2272 2666,2227 2568,2264 2387,2240 2303,2274 1918,2289"/>
                <Baseline points="1931,2313 1982,2313 2033,2314 2084,2314 2136,2314 2187,2313 2238,2313 2289,2312 2341,2311 2392,2310 2443,2309 2494,2308 2546,2307 2597,2305 2648,2305 2699,2303 2751,2302 2802,2301 2853,2301 2904,2300 2956,2300"/>
                <TextEquiv>
                    <Unicode>Aber nun kommt Salten und „löst“. Und zeigt.</Unicode>
                </TextEquiv>
            </TextLine>
            <TextLine id="r1l45" custom="readingOrder {index:44;}">
                <Coords points="782,2340 1864,2325 1863,2298 1724,2278 781,2307"/>
                <Baseline points="794,2336 846,2337 899,2337 952,2338 1005,2338 1058,2337 1111,2337 1163,2336 1216,2336 1269,2334 1322,2334 1375,2332 1428,2331 1481,2330 1533,2328 1586,2327 1639,2326 1692,2325 1745,2324 1798,2323 1851,2322"/>
                <TextEquiv>
                    <Unicode>angenommen haben — präokkupiert und versöhnlich,</Unicode>
                </TextEquiv>
            </TextLine>
            <TextLine id="r1l46" custom="readingOrder {index:45;}">
                <Coords points="196,2358 636,2342 743,2362 742,2308 709,2297 195,2303"/>
                <Baseline points="209,2342 235,2343 261,2344 287,2345 313,2345 339,2345 365,2345 391,2345 417,2344 443,2344 469,2343 495,2343 521,2341 547,2340 573,2340 599,2339 625,2338 651,2338 677,2337 703,2337 729,2337"/>
                <TextEquiv>
                    <Unicode>man sich nicht ordentlich</Unicode>
                </TextEquiv>
            </TextLine>
            <TextLine id="r1l47" custom="readingOrder {index:46;}">
                <Coords points="1878,2373 2974,2354 2973,2310 2888,2304 1878,2338"/>
                <Baseline points="1892,2367 1945,2366 1998,2366 2052,2365 2105,2365 2159,2364 2212,2363 2265,2362 2319,2361 2372,2360 2426,2359 2479,2358 2532,2357 2586,2356 2639,2355 2693,2353 2746,2352 2799,2350 2853,2349 2906,2347 2960,2346"/>
                <TextEquiv>
                    <Unicode>Er „gibt“ es dem Geheimen Medizinalrat. (Der kriegt</Unicode>
                </TextEquiv>
            </TextLine>
            <TextLine id="r1l48" custom="readingOrder {index:47;}">
                <Coords points="779,2390 1749,2388 1866,2367 1866,2323 778,2340"/>
                <Baseline points="793,2384 846,2385 899,2385 952,2386 1005,2386 1058,2386 1111,2386 1164,2385 1217,2385 1270,2384 1323,2383 1376,2382 1429,2382 1482,2380 1535,2379 1588,2378 1641,2375 1694,2373 1747,2372 1800,2370 1853,2367"/>
                <TextEquiv>
                    <Unicode>in dem milden, uneinnehmbaren Egoismus eines mit</Unicode>
                </TextEquiv>
            </TextLine>
            <TextLine id="r1l49" custom="readingOrder {index:48;}">
                <Coords points="179,2400 742,2397 741,2359 697,2344 178,2346"/>
                <Baseline points="192,2397 218,2396 245,2395 272,2394 299,2394 325,2393 352,2392 379,2391 406,2390 432,2390 459,2389 486,2388 513,2387 539,2386 566,2385 593,2384 620,2384 646,2383 673,2382 700,2382 727,2381"/>
                <TextEquiv>
                    <Unicode>n, man hat sich nicht ordent¬</Unicode>
                </TextEquiv>
            </TextLine>
            <TextLine id="r1l50" custom="readingOrder {index:49;}">
                <Coords points="1888,2428 2987,2410 2985,2353 2955,2351 1887,2379"/>
                <Baseline points="1901,2414 1954,2414 2008,2413 2061,2413 2115,2413 2169,2412 2222,2411 2276,2410 2329,2410 2383,2409 2437,2408 2490,2407 2544,2405 2597,2404 2651,2403 2705,2401 2758,2399 2812,2397 2865,2395 2919,2393 2973,2391"/>
                <TextEquiv>
                    <Unicode>es nicht schlecht.) Dem ungläubigen „Nanu?!“ des</Unicode>
                </TextEquiv>
            </TextLine>
            <TextLine id="r1l51" custom="readingOrder {index:50;}">
                <Coords points="779,2456 1756,2410 1866,2436 1865,2370 777,2388"/>
                <Baseline points="793,2432 845,2432 898,2432 951,2432 1004,2432 1057,2432 1110,2432 1163,2431 1216,2430 1269,2429 1322,2428 1374,2427 1427,2425 1480,2424 1533,2423 1586,2422 1639,2420 1692,2418 1745,2416 1798,2415 1851,2413"/>
                <TextEquiv>
                    <Unicode>seinen Stücken Beschäftigten. Es ist der Pfad des</Unicode>
                </TextEquiv>
            </TextLine>
            <TextLine id="r1l52" custom="readingOrder {index:51;}">
                <Coords points="175,2457 407,2436 434,2458 516,2435 751,2453 750,2395 174,2399"/>
                <Baseline points="187,2438 214,2438 242,2438 269,2438 297,2438 324,2438 352,2438 379,2437 407,2437 434,2437 462,2437 489,2436 517,2436 544,2435 572,2435 599,2434 627,2433 654,2432 682,2431 709,2429 737,2427"/>
                <TextEquiv>
                    <Unicode>Der Kellner hatte die Aristo¬</Unicode>
                </TextEquiv>
            </TextLine>
            <TextLine id="r1l53" custom="readingOrder {index:52;}">
                <Coords points="1879,2475 2929,2462 2972,2412 1878,2409"/>
                <Baseline points="1893,2460 1946,2459 1999,2459 2052,2459 2105,2458 2159,2458 2212,2458 2265,2457 2318,2457 2371,2456 2425,2456 2478,2455 2531,2454 2584,2453 2637,2452 2691,2451 2744,2449 2797,2448 2850,2446 2903,2444 2957,2442"/>
                <TextEquiv>
                    <Unicode>Hörers schließt er sich ritterlich an und kämpft (sieg¬</Unicode>
                </TextEquiv>
            </TextLine>
            <TextLine id="r1l54" custom="readingOrder {index:53;}">
                <Coords points="779,2495 1749,2481 1869,2435 779,2457"/>
                <Baseline points="793,2482 846,2480 899,2479 952,2478 1005,2478 1058,2477 1111,2477 1164,2477 1217,2476 1270,2476 1324,2476 1377,2475 1430,2475 1483,2474 1536,2473 1589,2472 1642,2471 1695,2469 1748,2466 1801,2464 1855,2461"/>
                <TextEquiv>
                    <Unicode>Todes“, den wir treten. In Schnitzlers Weise. Der</Unicode>
                </TextEquiv>
            </TextLine>
            <TextLine id="r1l55" custom="readingOrder {index:54;}">
                <Coords points="184,2496 353,2505 451,2479 493,2500 659,2485 714,2498 752,2489 752,2445 183,2449"/>
                <Baseline points="197,2486 224,2486 251,2486 278,2486 305,2486 332,2486 359,2486 386,2486 413,2486 440,2486 468,2486 495,2486 522,2485 549,2485 576,2484 603,2484 630,2483 657,2482 684,2481 711,2480 739,2478"/>
                <TextEquiv>
                    <Unicode>aris bedient. Erkannte sie</Unicode>
                </TextEquiv>
            </TextLine>
            <TextLine id="r1l56" custom="readingOrder {index:55;}">
                <Coords points="1890,2519 2947,2510 2976,2441 1889,2481"/>
                <Baseline points="1904,2512 1957,2511 2010,2510 2063,2509 2116,2508 2169,2508 2222,2507 2275,2506 2328,2505 2381,2505 2434,2503 2487,2502 2540,2502 2593,2501 2646,2500 2699,2498 2752,2497 2805,2495 2858,2494 2911,2492 2964,2490"/>
                <TextEquiv>
                    <Unicode>reich) gegen den Medizinalrat. Salten ruft, daß es</Unicode>
                </TextEquiv>
            </TextLine>
            <TextLine id="r1l57" custom="readingOrder {index:56;}">
                <Coords points="780,2534 1868,2507 1867,2477 1802,2470 780,2493"/>
                <Baseline points="794,2527 847,2525 900,2524 953,2523 1006,2523 1059,2522 1112,2522 1165,2522 1218,2522 1271,2522 1324,2522 1377,2522 1430,2521 1483,2521 1536,2520 1589,2519 1642,2517 1695,2515 1748,2513 1801,2510 1855,2507"/>
                <TextEquiv>
                    <Unicode>Tod, den er so manches Mal gesandt in den Theater¬</Unicode>
                </TextEquiv>
            </TextLine>
            <TextLine id="r1l58" custom="readingOrder {index:57;}">
                <Coords points="187,2550 234,2560 277,2534 351,2552 411,2538 619,2548 750,2530 749,2489 187,2495"/>
                <Baseline points="201,2537 227,2537 254,2537 281,2536 308,2535 335,2535 361,2535 388,2534 415,2534 442,2534 469,2533 495,2533 522,2533 549,2532 576,2532 603,2531 629,2531 656,2530 683,2530 710,2529 737,2528"/>
                <TextEquiv>
                    <Unicode>sie erkannte ihn nicht wieder.</Unicode>
                </TextEquiv>
            </TextLine>
            <TextLine id="r1l59" custom="readingOrder {index:58;}">
                <Coords points="1886,2577 2884,2571 2987,2536 2986,2497 2797,2493 1885,2525"/>
                <Baseline points="1899,2562 1952,2562 2006,2561 2060,2560 2114,2559 2167,2558 2221,2557 2275,2555 2329,2554 2382,2552 2436,2551 2490,2549 2544,2548 2597,2547 2651,2546 2705,2545 2759,2545 2812,2544 2866,2544 2920,2544 2974,2544"/>
                <TextEquiv>
                    <Unicode>scheußlich ist, einem Kranken grausam und groß¬</Unicode>
                </TextEquiv>
            </TextLine>
            <TextLine id="r1l60" custom="readingOrder {index:59;}">
                <Coords points="785,2588 1730,2587 1869,2546 1868,2508 1617,2543 784,2536"/>
                <Baseline points="799,2576 851,2576 904,2575 957,2575 1010,2575 1063,2574 1115,2574 1168,2573 1221,2573 1274,2572 1327,2571 1379,2570 1432,2569 1485,2568 1538,2567 1591,2565 1643,2564 1696,2562 1749,2560 1802,2558 1855,2556"/>
                <TextEquiv>
                    <Unicode>saal, und der plötzlich die Begebenheiten unter ver¬</Unicode>
                </TextEquiv>
            </TextLine>
            <TextLine id="r1l61" custom="readingOrder {index:60;}">
                <Coords points="182,2594 308,2592 338,2611 368,2592 499,2587 560,2619 587,2600 636,2616 674,2590 756,2579 756,2538 182,2547"/>
                <Baseline points="197,2585 224,2584 251,2584 278,2584 305,2584 333,2584 360,2584 387,2585 414,2585 441,2585 469,2585 496,2585 523,2585 550,2585 577,2584 605,2583 632,2581 659,2581 686,2578 713,2576 741,2573"/>
                <TextEquiv>
                    <Unicode>t, entlarvt ihn, läßt ihn ver¬</Unicode>
                </TextEquiv>
            </TextLine>
            <TextLine id="r1l62" custom="readingOrder {index:61;}">
                <Coords points="1885,2619 2060,2629 2191,2602 2208,2618 2407,2620 2486,2613 2486,2575 2321,2553 1885,2580"/>
                <Baseline points="1899,2611 1927,2609 1956,2607 1985,2605 2013,2604 2042,2603 2071,2602 2099,2602 2128,2602 2157,2602 2186,2602 2214,2602 2243,2602 2272,2602 2300,2602 2329,2601 2358,2601 2386,2599 2415,2597 2444,2596 2473,2593"/>
                <TextEquiv>
                    <Unicode>sprecherisch=roh zu begegnen.</Unicode>
                </TextEquiv>
            </TextLine>
            <TextLine id="r1l63" custom="readingOrder {index:62;}">
                <Coords points="789,2633 1865,2628 1864,2571 788,2587"/>
                <Baseline points="802,2626 854,2625 906,2624 959,2624 1011,2623 1064,2622 1116,2622 1168,2621 1221,2620 1273,2620 1326,2619 1378,2618 1430,2617 1483,2616 1535,2615 1588,2614 1640,2614 1692,2613 1745,2612 1797,2611 1850,2609"/>
                <TextEquiv>
                    <Unicode>ändertem, überraschendem Gesichtswinkel zeigt; wißt</Unicode>
                </TextEquiv>
            </TextLine>
            <TextLine id="r1l64" custom="readingOrder {index:63;}">
                <Coords points="166,2655 231,2651 243,2640 283,2649 333,2638 368,2647 393,2633 417,2642 418,2590 369,2592 339,2614 284,2588 251,2599 229,2591 207,2601 167,2587"/>
                <Baseline points="181,2632 208,2633 236,2634 264,2634 292,2635 319,2636 347,2636 375,2635 403,2633"/>
                <TextEquiv>
                    <Unicode>ebnisse.</Unicode>
                </TextEquiv>
            </TextLine>
            <TextLine id="r1l65" custom="readingOrder {index:64;}">
                <Coords points="1936,2657 2786,2656 2905,2621 2905,2585 1935,2614"/>
                <Baseline points="1949,2650 1996,2651 2043,2651 2090,2651 2137,2651 2185,2651 2232,2651 2279,2650 2326,2649 2373,2648 2421,2647 2468,2646 2515,2644 2562,2643 2609,2642 2657,2641 2704,2640 2751,2639 2798,2638 2845,2637 2893,2637"/>
                <TextEquiv>
                    <Unicode>Aber, wertester Freund, wer zweifelte daran?</Unicode>
                </TextEquiv>
            </TextLine>
            <TextLine id="r1l66" custom="readingOrder {index:65;}">
                <Coords points="784,2682 1740,2677 1871,2664 1871,2623 783,2633"/>
                <Baseline points="798,2672 853,2672 909,2671 965,2671 1020,2670 1076,2670 1132,2669 1188,2668 1243,2668 1299,2667 1355,2666 1411,2665 1466,2664 1522,2663 1578,2662 1634,2661 1689,2659 1745,2658 1801,2656 1857,2654"/>
                <TextEquiv>
                    <Unicode>ihr?... Aber beim Artur ist das selbständig. Er</Unicode>
                </TextEquiv>
            </TextLine>
            <TextLine id="r1l67" custom="readingOrder {index:66;}">
                <Coords points="193,2687 259,2700 510,2680 756,2699 756,2631 701,2607 633,2643 575,2641 548,2614 523,2634 392,2632 362,2649 193,2640"/>
                <Baseline points="206,2681 232,2681 259,2681 286,2681 313,2681 340,2681 367,2681 393,2681 420,2681 447,2680 474,2680 501,2679 528,2679 555,2678 581,2678 608,2678 635,2677 662,2676 689,2676 716,2676 743,2675"/>
                <TextEquiv>
                    <Unicode>steckt, Leser, eine allge¬</Unicode>
                </TextEquiv>
            </TextLine>
            <TextLine id="r1l68" custom="readingOrder {index:67;}">
                <Coords points="1888,2714 2984,2680 2983,2644 2934,2639 2661,2666 2414,2642 2259,2678 1887,2659"/>
                <Baseline points="1902,2704 1955,2702 2008,2701 2062,2700 2115,2699 2169,2698 2222,2698 2275,2697 2329,2696 2382,2696 2436,2695 2489,2694 2542,2694 2596,2693 2649,2692 2703,2691 2756,2690 2809,2689 2863,2687 2916,2685 2970,2684"/>
                <TextEquiv>
                    <Unicode>Sie schaffen eine merkwürdige Lage (meinetwegen</Unicode>
                </TextEquiv>
            </TextLine>
            <TextLine id="r1l69" custom="readingOrder {index:68;}">
                <Coords points="787,2731 1874,2701 1849,2661 786,2681"/>
                <Baseline points="801,2722 854,2721 907,2720 960,2720 1013,2719 1066,2719 1119,2718 1172,2717 1225,2717 1278,2716 1331,2715 1384,2714 1437,2713 1490,2712 1543,2711 1596,2710 1649,2709 1702,2707 1755,2706 1808,2705 1861,2703"/>
                <TextEquiv>
                    <Unicode>hat uns oft ergriffen, oft nachdenklich gemacht. Ein</Unicode>
                </TextEquiv>
            </TextLine>
            <TextLine id="r1l70" custom="readingOrder {index:69;}">
                <Coords points="174,2742 346,2746 376,2727 729,2741 756,2738 756,2686 174,2690"/>
                <Baseline points="187,2727 214,2728 242,2729 270,2729 298,2730 326,2730 353,2730 381,2731 409,2731 437,2730 465,2730 492,2730 520,2729 548,2729 576,2728 604,2728 631,2727 659,2726 687,2725 715,2725 743,2724"/>
                <TextEquiv>
                    <Unicode>dee, ein Weltgefühl, eine</Unicode>
                </TextEquiv>
            </TextLine>
            <TextLine id="r1l71" custom="readingOrder {index:70;}">
                <Coords points="1888,2752 2981,2748 2980,2705 2912,2690 1887,2714"/>
                <Baseline points="1901,2753 1954,2752 2007,2750 2060,2749 2114,2748 2167,2747 2220,2746 2274,2746 2327,2745 2380,2744 2434,2743 2487,2743 2540,2742 2593,2741 2647,2740 2700,2739 2753,2737 2807,2736 2860,2734 2913,2732 2967,2730"/>
                <TextEquiv>
                    <Unicode>mit dem Schein der Begründung), so merkwürdig,</Unicode>
                </TextEquiv>
            </TextLine>
            <TextLine id="r1l72" custom="readingOrder {index:71;}">
                <Coords points="779,2774 1864,2767 1863,2710 779,2733"/>
                <Baseline points="793,2770 845,2769 898,2769 951,2768 1004,2768 1057,2767 1109,2766 1162,2766 1215,2765 1268,2764 1321,2763 1373,2762 1426,2761 1479,2760 1532,2759 1585,2758 1637,2757 1690,2755 1743,2754 1796,2754 1849,2753"/>
                <TextEquiv>
                    <Unicode>Poet ist er. Salten scheint Parerga zu den Schöpfungen</Unicode>
                </TextEquiv>
            </TextLine>
            <TextLine id="r1l73" custom="readingOrder {index:72;}">
                <Coords points="177,2796 376,2777 480,2797 589,2777 731,2786 756,2783 756,2750 649,2727 548,2745 378,2728 346,2745 176,2739"/>
                <Baseline points="191,2776 218,2777 246,2778 273,2779 301,2779 329,2779 356,2779 384,2779 411,2778 439,2778 467,2777 494,2777 522,2777 549,2775 577,2775 605,2774 632,2773 660,2773 687,2772 715,2772 743,2772"/>
                <TextEquiv>
                    <Unicode>st sie von folgendem Inhalt.</Unicode>
                </TextEquiv>
            </TextLine>
            <TextLine id="r1l74" custom="readingOrder {index:73;}">
                <Coords points="1882,2809 2704,2805 2980,2769 2979,2739 2875,2736 1881,2760"/>
                <Baseline points="1895,2801 1948,2800 2002,2799 2055,2798 2109,2797 2163,2797 2216,2795 2270,2795 2323,2793 2377,2792 2431,2791 2484,2790 2538,2789 2591,2787 2645,2786 2699,2785 2752,2783 2806,2782 2859,2780 2913,2779 2967,2777"/>
                <TextEquiv>
                    <Unicode>daß sie für den Gang unseres allgemeinen Lebens</Unicode>
                </TextEquiv>
            </TextLine>
            <TextLine id="r1l75" custom="readingOrder {index:74;}">
                <Coords points="789,2831 1863,2819 1862,2764 788,2780"/>
                <Baseline points="803,2818 855,2817 907,2817 959,2816 1012,2816 1064,2815 1116,2815 1169,2814 1221,2813 1273,2813 1326,2812 1378,2811 1430,2810 1482,2810 1535,2808 1587,2807 1639,2806 1692,2804 1744,2803 1796,2800 1849,2798"/>
                <TextEquiv>
                    <Unicode>seiner Mitbürger zu verfassen. Und jedenfalls ist die</Unicode>
                </TextEquiv>
            </TextLine>
            <TextLine id="r1l76" custom="readingOrder {index:75;}">
                <Coords points="173,2843 621,2826 701,2841 758,2824 757,2783 173,2791"/>
                <Baseline points="187,2825 214,2826 242,2827 270,2827 298,2828 326,2828 353,2827 381,2827 409,2826 437,2826 465,2825 492,2825 520,2824 548,2823 576,2823 604,2822 631,2822 659,2821 687,2821 715,2822 743,2822"/>
                <TextEquiv>
                    <Unicode>et ein Kellner aristokratisch,</Unicode>
                </TextEquiv>
            </TextLine>
            <TextLine id="r1l77" custom="readingOrder {index:76;}">
                <Coords points="1893,2859 2798,2852 2972,2830 2972,2792 1893,2818"/>
                <Baseline points="1907,2844 1959,2844 2012,2844 2064,2843 2117,2843 2170,2843 2222,2842 2275,2842 2327,2842 2380,2841 2433,2840 2485,2840 2538,2839 2590,2838 2643,2837 2696,2835 2748,2834 2801,2831 2853,2829 2906,2826 2959,2824"/>
                <TextEquiv>
                    <Unicode>recht bedeutungslos ist, und zertrümmern dann trium¬</Unicode>
                </TextEquiv>
            </TextLine>
            <TextLine id="r1l78" custom="readingOrder {index:77;}">
                <Coords points="783,2875 1868,2863 1867,2830 1779,2804 782,2831"/>
                <Baseline points="796,2863 848,2863 901,2863 954,2863 1007,2862 1060,2862 1113,2861 1166,2861 1219,2860 1272,2859 1325,2858 1377,2858 1430,2857 1483,2856 1536,2855 1589,2854 1642,2853 1695,2852 1748,2851 1801,2851 1854,2850"/>
                <TextEquiv>
                    <Unicode>bühnenwirksamste Numimer in seinem Zyklus („Vom</Unicode>
                </TextEquiv>
            </TextLine>
            <TextLine id="r1l79" custom="readingOrder {index:78;}">
                <Coords points="180,2883 762,2883 761,2840 728,2829 179,2836"/>
                <Baseline points="193,2873 220,2874 248,2875 276,2875 303,2875 331,2875 359,2875 386,2874 414,2874 442,2873 470,2872 497,2871 525,2870 553,2870 580,2869 608,2869 636,2868 663,2867 691,2867 719,2867 747,2867"/>
                <TextEquiv>
                    <Unicode>keit, — während Aristokraten</Unicode>
                </TextEquiv>
            </TextLine>
            <TextLine id="r1l80" custom="readingOrder {index:79;}">
                <Coords points="1884,2914 2867,2902 2987,2887 2987,2829 1883,2860"/>
                <Baseline points="1897,2897 1950,2895 2004,2893 2058,2892 2112,2891 2166,2890 2219,2889 2273,2889 2327,2888 2381,2888 2435,2887 2488,2887 2542,2886 2596,2886 2650,2885 2704,2884 2757,2883 2811,2881 2865,2880 2919,2878 2973,2875"/>
                <TextEquiv>
                    <Unicode>phierend dies Schiefe.... Sie schleppen vor unseren</Unicode>
                </TextEquiv>
            </TextLine>
            <TextLine id="r1l81" custom="readingOrder {index:80;}">
                <Coords points="777,2920 1149,2915 1182,2942 1731,2898 1868,2926 1870,2868 776,2868"/>
                <Baseline points="792,2915 845,2913 898,2913 951,2912 1004,2911 1057,2910 1110,2909 1164,2909 1217,2908 1270,2907 1323,2907 1376,2906 1429,2905 1482,2905 1536,2904 1589,2903 1642,2902 1695,2900 1748,2900 1801,2898 1855,2896"/>
                <TextEquiv>
                    <Unicode>Ufer der Anderen“) das zweite Stück; benannt „Der</Unicode>
                </TextEquiv>
            </TextLine>
            <TextLine id="r1l82" custom="readingOrder {index:81;}">
                <Coords points="179,2938 752,2934 752,2874 561,2895 495,2869 421,2889 178,2881"/>
                <Baseline points="193,2921 220,2921 247,2922 274,2922 302,2923 329,2923 356,2923 384,2923 411,2923 438,2923 466,2923 493,2922 520,2922 547,2921 575,2921 602,2920 629,2919 657,2918 684,2916 711,2915 739,2913"/>
                <TextEquiv>
                    <Unicode>Trottel sind. Ein unerbitt¬</Unicode>
                </TextEquiv>
            </TextLine>
            <TextLine id="r1l83" custom="readingOrder {index:82;}">
                <Coords points="1892,2955 2870,2922 2988,2947 2987,2873 1891,2903"/>
                <Baseline points="1907,2941 1960,2941 2013,2941 2066,2940 2120,2940 2173,2940 2226,2940 2280,2939 2333,2939 2386,2938 2440,2937 2493,2937 2546,2936 2599,2934 2653,2933 2706,2932 2759,2930 2813,2928 2866,2926 2919,2924 2973,2921"/>
                <TextEquiv>
                    <Unicode>erstaunten Blick eine wacklige Gipstür, um sie mit</Unicode>
                </TextEquiv>
            </TextLine>
            <TextLine id="r1l84" custom="readingOrder {index:83;}">
                <Coords points="781,2976 1707,2970 1868,2952 1868,2922 780,2921"/>
                <Baseline points="794,2960 847,2960 900,2960 953,2959 1006,2958 1059,2958 1112,2957 1165,2957 1218,2956 1271,2955 1324,2954 1377,2954 1430,2953 1483,2952 1536,2951 1589,2950 1642,2949 1695,2949 1748,2947 1801,2946 1855,2945"/>
                <TextEquiv>
                    <Unicode>Ernst des Lebens“. Ein Geheimer Medizinalrat..</Unicode>
                </TextEquiv>
            </TextLine>
            <TextLine id="r1l85" custom="readingOrder {index:84;}">
                <Coords points="176,2976 359,2992 389,2978 431,2997 460,2975 608,2967 685,2985 755,2954 755,2929 176,2938"/>
                <Baseline points="191,2971 218,2971 246,2971 273,2971 301,2971 328,2970 356,2970 383,2970 411,2970 438,2970 466,2970 493,2970 521,2969 548,2969 576,2968 603,2967 631,2966 658,2965 686,2964 713,2963 741,2961"/>
                <TextEquiv>
                    <Unicode>ußert Salten, mit der aristo¬</Unicode>
                </TextEquiv>
            </TextLine>
            <TextLine id="r1l86" custom="readingOrder {index:85;}">
                <Coords points="1894,3003 2913,2989 2984,2941 1893,2956"/>
                <Baseline points="1907,2989 1960,2989 2013,2988 2066,2988 2119,2988 2172,2987 2225,2987 2279,2986 2332,2985 2385,2984 2438,2983 2491,2982 2544,2981 2597,2980 2651,2979 2704,2977 2757,2976 2810,2974 2863,2972 2916,2970 2970,2968"/>
                <TextEquiv>
                    <Unicode>erfolgreicher Bravour und funkelndem Aug' einzu¬</Unicode>
                </TextEquiv>
            </TextLine>
            <TextLine id="r1l87" custom="readingOrder {index:86;}">
                <Coords points="817,3009 1852,3010 1871,2950 816,2970"/>
                <Baseline points="829,3009 880,3009 931,3008 983,3008 1034,3008 1086,3008 1137,3007 1188,3007 1240,3007 1291,3006 1343,3006 1394,3005 1445,3004 1497,3003 1548,3002 1600,3000 1651,2998 1702,2996 1754,2994 1805,2992 1857,2989"/>
                <TextEquiv>
                    <Unicode>Aber man sehe zuvor, was der Kern seines</Unicode>
                </TextEquiv>
            </TextLine>
            <TextLine id="r1l88" custom="readingOrder {index:87;}">
                <Coords points="181,3030 386,3034 432,3013 503,3034 637,3020 760,3034 759,2982 718,2972 180,2981"/>
                <Baseline points="195,3019 222,3021 250,3022 277,3022 305,3023 332,3023 360,3023 387,3023 415,3022 442,3021 470,3020 498,3020 525,3018 553,3017 580,3016 608,3015 635,3014 663,3013 690,3013 718,3012 746,3012"/>
                <TextEquiv>
                    <Unicode>ung ist es auch nicht weit</Unicode>
                </TextEquiv>
            </TextLine>
            <TextLine id="r1l89" custom="readingOrder {index:88;}">
                <Coords points="1898,3045 2988,3032 2987,2971 1897,3007"/>
                <Baseline points="1910,3040 1963,3040 2016,3039 2069,3038 2122,3037 2175,3036 2228,3034 2282,3033 2335,3032 2388,3030 2441,3029 2494,3028 2547,3027 2600,3025 2654,3024 2707,3023 2760,3022 2813,3020 2866,3020 2919,3019 2973,3018"/>
                <TextEquiv>
                    <Unicode>rennen. Es ist ja spannend, wenn ein Kranker mit</Unicode>
                </TextEquiv>
            </TextLine>
            <TextLine id="r1l90" custom="readingOrder {index:89;}">
                <Coords points="790,3070 1749,3066 1831,3059 1877,3012 789,3013"/>
                <Baseline points="802,3056 855,3057 908,3057 961,3056 1014,3056 1067,3055 1120,3054 1173,3053 1226,3052 1279,3051 1332,3050 1385,3049 1438,3048 1491,3047 1544,3046 1597,3045 1650,3044 1703,3044 1756,3043 1809,3043 1863,3043"/>
                <TextEquiv>
                    <Unicode>Arbeitens ist. Der Kellner hatte sie bedient, und sie</Unicode>
                </TextEquiv>
            </TextLine>
            <TextLine id="r1l91" custom="readingOrder {index:90;}">
                <Coords points="186,3076 746,3081 765,3075 765,3015 516,3035 429,3016 385,3032 186,3027"/>
                <Baseline points="199,3065 226,3065 254,3065 281,3065 309,3065 337,3065 364,3065 392,3065 419,3065 447,3066 475,3066 502,3066 530,3066 557,3066 585,3066 613,3066 640,3065 668,3065 695,3064 723,3063 751,3061"/>
                <TextEquiv>
                    <Unicode>s alte Familienhaupt sagt zu</Unicode>
                </TextEquiv>
            </TextLine>
            <TextLine id="r1l92" custom="readingOrder {index:91;}">
                <Coords points="1895,3090 2773,3098 2974,3066 2973,3030 2875,3022 1894,3049"/>
                <Baseline points="1910,3093 1962,3092 2015,3091 2067,3090 2120,3089 2173,3088 2225,3086 2278,3085 2330,3083 2383,3081 2436,3080 2488,3078 2541,3077 2593,3075 2646,3074 2699,3073 2751,3072 2804,3071 2856,3070 2909,3070 2962,3070"/>
                <TextEquiv>
                    <Unicode>der Pistole den (gehässigen) Medizinalrat dahin kriegt,</Unicode>
                </TextEquiv>
            </TextLine>
            <TextLine id="r1l93" custom="readingOrder {index:92;}">
                <Coords points="783,3123 1857,3109 1872,3046 782,3071"/>
                <Baseline points="797,3105 850,3106 903,3106 956,3106 1009,3106 1062,3106 1115,3105 1168,3105 1221,3104 1274,3102 1328,3102 1381,3100 1434,3099 1487,3098 1540,3097 1593,3096 1646,3095 1699,3094 1752,3093 1805,3093 1859,3093"/>
                <TextEquiv>
                    <Unicode>erkannte ihn nicht. Er hatte sie geheiratet, und man</Unicode>
                </TextEquiv>
            </TextLine>
            <TextLine id="r1l94" custom="readingOrder {index:93;}">
                <Coords points="185,3127 759,3121 759,3080 718,3072 185,3075"/>
                <Baseline points="199,3113 226,3114 253,3115 280,3115 308,3116 335,3116 362,3116 390,3116 417,3116 444,3116 472,3116 499,3116 526,3115 553,3115 581,3114 608,3113 635,3113 663,3111 690,3110 717,3109 745,3107"/>
                <TextEquiv>
                    <Unicode>Sie sich doch von einem ver¬</Unicode>
                </TextEquiv>
            </TextLine>
            <TextLine id="r1l95" custom="readingOrder {index:94;}">
                <Coords points="789,3174 2931,3160 2998,3082 787,3119"/>
                <Baseline points="801,3151 910,3154 1019,3156 1128,3157 1238,3157 1347,3156 1456,3155 1565,3153 1675,3150 1784,3147 1893,3144 2002,3141 2112,3138 2221,3134 2330,3131 2439,3128 2549,3126 2658,3123 2767,3122 2876,3120 2986,3120"/>
                <TextEquiv>
                    <Unicode>erkundigte sich nicht. Salten schafft (das ist der Kern)] daß er seine Angst vor dem Tode bekundet. Aber es</Unicode>
                </TextEquiv>
            </TextLine>
            <TextLine id="r1l96" custom="readingOrder {index:95;}">
                <Coords points="189,3192 782,3173 782,3129 678,3116 189,3124"/>
                <Baseline points="202,3166 230,3167 258,3167 286,3168 315,3168 343,3168 371,3168 400,3168 428,3168 456,3167 485,3167 513,3167 541,3166 569,3166 598,3165 626,3164 654,3164 683,3163 711,3163 739,3162 768,3162"/>
                <TextEquiv>
                    <Unicode>en lassen, dann war ja alles</Unicode>
                </TextEquiv>
            </TextLine>
            <TextEquiv>
                <Unicode>
box 41/1
1. Miscellaneens
 
Asch!
Zahl dieser Wanderarbsier wird, wenn'man Zu#
ing sie, die nichts als Schweine
bürden unsere Gerichte durch die kriminellen Neigungen
und Ausländer zusammenrechnet, im Deutschen Reiche
nur unvollkommen, nach diesem
der polnischen Wanderarbeiter und bedrohen über¬
jetzt eine Million erheblich übersteigen. Anfangs waren
haupt aufs schwerste sowohl die körperliche wie die
es hauptsächlich Deutsche aus den Gegenden, die bei¬
n Charakter hat die Land¬
eine recht ungewöhnliche Lage: um an ihr etwas zu
gut! So das Familienhaupt. Nur auf den Schein
zeigen; und die er dann „löst“. Im zweiten Stück
kommt es ihm überhaupt gewissermaßen eigentlich
hm andern Ufer“.
ist es das Folgende. Jener Geheime Medizinalrat
8 in. Seht ihrsch?
Lessing=Theater.
sagt mit einer höchst unwahrscheinlichen Grausamkeit
Salten erinnert (in der Art, wie er es den Leuten
(daß der Zuschauer denkt: nanu?! was ist denn das?
siegreich „gibt") an den Schriftsteller Sudermann,
das stimmt doch nicht) ... sagt in einem merkwürdig
welcher diese Huldigung eines Schülers zum fünfzigsten
der Titel für drei einaktige
konstruierten Vorgange dem Kranken: er habe nur
Geburtstag wohlwollend angenommen haben wird.
sie der Reihe nach und
sechs Monate zu leben, und mit harter Stimme
er dem Titel) gemeinsam
(nanu?! denkt der Hörer) er solle dem Tod gefälligst
II.
mannhaft ins Auge blicken. ... Was ist das? murr'
Die zwei folgenden Akte wird Artur Schnitzler als
n Stück) heraus, daß der
ich fortwährend.
eine Huldigung zu seinem sechsundvierzigsten Geburtstag
kratin kein Graf ist, sondern
Aber nun kommt Salten und „löst“. Und zeigt.
angenommen haben — präokkupiert und versöhnlich,
man sich nicht ordentlich
Er „gibt“ es dem Geheimen Medizinalrat. (Der kriegt
in dem milden, uneinnehmbaren Egoismus eines mit
n, man hat sich nicht ordent¬
es nicht schlecht.) Dem ungläubigen „Nanu?!“ des
seinen Stücken Beschäftigten. Es ist der Pfad des
Der Kellner hatte die Aristo¬
Hörers schließt er sich ritterlich an und kämpft (sieg¬
Todes“, den wir treten. In Schnitzlers Weise. Der
aris bedient. Erkannte sie
reich) gegen den Medizinalrat. Salten ruft, daß es
Tod, den er so manches Mal gesandt in den Theater¬
sie erkannte ihn nicht wieder.
scheußlich ist, einem Kranken grausam und groß¬
saal, und der plötzlich die Begebenheiten unter ver¬
t, entlarvt ihn, läßt ihn ver¬
sprecherisch=roh zu begegnen.
ändertem, überraschendem Gesichtswinkel zeigt; wißt
ebnisse.
Aber, wertester Freund, wer zweifelte daran?
ihr?... Aber beim Artur ist das selbständig. Er
steckt, Leser, eine allge¬
Sie schaffen eine merkwürdige Lage (meinetwegen
hat uns oft ergriffen, oft nachdenklich gemacht. Ein
dee, ein Weltgefühl, eine
mit dem Schein der Begründung), so merkwürdig,
Poet ist er. Salten scheint Parerga zu den Schöpfungen
st sie von folgendem Inhalt.
daß sie für den Gang unseres allgemeinen Lebens
seiner Mitbürger zu verfassen. Und jedenfalls ist die
et ein Kellner aristokratisch,
recht bedeutungslos ist, und zertrümmern dann trium¬
bühnenwirksamste Numimer in seinem Zyklus („Vom
keit, — während Aristokraten
phierend dies Schiefe.... Sie schleppen vor unseren
Ufer der Anderen“) das zweite Stück; benannt „Der
Trottel sind. Ein unerbitt¬
erstaunten Blick eine wacklige Gipstür, um sie mit
Ernst des Lebens“. Ein Geheimer Medizinalrat..
ußert Salten, mit der aristo¬
erfolgreicher Bravour und funkelndem Aug' einzu¬
Aber man sehe zuvor, was der Kern seines
ung ist es auch nicht weit
rennen. Es ist ja spannend, wenn ein Kranker mit
Arbeitens ist. Der Kellner hatte sie bedient, und sie
s alte Familienhaupt sagt zu
der Pistole den (gehässigen) Medizinalrat dahin kriegt,
erkannte ihn nicht. Er hatte sie geheiratet, und man
Sie sich doch von einem ver¬
erkundigte sich nicht. Salten schafft (das ist der Kern)] daß er seine Angst vor dem Tode bekundet. Aber es
en lassen, dann war ja alles</Unicode>
            </TextEquiv>
        </TextRegion>
    </Page>
</PcGts>
