<?xml version="1.0" encoding="UTF-8" standalone="yes"?>
<PcGts xmlns="http://schema.primaresearch.org/PAGE/gts/pagecontent/2013-07-15" xmlns:xsi="http://www.w3.org/2001/XMLSchema-instance" xsi:schemaLocation="http://schema.primaresearch.org/PAGE/gts/pagecontent/2013-07-15 http://schema.primaresearch.org/PAGE/gts/pagecontent/2013-07-15/pagecontent.xsd">
    <Metadata>
        <Creator>prov=University of Rostock/Institute of Mathematics/CITlab/Gundram Leifert/gundram.leifert@uni-rostock.de:name=ONB_Newseye_GT_M1+(htr_id=10810)::::v=2.4.2
prov=University of Rostock/Institute of Mathematics/CITlab/Tobias Gruening/tobias.gruening@uni-rostock.de:name=de.uros.citlab.module.baseline2polygon.B2PSeamMultiOriented:v=2.4.2
prov=University of Rostock/Institute of Mathematics/CITlab/Tobias Gruening/tobias.gruening@uni-rostock.de:name=/mnt/transkribus/LA/DEA/URO/LA_news_onb_att.pb:de.uros.citlab.segmentation.CITlab_LA_ML:v=2.4.2
Transkribus</Creator>
        <Created>2019-10-07T20:34:27.697+02:00</Created>
        <LastChange>2019-10-09T02:39:06.556+02:00</LastChange>
        <TranskribusMetadata docId="224447" pageId="9576271" pageNr="7" tsid="16619806" status="IN_PROGRESS" userId="40391" imgUrl="https://files.transkribus.eu/Get?id=FILVUCNSDRDSBGEBEFQMPDJQ&amp;fileType=view" xmlUrl="https://files.transkribus.eu/Get?id=MPPHMAUTCKCQTOXBQQAHRTQD" imageId="6207335"/>
    </Metadata>
    <Page imageFilename="224447_0007.jpeg" imageWidth="3392" imageHeight="4352">
        <ReadingOrder>
            <OrderedGroup id="ro_1711442307020" caption="Regions reading order">
                <RegionRefIndexed index="0" regionRef="r1"/>
                <RegionRefIndexed index="1" regionRef="r2"/>
                <RegionRefIndexed index="2" regionRef="r3"/>
                <RegionRefIndexed index="3" regionRef="r4"/>
            </OrderedGroup>
        </ReadingOrder>
        <TextRegion orientation="0.0" id="r1" custom="readingOrder {index:0;}">
            <Coords points="170,304 170,471 996,471 996,304"/>
            <TextLine id="r1l1" custom="readingOrder {index:0;}">
                <Coords points="164,424 1003,426 1002,373 916,355 489,376 367,353 284,397 197,358 163,381"/>
                <Baseline points="170,408 211,412 252,415 293,417 335,419 376,420 417,421 459,421 500,420 541,419 583,418 624,417 665,415 706,413 748,412 789,410 830,408 872,407 913,405 954,405 996,404"/>
                <TextEquiv>
                    <Unicode>1. Miscellaneons</Unicode>
                </TextEquiv>
            </TextLine>
            <TextEquiv>
                <Unicode>1. Miscellaneons</Unicode>
            </TextEquiv>
        </TextRegion>
        <TextRegion orientation="0.0" id="r2" custom="readingOrder {index:1;}">
            <Coords points="1163,303 1163,454 1613,454 1613,303"/>
            <TextLine id="r2l1" custom="readingOrder {index:0;}">
                <Coords points="1157,404 1299,426 1331,408 1346,421 1439,408 1475,427 1620,405 1620,381 1569,347 1532,345 1493,362 1426,346 1357,379 1324,357 1253,364 1200,344 1156,373"/>
                <Baseline points="1163,403 1188,403 1213,404 1238,404 1263,404 1288,404 1313,404 1338,404 1363,404 1388,404 1413,404 1438,403 1463,403 1488,403 1513,403 1538,403 1563,403 1588,403 1613,403"/>
                <TextEquiv>
                    <Unicode>box 41/1</Unicode>
                </TextEquiv>
            </TextLine>
            <TextEquiv>
                <Unicode>box 41/1</Unicode>
            </TextEquiv>
        </TextRegion>
        <TextRegion orientation="0.0" id="r3" custom="readingOrder {index:2;}">
            <Coords points="1764,251 1764,4222 3018,4222 3018,251"/>
            <TextLine id="r3l1" custom="readingOrder {index:0;}">
                <Coords points="1996,287 2019,289 2031,278 2047,283 2059,280 2068,286 2081,278 2104,285 2119,281 2119,235 2091,243 2070,232 2052,235 2043,228 2031,235 1996,230"/>
                <Baseline points="2002,274 2029,273 2057,273 2084,273 2112,274"/>
                <TextEquiv>
                    <Unicode>Grasen</Unicode>
                </TextEquiv>
            </TextLine>
            <TextLine id="r3l2" custom="readingOrder {index:1;}">
                <Coords points="1775,330 1786,332 1793,323 1808,324 1819,317 1838,320 1843,314 1861,315 1869,322 1897,321 1916,311 1914,270 1874,279 1864,274 1851,277 1809,255 1791,259 1783,269 1772,268"/>
                <Baseline points="1781,315 1806,313 1832,311 1857,309 1883,309 1909,309"/>
                <TextEquiv>
                    <Unicode>„ 1000</Unicode>
                </TextEquiv>
            </TextLine>
            <TextLine id="r3l3" custom="readingOrder {index:2;}">
                <Coords points="1967,330 2030,339 2073,314 2094,313 2138,336 2248,337 2249,291 2223,280 2203,294 2176,282 2155,289 2131,273 2118,284 2075,283 2037,296 1967,275"/>
                <Baseline points="1974,319 2000,320 2027,321 2054,322 2081,322 2108,323 2134,323 2161,323 2188,322 2215,322 2242,321"/>
                <TextEquiv>
                    <Unicode>von Vergan</Unicode>
                </TextEquiv>
            </TextLine>
            <TextLine id="r3l4" custom="readingOrder {index:3;}">
                <Coords points="1878,375 1928,380 1958,362 2032,391 2060,375 2126,393 2161,378 2290,390 2387,376 2387,336 2367,330 2118,347 2077,328 1878,331"/>
                <Baseline points="1884,363 1910,365 1936,368 1962,369 1988,370 2014,371 2040,371 2067,371 2093,371 2119,371 2145,371 2171,371 2197,371 2224,370 2250,371 2276,371 2302,371 2328,372 2354,373 2381,375"/>
                <TextEquiv>
                    <Unicode>Im Polna, vom Wean</Unicode>
                </TextEquiv>
            </TextLine>
            <TextLine id="r3l5" custom="readingOrder {index:4;}">
                <Coords points="1757,418 1972,406 2065,443 2226,447 2503,428 2504,392 1909,382 1759,340"/>
                <Baseline points="1764,399 1800,402 1837,405 1873,409 1910,411 1947,413 1983,416 2020,419 2056,420 2093,423 2130,425 2166,426 2203,427 2239,427 2276,428 2313,427 2349,427 2386,425 2422,424 2459,422 2496,419"/>
                <TextEquiv>
                    <Unicode>Abonnemen Gasg sellschaft, vom Mut¬</Unicode>
                </TextEquiv>
            </TextLine>
            <TextLine id="r3l6" custom="readingOrder {index:5;}">
                <Coords points="1764,473 1834,463 1861,478 1890,451 1909,459 1952,447 1989,457 2010,449 2009,422 1981,414 1939,422 1922,410 1912,416 1898,409 1871,420 1833,411 1822,420 1808,411 1763,417"/>
                <Baseline points="1770,444 1795,444 1821,444 1847,444 1873,443 1899,443 1925,442 1951,442 1977,443 2003,444"/>
                <TextEquiv>
                    <Unicode>Abonnenter</Unicode>
                </TextEquiv>
            </TextLine>
            <TextLine id="r3l7" custom="readingOrder {index:6;}">
                <Coords points="1995,491 2018,476 2203,489 2243,474 2462,498 2452,428 2322,447 2290,428 2225,447 1995,434"/>
                <Baseline points="2001,466 2026,468 2051,469 2076,470 2102,471 2127,471 2152,471 2177,471 2203,471 2228,471 2253,471 2279,471 2304,470 2329,471 2354,471 2380,471 2405,472 2430,473 2456,474"/>
                <TextEquiv>
                    <Unicode>Jünger von allen hat e</Unicode>
                </TextEquiv>
            </TextLine>
            <TextLine id="r3l8" custom="readingOrder {index:7;}">
                <Coords points="2913,491 2942,486 2950,489 2959,482 2973,491 2982,487 2989,492 3001,491 3000,432 2977,433 2971,440 2958,435 2950,440 2945,435 2934,437 2928,444 2912,444"/>
                <Baseline points="2919,477 2944,477 2969,476 2994,476"/>
                <TextEquiv>
                    <Unicode>Wie</Unicode>
                </TextEquiv>
            </TextLine>
            <TextLine id="r3l9" custom="readingOrder {index:8;}">
                <Coords points="1983,519 2090,535 2176,523 2221,542 2259,519 2293,535 2551,534 2577,532 2578,481 1983,481"/>
                <Baseline points="1990,513 2019,514 2048,514 2077,515 2106,515 2135,516 2164,516 2193,516 2222,517 2251,517 2280,518 2309,518 2338,518 2367,519 2396,519 2425,519 2454,519 2483,520 2512,520 2541,521 2570,521"/>
                <TextEquiv>
                    <Unicode>'s Extrablattl an freien Entr##</Unicode>
                </TextEquiv>
            </TextLine>
            <TextLine id="r3l10" custom="readingOrder {index:9;}">
                <Coords points="2836,532 2858,526 2878,538 2901,533 2927,545 2942,534 2960,538 2989,528 3002,539 3019,541 3019,515 2997,518 2963,496 2945,499 2930,487 2905,499 2885,485 2877,489 2872,484 2836,497"/>
                <Baseline points="2842,525 2870,525 2899,525 2927,525 2956,525 2984,525 3013,528"/>
                <TextEquiv>
                    <Unicode>Phöhen</Unicode>
                </TextEquiv>
            </TextLine>
            <TextLine id="r3l11" custom="readingOrder {index:10;}">
                <Coords points="1974,577 2013,587 2136,572 2165,586 2223,561 2258,581 2301,573 2322,588 2360,577 2360,538 2283,531 2265,518 2225,539 2176,522 2058,531 2015,519 1974,531"/>
                <Baseline points="1981,567 2007,566 2034,566 2060,566 2087,565 2113,566 2140,566 2167,566 2193,567 2220,567 2246,567 2273,567 2299,567 2326,566 2353,565"/>
                <TextEquiv>
                    <Unicode>Herrschoften häl</Unicode>
                </TextEquiv>
            </TextLine>
            <TextLine id="r3l12" custom="readingOrder {index:11;}">
                <Coords points="2869,584 2897,585 2903,580 2932,587 2945,578 2954,583 2965,578 2970,583 2988,582 2988,531 2966,532 2960,537 2951,532 2928,544 2909,540 2900,533 2882,539 2869,537"/>
                <Baseline points="2875,572 2901,571 2928,570 2954,570 2981,572"/>
                <TextEquiv>
                    <Unicode>u#d</Unicode>
                </TextEquiv>
            </TextLine>
            <TextLine id="r3l13" custom="readingOrder {index:12;}">
                <Coords points="1971,633 2995,640 2995,588 2831,573 1972,572"/>
                <Baseline points="1978,613 2028,613 2079,612 2129,612 2180,613 2230,613 2281,613 2331,614 2382,615 2432,615 2483,616 2533,617 2584,618 2634,619 2685,620 2735,620 2786,621 2836,621 2887,622 2937,622 2988,622"/>
                <TextEquiv>
                    <Unicode>war schon, wie der Sami amai uns dö Gschicht</Unicode>
                </TextEquiv>
            </TextLine>
            <TextLine id="r3l14" custom="readingOrder {index:13;}">
                <Coords points="1966,657 3005,681 2975,632 1966,623"/>
                <Baseline points="1972,659 2023,660 2074,661 2125,662 2177,663 2228,664 2279,664 2331,665 2382,665 2433,666 2485,666 2536,667 2587,667 2638,668 2690,668 2741,668 2792,669 2844,669 2895,669 2946,670 2998,670"/>
                <TextEquiv>
                    <Unicode>von dö Weana Theater derzöhlt hat da hau ma</Unicode>
                </TextEquiv>
            </TextLine>
            <TextLine id="r3l15" custom="readingOrder {index:14;}">
                <Coords points="1962,719 2997,723 2984,679 1962,664"/>
                <Baseline points="1968,713 2019,712 2070,711 2121,711 2172,711 2223,711 2274,711 2325,712 2376,712 2427,713 2479,714 2530,715 2581,715 2632,716 2683,716 2734,717 2785,717 2836,717 2887,717 2938,717 2990,716"/>
                <TextEquiv>
                    <Unicode>alle auf'glost, dass uns ja ka Wörll nör auskummt</Unicode>
                </TextEquiv>
            </TextLine>
            <TextLine id="r3l16" custom="readingOrder {index:15;}">
                <Coords points="1970,756 2999,784 2999,726 2947,719 1971,726"/>
                <Baseline points="1977,759 2027,759 2078,760 2129,760 2180,760 2230,760 2281,761 2332,761 2383,761 2433,762 2484,762 2535,763 2586,763 2636,764 2687,764 2738,764 2789,765 2839,765 2890,766 2941,766 2992,767"/>
                <TextEquiv>
                    <Unicode>und vorweg mir Alten, dö schon anno 1860 alle</Unicode>
                </TextEquiv>
            </TextLine>
            <TextLine id="r3l17" custom="readingOrder {index:16;}">
                <Coords points="1958,813 2564,838 2662,813 2763,843 2950,832 3003,786 1958,759"/>
                <Baseline points="1964,807 2015,807 2067,808 2118,809 2170,809 2222,810 2273,810 2325,810 2376,811 2428,811 2480,811 2531,811 2583,811 2634,812 2686,812 2738,813 2789,813 2841,814 2892,815 2944,816 2996,817"/>
                <TextEquiv>
                    <Unicode>heiligen Zeuen amol nach Wean einig'fahrn san</Unicode>
                </TextEquiv>
            </TextLine>
            <TextLine id="r3l18" custom="readingOrder {index:17;}">
                <Coords points="1961,870 3000,870 3000,831 2902,818 2762,843 1961,811"/>
                <Baseline points="1968,858 2019,856 2070,856 2121,855 2173,856 2224,856 2275,856 2327,857 2378,858 2429,859 2481,860 2532,861 2583,862 2634,863 2686,863 2737,864 2788,864 2840,864 2891,864 2942,863 2994,862"/>
                <TextEquiv>
                    <Unicode>und im Michaeler Bierhaus 's letzte Fruahstuck</Unicode>
                </TextEquiv>
            </TextLine>
            <TextLine id="r3l19" custom="readingOrder {index:18;}">
                <Coords points="1966,915 2995,919 2964,869 1967,882"/>
                <Baseline points="1973,906 2023,906 2074,906 2125,906 2176,906 2227,906 2277,906 2328,906 2379,907 2430,907 2481,907 2531,908 2582,908 2633,908 2684,909 2735,909 2785,910 2836,911 2887,911 2938,912 2989,913"/>
                <TextEquiv>
                    <Unicode>um achte in der frnah eing'nommen hab'n, damit</Unicode>
                </TextEquiv>
            </TextLine>
            <TextLine id="r3l20" custom="readingOrder {index:19;}">
                <Coords points="1963,962 2932,975 2994,968 2995,921 1964,918"/>
                <Baseline points="1970,955 2020,954 2071,954 2122,954 2173,954 2224,955 2275,956 2326,956 2377,957 2428,957 2479,958 2529,959 2580,959 2631,960 2682,960 2733,961 2784,961 2835,961 2886,960 2937,960 2988,959"/>
                <TextEquiv>
                    <Unicode>ma richti im 4. Stock im kaiserlichen Komödienhaus</Unicode>
                </TextEquiv>
            </TextLine>
            <TextLine id="r3l21" custom="readingOrder {index:20;}">
                <Coords points="1964,1008 2982,1027 3001,964 1964,978"/>
                <Baseline points="1970,1004 2021,1005 2072,1005 2123,1005 2174,1005 2226,1006 2277,1006 2328,1007 2379,1007 2430,1007 2482,1008 2533,1008 2584,1009 2635,1009 2686,1009 2738,1010 2789,1010 2840,1010 2891,1010 2942,1011 2994,1011"/>
                <TextEquiv>
                    <Unicode>am Abend haben stehen können, mir haben auf</Unicode>
                </TextEquiv>
            </TextLine>
            <TextLine id="r3l22" custom="readingOrder {index:21;}">
                <Coords points="2017,1065 2953,1073 3000,1070 3001,1033 2018,1015"/>
                <Baseline points="2024,1038 2072,1042 2121,1045 2169,1047 2218,1050 2266,1052 2315,1053 2363,1055 2412,1056 2460,1056 2509,1057 2557,1057 2606,1057 2654,1057 2703,1057 2751,1056 2800,1056 2848,1056 2897,1056 2945,1055 2994,1055"/>
                <TextEquiv>
                    <Unicode>jedes Wort schön acht geben. Alsdann, dals</Unicode>
                </TextEquiv>
            </TextLine>
            <TextLine id="r3l23" custom="readingOrder {index:22;}">
                <Coords points="2021,1095 3000,1109 3000,1070 2876,1058 2610,1084 2021,1064"/>
                <Baseline points="2027,1096 2075,1096 2123,1096 2171,1096 2220,1097 2268,1097 2316,1098 2365,1099 2413,1100 2461,1101 2510,1102 2558,1103 2606,1104 2654,1105 2703,1106 2751,1106 2799,1106 2848,1106 2896,1106 2944,1105 2993,1104"/>
                <TextEquiv>
                    <Unicode>####, A Mimt hul Mzohn, ##f##se Füheren</Unicode>
                </TextEquiv>
            </TextLine>
            <TextLine id="r3l24" custom="readingOrder {index:23;}">
                <Coords points="1966,1148 2962,1167 3007,1142 3008,1095 2878,1128 1967,1097"/>
                <Baseline points="1973,1145 2024,1143 2075,1143 2127,1142 2178,1142 2229,1143 2281,1143 2332,1144 2383,1145 2435,1146 2486,1147 2537,1149 2589,1150 2640,1151 2691,1152 2743,1153 2794,1153 2845,1154 2897,1154 2948,1154 3000,1153"/>
                <TextEquiv>
                    <Unicode>Dichter: Der Göthe, Schiller, Grillparzer, Hebbel</Unicode>
                </TextEquiv>
            </TextLine>
            <TextLine id="r3l25" custom="readingOrder {index:24;}">
                <Coords points="1966,1202 3025,1212 3025,1181 2877,1161 2453,1155 2420,1182 1967,1148"/>
                <Baseline points="1972,1195 2024,1196 2076,1197 2128,1197 2181,1198 2233,1198 2285,1198 2338,1199 2390,1199 2442,1199 2495,1199 2547,1200 2599,1200 2651,1201 2704,1202 2756,1202 2808,1203 2861,1204 2913,1206 2965,1208 3018,1210"/>
                <TextEquiv>
                    <Unicode>und wies' alle haßen, falt gar nimmer aufg'führt</Unicode>
                </TextEquiv>
            </TextLine>
            <TextLine id="r3l26" custom="readingOrder {index:25;}">
                <Coords points="1962,1238 2019,1264 3001,1258 2953,1220 2778,1205 1962,1213"/>
                <Baseline points="1968,1241 2019,1241 2070,1242 2122,1242 2173,1243 2224,1243 2276,1244 2327,1244 2378,1245 2430,1246 2481,1246 2532,1247 2584,1248 2635,1248 2686,1249 2738,1250 2789,1250 2840,1251 2892,1252 2943,1253 2995,1254"/>
                <TextEquiv>
                    <Unicode>wern, weil's nöt der Müh is und überhaupt denen</Unicode>
                </TextEquiv>
            </TextLine>
            <TextLine id="r3l27" custom="readingOrder {index:26;}">
                <Coords points="1963,1313 3001,1312 2987,1253 2318,1272 1964,1240"/>
                <Baseline points="1970,1291 2021,1292 2072,1292 2123,1293 2174,1294 2226,1294 2277,1295 2328,1295 2379,1296 2430,1297 2482,1297 2533,1298 2584,1299 2635,1299 2686,1300 2738,1301 2789,1302 2840,1303 2891,1303 2942,1304 2994,1305"/>
                <TextEquiv>
                    <Unicode>ihnere Gedanken niemals nöt so rar waren, dö</Unicode>
                </TextEquiv>
            </TextLine>
            <TextLine id="r3l28" custom="readingOrder {index:27;}">
                <Coords points="1967,1355 2986,1353 2986,1321 2901,1310 1968,1296"/>
                <Baseline points="1974,1341 2024,1342 2074,1342 2124,1342 2175,1342 2225,1343 2275,1343 2325,1343 2376,1344 2426,1344 2476,1345 2526,1345 2577,1346 2627,1346 2677,1347 2727,1348 2778,1349 2828,1350 2878,1351 2928,1353 2979,1354"/>
                <TextEquiv>
                    <Unicode>haben nur so alte Ritter=, Rauber= und G’spenster¬</Unicode>
                </TextEquiv>
            </TextLine>
            <TextLine id="r3l29" custom="readingOrder {index:28;}">
                <Coords points="1968,1399 2993,1400 2754,1351 2699,1377 1969,1353"/>
                <Baseline points="1975,1393 2025,1392 2076,1392 2126,1392 2177,1392 2228,1392 2278,1393 2329,1393 2379,1394 2430,1395 2481,1396 2531,1397 2582,1397 2632,1398 2683,1399 2734,1399 2784,1400 2835,1400 2885,1400 2936,1400 2987,1399"/>
                <TextEquiv>
                    <Unicode>g'schichten g'schrieben, herentgegen die heitigen</Unicode>
                </TextEquiv>
            </TextLine>
            <TextLine id="r3l30" custom="readingOrder {index:29;}">
                <Coords points="1956,1446 2992,1447 2992,1417 2849,1403 1957,1411"/>
                <Baseline points="1963,1444 2014,1442 2065,1441 2116,1440 2167,1439 2218,1439 2269,1440 2320,1440 2371,1441 2422,1442 2474,1443 2525,1444 2576,1445 2627,1447 2678,1448 2729,1449 2780,1449 2831,1450 2882,1450 2933,1450 2985,1449"/>
                <TextEquiv>
                    <Unicode>Dichter ganz andere Leut san, denn, hat der Sami</Unicode>
                </TextEquiv>
            </TextLine>
            <TextLine id="r3l31" custom="readingOrder {index:30;}">
                <Coords points="1958,1501 2986,1504 2934,1453 2854,1482 2806,1452 1959,1450"/>
                <Baseline points="1965,1496 2015,1494 2066,1493 2117,1493 2167,1492 2218,1492 2269,1492 2319,1492 2370,1493 2421,1493 2472,1494 2522,1495 2573,1496 2624,1497 2674,1497 2725,1498 2776,1498 2826,1498 2877,1498 2928,1498 2979,1497"/>
                <TextEquiv>
                    <Unicode>g'sagt, dös is ganz falsch, wie ma glaubt, dass</Unicode>
                </TextEquiv>
            </TextLine>
            <TextLine id="r3l32" custom="readingOrder {index:31;}">
                <Coords points="1950,1540 2927,1567 2990,1543 2991,1504 1950,1515"/>
                <Baseline points="1957,1542 2008,1541 2059,1539 2111,1539 2162,1538 2213,1538 2265,1538 2316,1538 2367,1539 2419,1539 2470,1540 2521,1541 2573,1541 2624,1542 2675,1543 2727,1544 2778,1544 2829,1545 2881,1546 2932,1546 2984,1546"/>
                <TextEquiv>
                    <Unicode>jma in an Trauerg'spiel wanen und in aner Lust¬</Unicode>
                </TextEquiv>
            </TextLine>
            <TextLine id="r3l33" custom="readingOrder {index:32;}">
                <Coords points="1960,1580 2991,1613 2991,1543 2746,1571 1960,1546"/>
                <Baseline points="1966,1590 2016,1589 2067,1589 2118,1589 2169,1589 2220,1589 2271,1589 2322,1589 2373,1589 2424,1589 2475,1590 2525,1590 2576,1591 2627,1591 2678,1592 2729,1593 2780,1593 2831,1594 2882,1595 2933,1596 2984,1597"/>
                <TextEquiv>
                    <Unicode>sspielkomödie lachen muass, umkehrt is a g'fahren,</Unicode>
                </TextEquiv>
            </TextLine>
            <TextLine id="r3l34" custom="readingOrder {index:33;}">
                <Coords points="1958,1633 2991,1642 2835,1598 2151,1609 1958,1580"/>
                <Baseline points="1964,1637 2015,1637 2066,1636 2117,1637 2168,1637 2219,1637 2270,1637 2321,1638 2372,1638 2423,1639 2474,1639 2525,1640 2576,1641 2627,1641 2678,1642 2729,1642 2780,1642 2831,1643 2882,1643 2933,1643 2984,1643"/>
                <TextEquiv>
                    <Unicode>hna derf überhaupt net fragen, was im Theater</Unicode>
                </TextEquiv>
            </TextLine>
            <TextLine id="r3l35" custom="readingOrder {index:34;}">
                <Coords points="1950,1695 2992,1697 2905,1650 1951,1633"/>
                <Baseline points="1957,1688 2008,1687 2059,1686 2111,1686 2162,1685 2214,1685 2265,1685 2317,1685 2368,1685 2420,1685 2471,1686 2522,1686 2574,1687 2625,1688 2677,1689 2728,1690 2780,1692 2831,1693 2883,1694 2934,1696 2986,1698"/>
                <TextEquiv>
                    <Unicode>gg'schicht, sondern wie! Der Herr von Schlenther,</Unicode>
                </TextEquiv>
            </TextLine>
            <TextLine id="r3l36" custom="readingOrder {index:35;}">
                <Coords points="1951,1739 2913,1762 2990,1750 2991,1697 1951,1694"/>
                <Baseline points="1957,1734 2008,1733 2059,1733 2110,1733 2162,1732 2213,1733 2264,1733 2316,1733 2367,1734 2418,1734 2470,1735 2521,1736 2572,1737 2623,1738 2675,1739 2726,1740 2777,1741 2829,1742 2880,1742 2931,1744 2983,1745"/>
                <TextEquiv>
                    <Unicode>der früher in Berlin g’wesen is beim dortigen</Unicode>
                </TextEquiv>
            </TextLine>
            <TextLine id="r3l37" custom="readingOrder {index:36;}">
                <Coords points="1959,1793 2941,1800 2981,1756 1960,1740"/>
                <Baseline points="1966,1786 2016,1785 2066,1785 2117,1784 2167,1784 2218,1784 2268,1784 2318,1785 2369,1785 2419,1786 2470,1786 2520,1787 2570,1787 2621,1788 2671,1789 2722,1789 2772,1790 2822,1790 2873,1790 2923,1790 2974,1790"/>
                <TextEquiv>
                    <Unicode>Schöpfernen, den habuf' eigens sich von dort ver¬</Unicode>
                </TextEquiv>
            </TextLine>
            <TextLine id="r3l38" custom="readingOrder {index:37;}">
                <Coords points="1957,1835 2978,1838 2937,1797 2898,1819 2782,1789 1957,1793"/>
                <Baseline points="1963,1837 2013,1835 2063,1834 2114,1833 2164,1832 2215,1832 2265,1832 2315,1832 2366,1833 2416,1834 2467,1834 2517,1835 2567,1836 2618,1837 2668,1838 2719,1839 2769,1840 2819,1840 2870,1840 2920,1840 2971,1840"/>
                <TextEquiv>
                    <Unicode>schrieb'n, weil mir kan solchen Kopf nöt haben, ob¬</Unicode>
                </TextEquiv>
            </TextLine>
            <TextLine id="r3l39" custom="readingOrder {index:38;}">
                <Coords points="1951,1899 2959,1912 2977,1843 1952,1833"/>
                <Baseline points="1958,1879 2008,1879 2059,1880 2109,1880 2160,1881 2211,1881 2261,1881 2312,1881 2362,1882 2413,1882 2464,1882 2514,1882 2565,1882 2615,1883 2666,1883 2717,1884 2767,1885 2818,1885 2868,1887 2919,1888 2970,1890"/>
                <TextEquiv>
                    <Unicode>wohl unser Ferdsche sagt, dass der Arlt von Mödling</Unicode>
                </TextEquiv>
            </TextLine>
            <TextLine id="r3l40" custom="readingOrder {index:39;}">
                <Coords points="1949,1938 2983,1961 2951,1907 2863,1893 1950,1899"/>
                <Baseline points="1956,1930 2007,1931 2058,1931 2109,1931 2160,1932 2211,1932 2262,1932 2313,1932 2364,1932 2415,1932 2466,1933 2517,1933 2568,1933 2619,1934 2670,1935 2721,1936 2772,1938 2823,1939 2874,1941 2925,1944 2976,1946"/>
                <TextEquiv>
                    <Unicode>die Sach gleich g'scheiter gmacht hätt', also sag i,</Unicode>
                </TextEquiv>
            </TextLine>
            <TextLine id="r3l41" custom="readingOrder {index:40;}">
                <Coords points="1939,1988 2884,2028 2983,1981 1940,1939"/>
                <Baseline points="1946,1982 1997,1984 2048,1985 2100,1987 2151,1988 2203,1989 2254,1991 2306,1992 2357,1994 2409,1995 2460,1997 2511,1998 2563,1999 2614,2001 2666,2002 2717,2004 2769,2006 2820,2008 2872,2010 2923,2012 2975,2014"/>
                <TextEquiv>
                    <Unicode>per nämliche Herr von Schleuther, der is jetzten</Unicode>
                </TextEquiv>
            </TextLine>
            <TextLine id="r3l42" custom="readingOrder {index:41;}">
                <Coords points="1933,2031 2738,2053 2903,2089 2977,2061 2979,2007 2838,2034 1935,1985"/>
                <Baseline points="1940,2035 1991,2036 2043,2037 2094,2037 2146,2038 2197,2039 2249,2041 2300,2042 2352,2043 2403,2044 2455,2046 2507,2047 2558,2049 2610,2050 2661,2052 2713,2054 2764,2056 2816,2057 2867,2059 2919,2061 2971,2062"/>
                <TextEquiv>
                    <Unicode>Der Director vöm Weana Burgtheater und es soll</Unicode>
                </TextEquiv>
            </TextLine>
            <TextLine id="r3l43" custom="readingOrder {index:42;}">
                <Coords points="1929,2095 2138,2109 2252,2090 2364,2110 2492,2091 2609,2111 2631,2075 2379,2046 2181,2066 1930,2030"/>
                <Baseline points="1936,2078 1970,2080 2004,2081 2039,2083 2073,2084 2108,2085 2142,2086 2176,2087 2211,2088 2245,2088 2280,2089 2314,2090 2348,2091 2383,2092 2417,2092 2452,2093 2486,2094 2520,2095 2555,2096 2589,2098 2624,2099"/>
                <TextEquiv>
                    <Unicode>jalles ganz anders sei, wie amal.</Unicode>
                </TextEquiv>
            </TextLine>
            <TextLine id="r3l44" custom="readingOrder {index:43;}">
                <Coords points="2038,2131 2966,2175 2967,2124 2912,2107 2038,2102"/>
                <Baseline points="2044,2129 2089,2132 2135,2134 2181,2137 2227,2138 2273,2140 2318,2142 2364,2143 2410,2144 2456,2145 2502,2146 2547,2147 2593,2148 2639,2149 2685,2150 2731,2151 2776,2152 2822,2154 2868,2155 2914,2157 2960,2159"/>
                <TextEquiv>
                    <Unicode>Die Alte spielt jetzten die jugendlichen Rollen</Unicode>
                </TextEquiv>
            </TextLine>
            <TextLine id="r3l45" custom="readingOrder {index:44;}">
                <Coords points="1933,2196 2960,2219 2961,2173 2871,2161 2271,2164 2141,2135 1934,2159"/>
                <Baseline points="1940,2175 1990,2177 2041,2179 2091,2182 2142,2184 2193,2185 2243,2187 2294,2188 2345,2190 2395,2191 2446,2192 2497,2193 2547,2195 2598,2196 2649,2197 2699,2199 2750,2200 2801,2202 2851,2204 2902,2206 2953,2209"/>
                <TextEquiv>
                    <Unicode>und dö Junge, aber es soll ka Auswahl nöt sein,</Unicode>
                </TextEquiv>
            </TextLine>
            <TextLine id="r3l46" custom="readingOrder {index:45;}">
                <Coords points="1936,2239 2969,2270 2970,2226 2925,2211 1937,2195"/>
                <Baseline points="1943,2225 1994,2226 2045,2227 2096,2229 2147,2231 2198,2233 2249,2235 2300,2236 2351,2238 2402,2240 2453,2242 2504,2244 2555,2246 2606,2248 2657,2249 2708,2251 2759,2252 2810,2254 2861,2255 2912,2256 2963,2257"/>
                <TextEquiv>
                    <Unicode>die alten, der Herr v. Sonnenthal, der schon da¬</Unicode>
                </TextEquiv>
            </TextLine>
            <TextLine id="r3l47" custom="readingOrder {index:46;}">
                <Coords points="1942,2276 2974,2306 2975,2273 2889,2255 1943,2244"/>
                <Baseline points="1949,2275 1999,2276 2050,2278 2101,2279 2152,2281 2203,2283 2254,2284 2305,2285 2356,2287 2407,2289 2458,2290 2508,2292 2559,2293 2610,2295 2661,2296 2712,2298 2763,2299 2814,2301 2865,2303 2916,2304 2967,2306"/>
                <TextEquiv>
                    <Unicode>mals anno sechzig dö jugendlichen Helden g’spielt</Unicode>
                </TextEquiv>
            </TextLine>
            <TextLine id="r3l48" custom="readingOrder {index:47;}">
                <Coords points="1950,2344 2951,2367 2976,2319 1951,2284"/>
                <Baseline points="1957,2326 2007,2327 2058,2328 2108,2330 2159,2331 2209,2333 2260,2335 2310,2336 2361,2338 2411,2340 2462,2341 2513,2343 2563,2344 2614,2346 2664,2347 2715,2348 2765,2349 2816,2350 2866,2351 2917,2351 2968,2351"/>
                <TextEquiv>
                    <Unicode>hat, soll noch immer dö feurigsten Liebhaber geben</Unicode>
                </TextEquiv>
            </TextLine>
            <TextLine id="r3l49" custom="readingOrder {index:48;}">
                <Coords points="1942,2380 2961,2408 2961,2368 2799,2352 1943,2344"/>
                <Baseline points="1949,2373 1999,2375 2049,2376 2099,2377 2150,2379 2200,2381 2250,2382 2301,2384 2351,2385 2401,2387 2452,2389 2502,2390 2552,2391 2602,2393 2653,2394 2703,2395 2753,2396 2804,2397 2854,2398 2904,2399 2955,2399"/>
                <TextEquiv>
                    <Unicode>und den Frauenzimmern unbändig gut g'fallen. no</Unicode>
                </TextEquiv>
            </TextLine>
            <TextLine id="r3l50" custom="readingOrder {index:49;}">
                <Coords points="1936,2437 2940,2463 2967,2406 2611,2423 1937,2385"/>
                <Baseline points="1942,2427 1992,2427 2043,2427 2094,2427 2145,2428 2196,2429 2247,2430 2297,2431 2348,2433 2399,2435 2450,2437 2501,2438 2552,2440 2603,2441 2653,2443 2704,2444 2755,2446 2806,2446 2857,2447 2908,2448 2959,2448"/>
                <TextEquiv>
                    <Unicode>ja, es is halt G'schmacksach', bei uns im Kiefern¬</Unicode>
                </TextEquiv>
            </TextLine>
            <TextLine id="r3l51" custom="readingOrder {index:50;}">
                <Coords points="1945,2475 2966,2494 2966,2466 2877,2453 1946,2437"/>
                <Baseline points="1951,2473 2001,2474 2051,2475 2102,2477 2152,2478 2203,2479 2253,2481 2303,2482 2354,2483 2404,2485 2455,2486 2505,2487 2555,2488 2606,2489 2656,2490 2707,2491 2757,2492 2807,2494 2858,2495 2908,2496 2959,2497"/>
                <TextEquiv>
                    <Unicode>thal gilt für dö Deandl sei Lebtag nur a fescher</Unicode>
                </TextEquiv>
            </TextLine>
            <TextLine id="r3l52" custom="readingOrder {index:51;}">
                <Coords points="1939,2531 2964,2560 2940,2503 1941,2480"/>
                <Baseline points="1946,2519 1996,2520 2047,2522 2097,2524 2148,2525 2199,2527 2249,2528 2300,2530 2350,2531 2401,2533 2452,2534 2502,2535 2553,2537 2603,2538 2654,2539 2705,2541 2755,2542 2806,2543 2856,2544 2907,2545 2958,2546"/>
                <TextEquiv>
                    <Unicode>junger Bua was, für's Schöng'wesene gibt ka Deandl</Unicode>
                </TextEquiv>
            </TextLine>
            <TextLine id="r3l53" custom="readingOrder {index:52;}">
                <Coords points="1933,2574 2968,2606 2968,2570 2868,2549 1934,2538"/>
                <Baseline points="1940,2566 1991,2569 2042,2571 2093,2573 2144,2575 2195,2577 2246,2578 2297,2579 2348,2581 2399,2582 2450,2583 2501,2584 2552,2584 2603,2586 2654,2586 2705,2588 2756,2589 2807,2590 2858,2592 2909,2594 2961,2596"/>
                <TextEquiv>
                    <Unicode>und ka Ind was! Dö Namen von dö Dichter han</Unicode>
                </TextEquiv>
            </TextLine>
            <TextLine id="r3l54" custom="readingOrder {index:53;}">
                <Coords points="1946,2621 2828,2662 2959,2641 2934,2600 2525,2589 2462,2615 1948,2576"/>
                <Baseline points="1953,2615 2003,2617 2053,2620 2103,2623 2153,2625 2203,2627 2253,2628 2303,2630 2353,2631 2403,2632 2453,2633 2503,2635 2553,2636 2603,2637 2653,2638 2703,2639 2753,2639 2803,2640 2853,2642 2903,2643 2953,2644"/>
                <TextEquiv>
                    <Unicode>i mir nöt alle g'mirkt, aber sö san jetzten in</Unicode>
                </TextEquiv>
            </TextLine>
            <TextLine id="r3l55" custom="readingOrder {index:54;}">
                <Coords points="1938,2675 2841,2705 2931,2702 2949,2646 1939,2628"/>
                <Baseline points="1944,2663 1993,2666 2043,2668 2093,2671 2143,2672 2193,2674 2243,2675 2292,2676 2342,2677 2392,2678 2442,2679 2492,2680 2542,2681 2592,2682 2641,2683 2691,2684 2741,2685 2791,2686 2841,2688 2891,2689 2941,2691"/>
                <TextEquiv>
                    <Unicode>schwerer Menge und wachsen wia die Schwammerl</Unicode>
                </TextEquiv>
            </TextLine>
            <TextLine id="r3l56" custom="readingOrder {index:55;}">
                <Coords points="1933,2716 2957,2748 2958,2707 2905,2698 1934,2675"/>
                <Baseline points="1940,2709 1990,2713 2041,2716 2091,2719 2142,2721 2192,2723 2243,2726 2293,2728 2344,2730 2394,2731 2445,2732 2495,2733 2546,2734 2596,2735 2647,2736 2697,2737 2748,2737 2798,2738 2849,2739 2899,2739 2950,2740"/>
                <TextEquiv>
                    <Unicode>wild 'rum. Der Sami sagt, der Faust, der Leander,</Unicode>
                </TextEquiv>
            </TextLine>
            <TextLine id="r3l57" custom="readingOrder {index:56;}">
                <Coords points="1935,2768 2954,2800 2954,2754 2798,2737 1936,2729"/>
                <Baseline points="1941,2763 1991,2765 2041,2767 2091,2769 2142,2771 2192,2772 2242,2773 2293,2775 2343,2776 2393,2778 2444,2779 2494,2780 2544,2781 2594,2783 2645,2784 2695,2785 2745,2786 2796,2787 2846,2788 2896,2789 2947,2790"/>
                <TextEquiv>
                    <Unicode>der Hamlet, der Don Carlos, dös san ja alle fade</Unicode>
                </TextEquiv>
            </TextLine>
            <TextLine id="r3l58" custom="readingOrder {index:57;}">
                <Coords points="1936,2815 2300,2847 2958,2832 2928,2796 1937,2774"/>
                <Baseline points="1942,2812 1992,2815 2042,2818 2093,2821 2143,2822 2194,2824 2244,2825 2295,2826 2345,2827 2396,2828 2446,2828 2496,2828 2547,2829 2597,2829 2648,2830 2698,2830 2749,2831 2799,2833 2850,2834 2900,2836 2951,2838"/>
                <TextEquiv>
                    <Unicode>Kerln g’wesen gegen die jetzigen Helden der Neu¬</Unicode>
                </TextEquiv>
            </TextLine>
            <TextLine id="r3l59" custom="readingOrder {index:58;}">
                <Coords points="1927,2874 2477,2874 2694,2911 2740,2883 2936,2894 2957,2848 1928,2833"/>
                <Baseline points="1934,2864 1984,2866 2035,2867 2086,2869 2137,2870 2187,2872 2238,2873 2289,2874 2340,2875 2390,2876 2441,2877 2492,2878 2543,2879 2593,2880 2644,2881 2695,2882 2746,2884 2796,2885 2847,2886 2898,2888 2949,2890"/>
                <TextEquiv>
                    <Unicode>zeit, wie solchene der Herr von. Schnitzler, Bahr,</Unicode>
                </TextEquiv>
            </TextLine>
            <TextLine id="r3l60" custom="readingOrder {index:59;}">
                <Coords points="1931,2924 2954,2947 2955,2898 2915,2892 2678,2915 1932,2880"/>
                <Baseline points="1937,2909 1987,2911 2038,2914 2088,2916 2139,2919 2189,2921 2240,2922 2290,2924 2341,2925 2391,2926 2442,2927 2492,2928 2543,2929 2593,2930 2644,2931 2694,2931 2745,2932 2795,2933 2846,2934 2896,2935 2947,2936"/>
                <TextEquiv>
                    <Unicode>Léon, Buchbinder und der Dörman, während sie</Unicode>
                </TextEquiv>
            </TextLine>
            <TextLine id="r3l61" custom="readingOrder {index:60;}">
                <Coords points="1931,2976 2957,3001 2922,2940 2822,2964 2740,2930 1933,2921"/>
                <Baseline points="1939,2962 1989,2963 2040,2965 2090,2966 2141,2967 2192,2968 2242,2969 2293,2971 2343,2972 2394,2974 2445,2975 2495,2976 2546,2977 2596,2979 2647,2980 2698,2981 2748,2983 2799,2984 2849,2985 2900,2986 2951,2987"/>
                <TextEquiv>
                    <Unicode>sich 's Haar beim Friseur abschneiden lassen, gleich</Unicode>
                </TextEquiv>
            </TextLine>
            <TextLine id="r3l62" custom="readingOrder {index:61;}">
                <Coords points="1921,3030 2938,3048 2950,3005 1922,2978"/>
                <Baseline points="1928,3015 1978,3016 2029,3017 2080,3018 2131,3018 2181,3019 2232,3020 2283,3021 2334,3021 2384,3022 2435,3023 2486,3023 2537,3024 2587,3025 2638,3026 2689,3028 2740,3029 2790,3030 2841,3032 2892,3034 2943,3036"/>
                <TextEquiv>
                    <Unicode>zu Dutzend erfinden. 'n Sami sein Kammerl, dös</Unicode>
                </TextEquiv>
            </TextLine>
            <TextLine id="r3l63" custom="readingOrder {index:62;}">
                <Coords points="1930,3071 2868,3100 2945,3083 2946,3046 1931,3030"/>
                <Baseline points="1937,3060 1987,3061 2037,3062 2087,3064 2137,3065 2187,3067 2237,3068 2287,3069 2337,3070 2387,3072 2438,3072 2488,3074 2538,3075 2588,3076 2638,3077 2688,3078 2738,3079 2788,3080 2838,3081 2888,3082 2939,3082"/>
                <TextEquiv>
                    <Unicode>an unsern Schweinstall ang'stoßen is und wo jetzten</Unicode>
                </TextEquiv>
            </TextLine>
            <TextLine id="r3l64" custom="readingOrder {index:63;}">
                <Coords points="1925,3110 2942,3150 2943,3093 2885,3087 1926,3074"/>
                <Baseline points="1932,3107 1982,3109 2032,3112 2082,3114 2132,3116 2182,3118 2232,3119 2283,3120 2333,3121 2383,3122 2433,3122 2483,3123 2533,3123 2583,3124 2634,3124 2684,3125 2734,3126 2784,3127 2834,3128 2884,3130 2935,3132"/>
                <TextEquiv>
                    <Unicode>da Halterbua einquartiert is, da san so einige</Unicode>
                </TextEquiv>
            </TextLine>
            <TextLine id="r3l65" custom="readingOrder {index:64;}">
                <Coords points="1928,3164 2709,3197 2917,3191 2942,3150 1929,3118"/>
                <Baseline points="1935,3158 1985,3159 2035,3160 2085,3161 2135,3162 2185,3163 2235,3164 2285,3165 2335,3166 2385,3167 2435,3169 2485,3170 2535,3171 2585,3172 2635,3174 2685,3175 2735,3176 2785,3177 2835,3178 2885,3179 2935,3180"/>
                <TextEquiv>
                    <Unicode>Schani, will sagen Scheni. aufg’hängt g’wesen und</Unicode>
                </TextEquiv>
            </TextLine>
            <TextLine id="r3l66" custom="readingOrder {index:65;}">
                <Coords points="1924,3218 2929,3246 2930,3199 1925,3163"/>
                <Baseline points="1931,3207 1980,3208 2030,3210 2079,3211 2129,3212 2179,3213 2228,3214 2278,3216 2327,3217 2377,3218 2427,3219 2476,3220 2526,3221 2575,3222 2625,3223 2675,3224 2724,3224 2774,3225 2823,3225 2873,3226 2923,3226"/>
                <TextEquiv>
                    <Unicode>unten is allweil so a Krix-Krax g'standen, a Wid¬</Unicode>
                </TextEquiv>
            </TextLine>
            <TextLine id="r3l67" custom="readingOrder {index:66;}">
                <Coords points="1924,3261 2818,3297 2933,3286 2934,3249 1925,3220"/>
                <Baseline points="1931,3254 1980,3256 2030,3257 2080,3258 2130,3260 2180,3261 2229,3262 2279,3263 2329,3264 2379,3265 2429,3266 2478,3267 2528,3267 2578,3268 2628,3269 2678,3270 2727,3271 2777,3271 2827,3272 2877,3273 2927,3274"/>
                <TextEquiv>
                    <Unicode>mung nennenf' dös, wie von an Madl in der Taferl¬</Unicode>
                </TextEquiv>
            </TextLine>
            <TextLine id="r3l68" custom="readingOrder {index:67;}">
                <Coords points="1926,3311 2947,3341 2948,3299 2902,3281 1927,3271"/>
                <Baseline points="1933,3305 1983,3306 2033,3308 2084,3309 2134,3311 2185,3311 2235,3313 2285,3313 2336,3314 2386,3315 2437,3316 2487,3317 2537,3317 2588,3318 2638,3319 2689,3320 2739,3320 2789,3321 2840,3322 2890,3323 2941,3324"/>
                <TextEquiv>
                    <Unicode>class’ g'schrieben und dö G'sichter, dö haben so</Unicode>
                </TextEquiv>
            </TextLine>
            <TextLine id="r3l69" custom="readingOrder {index:68;}">
                <Coords points="1927,3365 2260,3378 2313,3352 2939,3392 2940,3345 1928,3310"/>
                <Baseline points="1933,3358 1983,3358 2033,3358 2083,3358 2133,3358 2183,3359 2233,3359 2283,3360 2333,3360 2383,3361 2433,3362 2483,3363 2533,3364 2583,3365 2633,3366 2683,3368 2733,3369 2783,3371 2833,3372 2883,3374 2933,3376"/>
                <TextEquiv>
                    <Unicode>gar nöt „berühme“ ausg'schaut und a gar nöt</Unicode>
                </TextEquiv>
            </TextLine>
            <TextLine id="r3l70" custom="readingOrder {index:69;}">
                <Coords points="1923,3415 2903,3445 2935,3388 1924,3365"/>
                <Baseline points="1929,3404 1981,3406 2034,3407 2086,3408 2139,3409 2191,3409 2244,3410 2297,3411 2349,3411 2402,3411 2454,3412 2507,3412 2559,3413 2612,3414 2665,3415 2717,3415 2770,3417 2822,3418 2875,3420 2928,3422"/>
                <TextEquiv>
                    <Unicode>schön, wie z. B der Wolfgang Goethe oder sein</Unicode>
                </TextEquiv>
            </TextLine>
            <TextLine id="r3l71" custom="readingOrder {index:70;}">
                <Coords points="1911,3459 2947,3488 2948,3441 1912,3410"/>
                <Baseline points="1917,3451 1968,3451 2019,3452 2070,3454 2121,3455 2173,3455 2224,3456 2275,3457 2326,3458 2377,3459 2429,3460 2480,3461 2531,3462 2582,3463 2633,3464 2685,3466 2736,3467 2787,3468 2838,3470 2889,3471 2941,3473"/>
                <TextEquiv>
                    <Unicode>bester Speci der Friedrich Schiller! Und d'rum</Unicode>
                </TextEquiv>
            </TextLine>
            <TextLine id="r3l72" custom="readingOrder {index:71;}">
                <Coords points="1911,3502 2933,3527 2934,3469 1912,3460"/>
                <Baseline points="1918,3499 1968,3501 2018,3503 2069,3504 2119,3505 2170,3506 2220,3507 2271,3508 2321,3508 2372,3509 2422,3510 2472,3510 2523,3511 2573,3511 2624,3512 2674,3513 2725,3514 2775,3515 2826,3516 2876,3518 2927,3520"/>
                <TextEquiv>
                    <Unicode>mir scheint, nix is in der Welt besser worden, der</Unicode>
                </TextEquiv>
            </TextLine>
            <TextLine id="r3l73" custom="readingOrder {index:72;}">
                <Coords points="1914,3559 2935,3580 2936,3524 1915,3515"/>
                <Baseline points="1921,3548 1971,3550 2021,3551 2072,3553 2122,3553 2172,3554 2223,3555 2273,3556 2323,3556 2374,3557 2424,3557 2474,3558 2525,3558 2575,3559 2625,3559 2676,3560 2726,3561 2776,3562 2827,3564 2877,3566 2928,3567"/>
                <TextEquiv>
                    <Unicode>Wein is schlechter, dös is g’wiss, und dö Menschen?</Unicode>
                </TextEquiv>
            </TextLine>
            <TextLine id="r3l74" custom="readingOrder {index:73;}">
                <Coords points="1910,3608 2890,3633 2929,3627 2930,3578 1910,3560"/>
                <Baseline points="1916,3599 1966,3600 2016,3601 2067,3601 2117,3601 2167,3602 2218,3602 2268,3602 2318,3602 2369,3602 2419,3603 2469,3603 2520,3604 2570,3604 2620,3605 2671,3607 2721,3608 2771,3611 2822,3613 2872,3616 2923,3619"/>
                <TextEquiv>
                    <Unicode>Früher amal waren die „bsunderen" Leut halt a.</Unicode>
                </TextEquiv>
            </TextLine>
            <TextLine id="r3l75" custom="readingOrder {index:74;}">
                <Coords points="1893,3657 2945,3678 2946,3616 1894,3614"/>
                <Baseline points="1900,3645 1951,3646 2003,3648 2055,3648 2107,3649 2159,3650 2211,3650 2263,3651 2315,3651 2367,3652 2419,3652 2470,3653 2522,3654 2574,3655 2626,3656 2678,3657 2730,3658 2782,3660 2834,3662 2886,3664 2938,3666"/>
                <TextEquiv>
                    <Unicode>Rarität, der Bauer is a Bauer blieben, der Herr</Unicode>
                </TextEquiv>
            </TextLine>
            <TextLine id="r3l76" custom="readingOrder {index:75;}">
                <Coords points="1900,3713 2934,3727 2934,3688 2882,3674 2603,3678 2562,3650 2496,3676 1901,3662"/>
                <Baseline points="1907,3696 1958,3697 2009,3697 2060,3698 2111,3699 2162,3699 2213,3700 2264,3701 2315,3701 2366,3702 2417,3703 2468,3704 2519,3705 2570,3706 2621,3707 2672,3707 2723,3709 2774,3710 2825,3712 2876,3713 2928,3715"/>
                <TextEquiv>
                    <Unicode>a Herr, hemt steigt der Bauer oft auf's hohe Ross</Unicode>
                </TextEquiv>
            </TextLine>
            <TextLine id="r3l77" custom="readingOrder {index:76;}">
                <Coords points="1892,3759 2669,3755 2753,3783 2910,3778 2933,3726 1893,3711"/>
                <Baseline points="1898,3747 1949,3747 2000,3747 2052,3748 2103,3748 2155,3749 2206,3750 2257,3751 2309,3751 2360,3752 2412,3754 2463,3754 2514,3756 2566,3756 2617,3757 2669,3758 2720,3759 2771,3760 2823,3761 2874,3762 2926,3762"/>
                <TextEquiv>
                    <Unicode>und der Erdg'ruch bleibt doch. Der Sohn vom</Unicode>
                </TextEquiv>
            </TextLine>
            <TextLine id="r3l78" custom="readingOrder {index:77;}">
                <Coords points="1890,3793 2918,3843 2935,3763 1890,3762"/>
                <Baseline points="1896,3793 1947,3794 1999,3795 2050,3795 2102,3796 2154,3797 2205,3798 2257,3799 2308,3799 2360,3801 2412,3801 2463,3802 2515,3803 2566,3805 2618,3806 2670,3807 2721,3808 2773,3809 2824,3811 2876,3813 2928,3814"/>
                <TextEquiv>
                    <Unicode>adelig'n Herrn, der alles verklopft hat, steigt 'nunter.</Unicode>
                </TextEquiv>
            </TextLine>
            <TextLine id="r3l79" custom="readingOrder {index:78;}">
                <Coords points="1901,3848 2925,3885 2926,3833 2811,3813 1902,3802"/>
                <Baseline points="1908,3840 1958,3842 2009,3843 2059,3845 2110,3845 2160,3846 2211,3846 2261,3847 2312,3847 2362,3847 2413,3847 2464,3848 2514,3848 2565,3849 2615,3850 2666,3852 2716,3853 2767,3856 2817,3858 2868,3861 2919,3865"/>
                <TextEquiv>
                    <Unicode>So wechselt alles, amal war der Böhm in Wean</Unicode>
                </TextEquiv>
            </TextLine>
            <TextLine id="r3l80" custom="readingOrder {index:79;}">
                <Coords points="1891,3905 2842,3928 2921,3921 2922,3883 1892,3861"/>
                <Baseline points="1898,3891 1948,3893 1999,3894 2050,3895 2101,3896 2152,3896 2203,3897 2253,3898 2304,3899 2355,3900 2406,3901 2457,3902 2508,3903 2559,3904 2609,3905 2660,3906 2711,3907 2762,3909 2813,3910 2864,3912 2915,3914"/>
                <TextEquiv>
                    <Unicode>verlegen, wan er a böhmische Anfrag hat richten</Unicode>
                </TextEquiv>
            </TextLine>
            <TextLine id="r3l81" custom="readingOrder {index:80;}">
                <Coords points="1890,3959 2664,3955 2783,3982 2923,3978 2924,3930 1891,3905"/>
                <Baseline points="1897,3940 1950,3941 2004,3942 2057,3944 2111,3945 2165,3946 2218,3947 2272,3948 2326,3949 2379,3950 2433,3951 2486,3952 2540,3953 2594,3954 2647,3955 2701,3956 2755,3957 2808,3959 2862,3960 2916,3962"/>
                <TextEquiv>
                    <Unicode>wollen, heut is der Deutsche fast schon d’erschlagen,</Unicode>
                </TextEquiv>
            </TextLine>
            <TextLine id="r3l82" custom="readingOrder {index:81;}">
                <Coords points="1890,3994 2931,4023 2932,3982 2889,3965 1891,3959"/>
                <Baseline points="1896,3989 1947,3990 1998,3990 2050,3991 2101,3992 2153,3993 2204,3994 2256,3995 2307,3996 2359,3997 2410,3998 2461,3999 2513,4000 2564,4001 2616,4002 2667,4003 2719,4004 2770,4005 2822,4006 2873,4007 2925,4008"/>
                <TextEquiv>
                    <Unicode>wan er in Oesterreich nöt böhmisch kan! Na, all's</Unicode>
                </TextEquiv>
            </TextLine>
            <TextLine id="r3l83" custom="readingOrder {index:82;}">
                <Coords points="1893,4049 2584,4053 2714,4083 2870,4077 2928,4031 1894,4005"/>
                <Baseline points="1900,4036 1951,4036 2002,4037 2053,4038 2104,4039 2155,4041 2206,4042 2257,4043 2308,4045 2359,4047 2410,4048 2461,4050 2512,4051 2563,4053 2614,4054 2665,4056 2716,4057 2767,4057 2818,4058 2869,4058 2920,4058"/>
                <TextEquiv>
                    <Unicode>wird anders wern, hat der Sami g'sagt, wann's</Unicode>
                </TextEquiv>
            </TextLine>
            <TextLine id="r3l84" custom="readingOrder {index:83;}">
                <Coords points="1897,4089 2689,4127 2898,4119 2923,4083 1898,4055"/>
                <Baseline points="1904,4085 1954,4087 2005,4088 2055,4090 2106,4092 2157,4093 2207,4094 2258,4096 2308,4097 2359,4098 2410,4099 2460,4101 2511,4102 2561,4103 2612,4104 2663,4105 2713,4106 2764,4107 2814,4107 2865,4108 2916,4109"/>
                <TextEquiv>
                    <Unicode>nur endlich nach'n Herrn von Gregorig geht und</Unicode>
                </TextEquiv>
            </TextLine>
            <TextLine id="r3l85" custom="readingOrder {index:84;}">
                <Coords points="1887,4154 2774,4174 2838,4157 2839,4126 1888,4082"/>
                <Baseline points="1894,4136 1940,4137 1987,4139 2034,4140 2081,4141 2128,4141 2175,4143 2222,4143 2269,4145 2316,4146 2363,4147 2409,4147 2456,4148 2503,4149 2550,4150 2597,4151 2644,4152 2691,4153 2738,4153 2785,4154 2832,4155"/>
                <TextEquiv>
                    <Unicode>dö Juden anig'hoben werden nuch dem § 14.</Unicode>
                </TextEquiv>
            </TextLine>
            <TextLine id="r3l86" custom="readingOrder {index:85;}">
                <Coords points="2763,4212 2772,4212 2786,4226 2795,4221 2800,4224 2814,4212 2829,4214 2836,4219 2846,4216 2861,4220 2862,4176 2846,4170 2842,4174 2840,4171 2828,4172 2819,4177 2810,4169 2804,4171 2799,4167 2781,4176 2764,4172"/>
                <Baseline points="2770,4207 2798,4210 2826,4209 2854,4211"/>
                <TextEquiv>
                    <Unicode>Hics</Unicode>
                </TextEquiv>
            </TextLine>
            <TextEquiv>
                <Unicode>Grasen
„ 1000
von Vergan
Im Polna, vom Wean
Abonnemen Gasg sellschaft, vom Mut¬
Abonnenter
Jünger von allen hat e
Wie
's Extrablattl an freien Entr##
Phöhen
Herrschoften häl
u#d
war schon, wie der Sami amai uns dö Gschicht
von dö Weana Theater derzöhlt hat da hau ma
alle auf'glost, dass uns ja ka Wörll nör auskummt
und vorweg mir Alten, dö schon anno 1860 alle
heiligen Zeuen amol nach Wean einig'fahrn san
und im Michaeler Bierhaus 's letzte Fruahstuck
um achte in der frnah eing'nommen hab'n, damit
ma richti im 4. Stock im kaiserlichen Komödienhaus
am Abend haben stehen können, mir haben auf
jedes Wort schön acht geben. Alsdann, dals
####, A Mimt hul Mzohn, ##f##se Füheren
Dichter: Der Göthe, Schiller, Grillparzer, Hebbel
und wies' alle haßen, falt gar nimmer aufg'führt
wern, weil's nöt der Müh is und überhaupt denen
ihnere Gedanken niemals nöt so rar waren, dö
haben nur so alte Ritter=, Rauber= und G’spenster¬
g'schichten g'schrieben, herentgegen die heitigen
Dichter ganz andere Leut san, denn, hat der Sami
g'sagt, dös is ganz falsch, wie ma glaubt, dass
jma in an Trauerg'spiel wanen und in aner Lust¬
sspielkomödie lachen muass, umkehrt is a g'fahren,
hna derf überhaupt net fragen, was im Theater
gg'schicht, sondern wie! Der Herr von Schlenther,
der früher in Berlin g’wesen is beim dortigen
Schöpfernen, den habuf' eigens sich von dort ver¬
schrieb'n, weil mir kan solchen Kopf nöt haben, ob¬
wohl unser Ferdsche sagt, dass der Arlt von Mödling
die Sach gleich g'scheiter gmacht hätt', also sag i,
per nämliche Herr von Schleuther, der is jetzten
Der Director vöm Weana Burgtheater und es soll
jalles ganz anders sei, wie amal.
Die Alte spielt jetzten die jugendlichen Rollen
und dö Junge, aber es soll ka Auswahl nöt sein,
die alten, der Herr v. Sonnenthal, der schon da¬
mals anno sechzig dö jugendlichen Helden g’spielt
hat, soll noch immer dö feurigsten Liebhaber geben
und den Frauenzimmern unbändig gut g'fallen. no
ja, es is halt G'schmacksach', bei uns im Kiefern¬
thal gilt für dö Deandl sei Lebtag nur a fescher
junger Bua was, für's Schöng'wesene gibt ka Deandl
und ka Ind was! Dö Namen von dö Dichter han
i mir nöt alle g'mirkt, aber sö san jetzten in
schwerer Menge und wachsen wia die Schwammerl
wild 'rum. Der Sami sagt, der Faust, der Leander,
der Hamlet, der Don Carlos, dös san ja alle fade
Kerln g’wesen gegen die jetzigen Helden der Neu¬
zeit, wie solchene der Herr von. Schnitzler, Bahr,
Léon, Buchbinder und der Dörman, während sie
sich 's Haar beim Friseur abschneiden lassen, gleich
zu Dutzend erfinden. 'n Sami sein Kammerl, dös
an unsern Schweinstall ang'stoßen is und wo jetzten
da Halterbua einquartiert is, da san so einige
Schani, will sagen Scheni. aufg’hängt g’wesen und
unten is allweil so a Krix-Krax g'standen, a Wid¬
mung nennenf' dös, wie von an Madl in der Taferl¬
class’ g'schrieben und dö G'sichter, dö haben so
gar nöt „berühme“ ausg'schaut und a gar nöt
schön, wie z. B der Wolfgang Goethe oder sein
bester Speci der Friedrich Schiller! Und d'rum
mir scheint, nix is in der Welt besser worden, der
Wein is schlechter, dös is g’wiss, und dö Menschen?
Früher amal waren die „bsunderen" Leut halt a.
Rarität, der Bauer is a Bauer blieben, der Herr
a Herr, hemt steigt der Bauer oft auf's hohe Ross
und der Erdg'ruch bleibt doch. Der Sohn vom
adelig'n Herrn, der alles verklopft hat, steigt 'nunter.
So wechselt alles, amal war der Böhm in Wean
verlegen, wan er a böhmische Anfrag hat richten
wollen, heut is der Deutsche fast schon d’erschlagen,
wan er in Oesterreich nöt böhmisch kan! Na, all's
wird anders wern, hat der Sami g'sagt, wann's
nur endlich nach'n Herrn von Gregorig geht und
dö Juden anig'hoben werden nuch dem § 14.
Hics</Unicode>
            </TextEquiv>
        </TextRegion>
        <TextRegion orientation="0.0" id="r4" custom="readingOrder {index:3;}">
            <Coords points="3013,212 3013,280 3109,280 3109,212"/>
            <TextLine id="r4l1" custom="readingOrder {index:0;}">
                <Coords points="3012,240 3021,239 3035,249 3039,246 3041,249 3045,246 3053,247 3051,209 3042,210 3023,194 3010,194"/>
                <Baseline points="3018,233 3046,232"/>
                <TextEquiv>
                    <Unicode>—</Unicode>
                </TextEquiv>
            </TextLine>
            <TextLine id="r4l2" custom="readingOrder {index:1;}">
                <Coords points="3007,298 3024,302 3058,285 3069,286 3074,282 3084,282 3107,296 3116,293 3115,243 3107,245 3087,239 3081,246 3069,242 3061,249 3051,245 3046,250 3036,250 3027,244 3019,252 3006,251"/>
                <Baseline points="3013,269 3045,270 3077,269 3109,267"/>
                <TextEquiv>
                    <Unicode>Mtaus.</Unicode>
                </TextEquiv>
            </TextLine>
            <TextEquiv>
                <Unicode>—
Mtaus.</Unicode>
            </TextEquiv>
        </TextRegion>
    </Page>
</PcGts>
