3392 4352
1172 264 1632 362 box 41/1
765 281 951 338 eol
189 272 1044 385 1. Miscel 15
1221 1298 1611 1359 Telefon 12801.
747 1402 2069 1469 Alex. Weigl’s Unternehmen für Zeitungs-Ausschnitte
1130 1447 1169 1494 ——
1765 1461 1935 1514 Ausschnitt
826 1487 2092 1598 104 „OBSERVER“ N. 74
666 1606 2128 1680 I. österr. behördl. conc. Bureau für Zeitungsberichte u. Personalnachrichten
868 1678 1952 1747 Wien, IX, Türkenstrasse 17.
1074 1756 1754 1828 Filiale in Budapest: „Figyeló“ —
687 1824 2118 1893 Vertretungen in Berlin. Chicago, Genf, London, Newyork, Paris,Rom, Stockholm.
1204 1876 1864 1973 Des kleina Fütcie Süfter
677 1934 1213 2016 Ausschnitt aus:
678 2062 1232 2171 vom 20 /101000
855 2176 1304 2263 I
1917 2220 2523 2284 Wir lachen alle entgegen so gern
1033 2236 1308 2330 Saison.
1920 2263 2547 2326 Dem fröhlichen Feste der Tannen,
1917 2295 2812 2389 Nicht einmal Blumenthal's „strenge Herrn“
761 2320 1501 2392 Nun geben wir wieder den Todtenschein
1908 2355 2528 2418 Vermögen die Frende zu bannen.
764 2382 1387 2445 Der Sonne wärmenden Strahlen,
769 2421 1516 2491 Am Todtenhügel, da schäumet der Wein,
1917 2433 2611 2515 Es dreh'n sich bei lustigem Fidelklang
768 2480 1367 2546 Da klappern die Austernschaalen.
1924 2492 2437 2551 Die allerält'sten Scharteken,
1917 2522 2616 2600 Der Schwindel erfaßt sogar die Bank
763 2550 1517 2625 Es steigt aus der Kiste der Knallboubon
1924 2575 2443 2660 Der preußischen Hypotheken.
769 2604 1297 2663 Mit übel gereimtem Motto,
767 2647 1446 2711 Aus Flitter ersteht die neue Saison
1918 2647 2665 2737 Gedruckt ich schon in den Zeitungen seh'
762 2691 1232 2767 Am Arme des Galeotto.
1932 2715 2539 2775 Berichte des hungrigen Kritzlers:
1932 2756 2604 2819 Bei Hohenlohe war „Abschiedssouper“
763 2785 1643 2849 Das Ernste, das Heit're, das Streuge, der Scherz:
1932 2775 2818 2878 (Nicht ganz so lustig wie — Schnitzler' 8.)□
772 2826 1413 2880 Es dient dem Genießen zur Hülle,
696 2866 1402 2953 pe Und unaufhaltsam bis Ende März
1921 2884 2780 2958 Des Nachmittags, wenn die Dämmerung sinkt,
765 2915 1388 2991 Ergießt sich Vergnügen in Fülle.
1929 2934 2568 2994 Da essen sie Kuchen bei Kranzler,
1928 2977 2661 3038 Und weich wie Sahne das Lob erklingt
732 2984 1613 3064 „ Dem Elend, der Krankheit begegnet man mild
1932 3024 2638 3100 Von Bülow, dem neuesten Kanzler.
734 3051 1338 3121 „ Durch theatralische Kränzchen,
779 3094 1592 3149 Die Armuth und Sorgen, sie werden gestillt
1927 3105 2610 3174 Doch lantes Lärmen auch unterbricht
772 3139 1521 3219 Durch Thee, Champagner und Tänzchen.
659 3153 777 3209 Abo
1939 3161 2570 3217 Des Stammtischs friedliche Stille,
661 3197 791 3254 Abo
1932 3193 2657 3271 Wenn Mancher recht despektirlich spricht
771 3211 1584 3289 Das Wohlthun naht sich im schwarzen Frack
1937 3246 2641 3313 Von Woedtke und seinen zwölf Mille.
782 3280 1433 3339 Den Aermsten in kärglichen Betten,
675 3312 1516 3381 Inh: Die Damen lindern den Schicksalsschlag
1929 3328 2707 3406 So naht die Saison mit Hip hip hurrah,
679 3359 777 3415 blä
788 3365 1268 3447 In dekolettirten Toiletten.
1936 3383 2590 3442 Es kommen die Wochen, die bösen,
674 3403 783 3461 wodt
1943 3427 2619 3489 Doch leider ist kein Houdini da,
680 3441 773 3491 des
685 3443 1371 3516 werd Ob Kunst, Theater, ob Politik,
1944 3474 2503 3540 Die lästigen Fesseln zu lösen.
778 3503 1366 3560 Das darf uns nimmer geniren,
769 3523 1619 3604 Nur darum dreht sich's, mit Glanz und Chic
774 3587 1274 3661 Uns weidlich zu amüsiren,
