3344 4352
1145 259 1591 368 box 41/1
124 266 984 387 1. Miscellaneous
1402 754 1805 818 Telefon 12801.
932 838 2260 930 Alex. Weigl's Unternehmen für Zeitungs-Ausschnitte
1952 907 2131 961 Aussehnitt
1262 953 2322 1063 „OBSERVEK Nr. 100
870 1050 2338 1148 I. österr. behördl. conc. Bureau für Zeitungsberichte u. Personalnachrichten
1064 1122 2164 1224 Wien. IX. Türkenstrasse 17.
1281 1211 2005 1295 Filiale in Budapest: „Figyelö“ —
894 1279 2326 1363 Vertretungen in Berlin, Chicago, Genf, London, Newyork, Paris, Rom, Stockholm.
877 1417 1403 1503 Ausschhitt aus:
1461 1450 2167 1628 Jtdisches Terhesauth Een
891 1543 1417 1678 0707
1096 1988 2266 2096 Ein Capitel über das „Wienerische“. Man interpellierte einst!!
988 2057 2262 2156 Arthur Schnitzler über sein „süßes Mädchen“; zu dem größten
990 2121 2231 2174 Erstaunen des Naseweisen gab er zur Antwort: Es gibt ein „süßes
992 2171 2228 2247 Mädchen“ so wenig, als es die „Wienerin“ des Extrablattes gibt.
1002 2219 2208 2293 Und swer sich ein bisschen Zeit und Mühe nimmt, die Weaner
992 2264 2209 2316 Madln“ zu studieren, und ein bisschen Grütze im Kopfe hat, wird
1005 2307 2212 2371 finden, dass der Dichter in seiner edlen Wahrheitsliebe das Richtige
992 2357 2316 2434 getroffen hat. Die „jüßen Mädeln“ sind um einige Grade düm= usive
992 2421 2302 2478 mer, treuloser und, man verzeihe, sagen wir, habsüchtiger, als das hrto
978 2453 2309 2517 Ideal Schnitzlers, das eben nur in dem Kopfe des Dichters existiert. selbar
994 2494 2336 2583 Wie söllte es anders sein. In dieser Stadt, wo eine Rassenver=Toraus.
986 2557 2365 2624 mischung schlimmster Art ihre Orgien feiert, kann keine gerade Artj ist das
991 2606 2374 2671 existieren; alle Stämme Oesterreich=Ungarns geben sich hier an ders es den
936 2650 2202 2709 Ab Donau ihre Rendez=vous, und aus diesem Mischmasch kann keine
952 2692 2208 2758 Ab edle Blume erblühen. Es gab einst Wiener und Wienerinnen,
983 2734 2380 2818 man braucht bloß Grillparzer und Nestroy zu nennen, um zwei ltend die
2191 2779 2376 2833 prgen¬
1001 2791 2373 2874 Pole eines urwüchsigen Wesens zu kennzeichnen; aber diese Art Zeitung")
945 2798 997 2867 I1
935 2841 2384 2890 hrist längst in dem Meere der verschiedensten fremden, sich gegenseitig sie Leben
944 2891 2386 2961 waschwächenden Instincte zugrunde gegangen; und leider eignet man heilungen
940 2941 2201 2990 de sich von dem Fremden am wenigsten das Gute an, weil das Gute ein
984 2982 2211 3071 Product der Selbstzucht ist, und daher nicht nur gut, sondern auch
996 3033 1206 3092 schwer ist.
1091 3075 2207 3162 Diese Gedanken flogen mir durch den Kopf, als man vom
990 3137 2213 3211 Glücke und Ende des „Jung=Wiener Theater“ sprach. Ich suchte zu
994 3171 2206 3231 entwickeln, dass es nichts „Wienerisches“ gäbe; aber jedenfalls hat¬
991 3222 2210 3297 #ten die Acteure und Macher dieses neuen „Jungwienerthum“ keinen
990 3272 2195 3330 Tropfen weanerischen Blutes in ihren Adern. Voll Heuchelei und
993 3330 2218 3402 Künstelei, idie das ganze Milien, waren auch die geistigen Schöpferz
959 3385 2169 3479 landfremd und gefühlsfremd, instinctunsicher und nachahmungs¬
980 3443 1827 3523 lüstern.— so schafft man keine neue Kunst.
1080 3474 2175 3550 Juden seid ihr, Semiten. Dort klopfet an, vielleicht
971 3532 2178 3604 hat da das Herz euch etwas zu sagen. Das ist die einzige Quelle
957 3587 2175 3653 der Entwicklung vom Gewöhnlichen zum Seltenen, wenn aber auch
961 3631 2171 3697 da nicht, so lasset euer Talent begraben. Seid ihr nicht boden¬
967 3673 2172 3728 ständig, so seid ihr lächerliche Caricaturen, die ängstlich dort herum¬
969 3724 2179 3788 tappen müssen, wo der Rassenbewufste leicht und sicher den Weg
961 3765 2186 3856 findet. Ihr seid nicht die Schlechtesten des jüdischen Volkes und
962 3822 2180 3870 noch ist es Zeit zur Umkehr und Einkehr; wenn nicht — so endet
967 3866 2174 3932 ihr in dem Sumpfe des „Wienerischen“, wie es in manchem Leo¬
957 3910 2189 3979 poldstädter Tingel=Tangel zuhause ist, eines Typus, der sich nicht
965 3966 2174 4027 achtet, die anderen nicht achtet und seine Eigenart in der Verhöh¬
952 4020 1880 4103 nung und Verflachung jeder ideellen Regung sieht.
