3344 4352
115 276 987 388 1. Miscellaneons
157 1064 360 1178 2
467 1487 845 1577 Wiener Brief.
168 1556 1136 1631 (Die Wiener Modernen. — Die Secession. — Die
415 1610 909 1675 Wiener Modeausstellung.)
265 1655 1130 1717 M. B. Vor ungefähr neun Jahren wurde
169 1709 1127 1782 im deutschen Volkstheater eine prächtige Satire
168 1758 1136 1807 gegen die Modernen gegeben: die Komödie
182 1801 1138 1865 „König Midas“ von dem dänischen Dichter
179 1848 1125 1909 Heiberg. Das Stück wurde bei der Première
171 1892 1134 1957 grausam niedergezischt, obgleich Mitterwurzer
176 1939 1139 2000 und Adele Sandrock die Hauptrollen spielten.
168 1993 1131 2068 Mitterwurzer, den ich nach der Vorstellung traf,
180 2041 1135 2102 war über diesen Mißersolg durchaus nicht un¬
174 2083 1132 2154 ggehalten. „Es ist nicht das erste Mal in meiner
176 2135 1129 2197 Carrière“, sagte er lachend, „daß ich „ange¬
171 2185 1141 2242 blasen“ wurde. Aber diesmal darf ich mit
179 2231 1132 2286 ruhigem Gewissen sagen: Ich bin unschuldig.
184 2280 1142 2344 Die Leute haben eben die satirischen Pointen
173 2333 1140 2386 des Stückes nicht verstanden. Sie wissen zu
184 2373 1128 2437 wenig von der „Moderne.“ In einigen Jahren
167 2423 1134 2483 wird man eine Komödie, die die Modernen
173 2471 1128 2539 aufs Korn nimmt, verstehen und die Zischer
179 2516 1132 2584 von heute werden dann herzhaft applaudiren.“
275 2568 1135 2641 Was Mitterwurzer vorausgesagt, ist ein¬
136 2608 1137 2670 g getroffen. Man kennt gegenwärtig in Wien
128 2673 183 2721 ent
177 2664 1132 2716 die „Moderne“ in der Literatur und in der
190 2714 1138 2766 bildenden Kunst. Man kennt auch die Aus¬
188 2753 1136 2813 wüchse der neuen Richtung. Und so ist denn
184 2802 1130 2875 auch begreiflich, daß die jüngste Novität des
190 2845 1134 2912 Burgtheaters, die satirische Komödie „Jugend
184 2898 1126 2972 von heute“ von Otto Ernst eine verständniß¬
179 2940 1128 3000 innige und beifällige Aufnahme fand. Man
179 2992 1140 3054 darf aber gleichwohl behaupten, daß die Modelle
189 3041 1140 3113 zu jenen Literaturgigerln und modernen „Uiber¬
181 3089 1146 3141 menschen“, wie sie Otto Ernst gezeichnet hat,
185 3121 1141 3191 hier nur in sehr wenigen Exemplaren vertreten
189 3183 1149 3237 sind; als typische Gestalten mögen sie in der
194 3234 1147 3289 literarischen Bohsme Berlins vorkommen, bei
190 3274 1141 3339 uns findet man sie nicht. Unsere Modernen
191 3330 1141 3385 haben ihre Sturm= und Drangperiode längst
187 3374 1142 3446 hinter sich. Selbst ihr hervorragendster Stür¬
188 3423 1141 3492 mer und Dränger, Hermann Bahr, ist ein ernster,
186 3469 1142 3544 gesetzter Schriftsteller geworden. Er coquettirt
191 3523 1137 3578 nicht mehr mit seiner Stirnlocke. Er sucht das
197 3564 1143 3655 Publicum nicht mehr durch literarische Abson¬
772 3628 1146 3718 S
174 3682 270 3743 1
430 3717 904 3815 Der Küchenkoller.
1125 264 1570 356 box 41/1
2742 1140 2972 1233 1900.
2758 1219 2896 1284 —.—
2932 1222 2991 1286 5
1111 1123 2483 1294 ige zur Bohemia Nr. 67.
1130 1304 2875 1389 geiten an die Ldmintstration und Vemmiter an die Urpelkion der „Besentrt fenden.
1902 1382 2157 1451 MI AEEEE
1615 1385 1843 1449 MS
2099 1451 3047 1520 einiger Concentration mit einem gediegenen, sub¬
1145 1445 2084 1542 derlichkeiten zu verblüffen, er ist sogar im Ent¬
2092 1507 3045 1573 stantiellen Werke hervortreten werde. Das
1130 1511 2092 1579 decken neuer Talente sehr vorsichtig geworden
2102 1558 3047 1620 Wunderkind unserer Modernen, Lowis, in wei¬
1136 1572 2089 1634 sund entwickelt jetzt als Kunstrichter eine milde,
2095 1594 3055 1665 teren Kreisen als Hugo von Hofmansthal be¬
1134 1613 2087 1670 fast zu milde Abgeklärtheit. Und da ihm bei
2093 1642 3054 1713 kannt, hat als Dramatiker zwar enttäuscht, daß
1136 1663 2084 1718 seiner außerordentlichen Energie, die sich durch
2094 1698 3062 1771 er aber eine reiche lyrische Natur und ein geist¬
1147 1711 2079 1764 Mißerfolge nicht erschüttern läßt, früher oder
2103 1757 3051 1810 voller Essayist ist, das hat er bis nun schon
1144 1763 2080 1815 später ein dramatischer Wurf gelingen dürfte,
2098 1792 3053 1859 vollauf bewiesen. Unsere Wiener literarische
1141 1804 2080 1864 so wird es ihm wohl auch gegönnt sein, jenes
2091 1859 3066 1910 „Jugend von heute“ ist also modern im guten:
1137 1852 2083 1904 Ideal verwirklicht zu sehen, das ihn jetzt vor¬
2092 1889 3050 1949 Sinne des Wortes. Ihr Verdienst ist es auch,
1155 1896 2089 1956 schwebt: in der Villa, die er sich in Ober¬
2103 1935 3049 2008 wenn gegenwärtig in der Wiener Literatur
1144 1950 2087 2005 Sanet=Veit bei Wien baut, das Leben eines
2097 1978 3046 2047 Leben und Bewegung herrscht. Das große Pu¬
1136 1988 2089 2054 literarischen Grandseigneurs zu führen. Eben
2090 2033 3062 2095 blicum freilich ist nicht so sehr durch die neuen
1138 2039 2082 2103 so wenig wie Bahr hat Arthur Schnitzler bei
2091 2088 3051 2143 Strömungen in der Literatur als vielmehr:
1148 2076 2087 2148 einer Satire gegen die Mödernen die Horaz'sche
2083 2118 3058 2190 durch unsere bildende Kunst für die Moderne
1150 2139 2084 2191 Mahnung: de te fabula narratur zu be¬
2106 2178 3052 2243 emnpfänglich gestimmt worden. Und es isdmerk¬
1134 2180 2090 2239 fürchten. Arthur Schnitzler, der das Wiener
2092 2226 3052 2288 würdig, wie rasch sich hier ein Unschwung
1138 2227 2077 2293 „süße Mädel“ burgtheaterfähig gemacht hat, ist
2099 2275 3061 2346 vollzog. Ein besonderes Beispiel mag diese That¬
1140 2274 2086 2337 ein tüchtiger Arzt; er könnte von seinem ärzt¬
2097 2319 3059 2386 sache beleuchten. Wie hat man vor einigen
1150 2321 2077 2389 lichen Berufe leben, wenn der dichterische Trieb
2099 2370 3061 2440 Jahren erst über das secessionistische Ausstel¬
1136 2370 2082 2425 in ihm nicht so stark wäre. So modern er auch
2090 2418 3067 2487 lungsgebäude gelacht, das Meister Olbrich an
1138 2424 2079 2479 denkt und fühlt, er hat keinen Zug moderner
2092 2464 3055 2539 der Wienerzeile errichtete. Nicht nur Laien, auch
1140 2465 2081 2525 Verschrobenheit an sich. Er ist bescheiden und
2092 2511 3071 2577 Architekten, auch Künstler machten sich über den
1138 2515 2084 2567 unverdrossen thätig; er arbeitet und bosselt an
2092 2556 3057 2628 jungen Meister lustig und verspotteten seinen
1143 2558 2079 2619 seinen Werken unablässig mit jenem Fleiße,
1778 2609 2085 2671 Der einzige
2101 2601 3057 2668 grotesken Bau mit der seltsamen Kuppel.
1146 2609 1707 2679 den „keine Mühe bleichet.“
2096 2653 3064 2713 Olbrich fand freilich auch begeisterte Fürsprecher;
1139 2649 2087 2713 auffallende, dabei doch harmlose Sonder¬
2094 2699 3069 2759 Ludwig Hevesi und Hermann Bahr traten für
1140 2701 2086 2775 ling unter unseren Modernen, der sich
2101 2745 3068 2806 ihn ein. Das wirkte. Die Spötter wurden klein¬
1146 2756 2084 2811 mit Stolz einen Decadenten nennt, ist Peter
2092 2787 3053 2855 laut. Und als man gar hörte, daß der kunst¬
1146 2798 2082 2860 Altenberg, dessen erstes Buch „Wie ich es sehe“
2103 2848 3065 2910 sinnige Großherzog von Hessen den jungen
1146 2843 2085 2905 so großes und berechtigtes Aufsehen erregt hat.
2097 2890 3055 2943 Meister nach Darmstadt berufen, ihm den Pro¬
1142 2896 2092 2946 Altenberg ist in der That nicht frei von jenen
2094 2927 3073 3012 fessortitel verliehen, einen Jahresgehalt von
1142 2943 2085 3000 Schrullen, die zur Satire herausfordern. Als
1143 2995 2084 3062 die Aschanti=Neger im Wiener Thiergarten sich
2091 2981 3080 3049 8000 Mark ausgesetzt und mit der Aufgabe
2102 3025 3067 3106 betraut hat, in der dortigen Künstlercolonie
1143 3050 2086 3102 producirten, verkehrte er täglich in der Gesell¬
2104 3071 3069 3147 nach Herzenslust zu bauen, da fand man auf
1146 3088 2085 3144 schaft der jungen und alten Aschanti= Damen,
1147 3138 2091 3197 deren Unschuld, Milde und natürliche Empfin¬
2095 3126 3072 3201 einmal das Heim der Secessionisten eigen¬
1148 3173 2099 3237 dung er mit begeisterten Worten pries. Er
2098 3172 3072 3253 artig, ja schön. Die junge Künstlerschaar,
1146 3225 3059 3298 widmete ihnen sogar ein Buch, was immerhin die sich von den „Alten“ losgesagt, ent¬
2096 3266 3052 3350 wickelte inzwischen eine rastlose Thätigkeit.
1150 3293 2096 3338 verständlicher war als der barocke Einfall Bahrs,
2105 3323 3078 3397 Sie wirkte propagandistisch durch Wort.
1153 3324 2098 3379 der vor einigen Jahren eines seiner Bücher
2096 3362 3073 3423 und Bild in ihrer Zeitschrift „Ver sacrum“.
1149 3367 2095 3424 seinem Dackel gewidmet hat. Altenberg hat diese
1155 3422 2096 3479 Aschanti=Periode bereits hinter sich, und da er
2103 3417 3076 3488 Sie eröffnete eine Ausstellung nach der andern,
1151 3462 3071 3530 eine feinsinnige Künstlernatur ist, so darf man führte dem Wiener Publicum die hervorra¬
1149 3513 3071 3568 wohl erwarten, daß er, nachdem er bis nun gendsten modernen Meister vor und offenbarte
1152 3545 3068 3639 blos spinnwebig zarte Skizzen geboten, bei gleichzeitig durch eigene Werke ihr thatkräftiges
1149 3630 2344 3697 m
1218 3689 3070 3756 Die letzte Ursache dieser Krankheit führt Dr. F. mache und weil sie den Kindern des Hauses, die sie
