3436 4352
1148 336 1602 438 box 41/1
179 349 451 450 1.Mis
394 353 986 450 Scellaneons
301 721 561 775 Seite 14.
753 701 1177 782 Wien, Donnerstag
1338 708 1971 784 Fremden-Slatt.
2168 717 2498 782 4. Mai 1899.
2811 707 3073 785 Nr. 121.
274 791 1677 844 streiten. Die Logen sind ja auch zu etwas da. Aber wen „blufft“
1697 801 3096 874 Anerbieten an, kletterte auf den Haifisch hinunter, und beide hatten
269 833 1681 897 Hermann Bahr? Nur Diejenigen, welche eben im Parket
1696 853 3093 918 bald das offene Meer erreicht. Da sagte der Haifisch: „Weißt Du,
270 891 1678 951 sitzen oder es zu thun werth wären, Diejenigen, die die
1693 895 3094 964 Freund, der König der Haifische ist schwer krank; ich habe einen
268 933 1688 984 tiefste und wohlthätigste Weisheit der Menschen, den über
1700 948 3090 1004 großen Fetischpriester um Rath gefragt, und der versichert, der König
270 981 1683 1053 seinen eigenen wie den Schwächen Anderer stehenden Humor
1694 991 3093 1037 könne nur gesund werden, wenn er ein Affenherz verzehrt. Ich zweifle
273 1023 1683 1076 nicht verstehen und nie verstehen. werden. Und was seine
1690 1037 3082 1088 nicht im Geringsten, daß es Dir ein besonderes Vergnügen und eine
278 1075 1677 1143 Diogenessuche nach Talenten betrifft . .. schöner für den Charakter,
1701 1074 3071 1139 hohe Ehre sein wird, dem König Dein Herz zu opfern.“
270 1131 1680 1191 und das eigene Talent zeugt es entschieden, Talente dort zu
1787 1120 2214 1182 „Selbstverständlich!“
2220 1129 3093 1198 erwiderte der Affe; aber warum hast
273 1168 1679 1230 fördern und anzueifern, wo selbst nur schwache Spuren erkenntlich,
1690 1176 3082 1239 Du mir das nicht vorher gesagt? Denn Du mußt wissen, Freund
273 1221 1671 1280 als aus der Mißgunst eigener Unfähigkeit heraus Talent abzusprechen,
1693 1231 3083 1290 Haifisch, daß wir Affen, wenn wir auf Reisen sind, immer das Herz
279 1256 1682 1334 und den jungen Nachwuchs zu unterdrücken. Um eines Einzigen
1688 1270 3082 1327 zu Hause lassen?“ — „Das schadet nichts,“ meinte darauf der
268 1314 1676 1359 willen, den der Kritiker vor Entmuthigung und Untergang in der
1688 1322 3091 1379 Haifisch, „wir kehren noch einmal ans Ufer zurück und holen das
273 1355 1674 1413 Masse gerettet, seien ihm zehn und zwanzig vergeben, die er über¬
1695 1370 3092 1430 Herz.“ Gesagt, gethan. Als man wieder am Ufer war, sprang der
275 1407 1673 1463 schätzte. Wer mit Erfolg Satiren schreiben will, der muß seine Pfeile
1697 1391 3082 1473 Affe auf seinen Baum und hieß den Freund warten. Der Haifisch
264 1449 1680 1508 nicht just gegen unverwundbare Stellen richten, und die Quellen der
1692 1455 3096 1542 wartete auch geduldig, aber vergeblich; denn der Affe suchte schleunigst
273 1501 1671 1559 Geschichtsschreibung für en nicht Klatschgeschichten sein. Ich fürchte,
1692 1507 2460 1552 das Weite, und er läuft immer noch.
274 1545 1689 1606 der Verfasser des „Gotzendienstes“ dürfte, von einem Juvenal und
1805 1561 3079 1616 (Ein beneidenswerthes Kind.) Der Sohn der Tochter
279 1591 1682 1651 Tacitus der Wiener Lokalhistorie gar nicht zu reden, nicht einmal ein
1698 1599 3075 1655 Vanderbilt's, der verehelichten Frau Gertrud Whitney in New¬
273 1640 1676 1697 schwacher Suetonius werden. Denn Letzterer führte bekanntlich den
1695 1646 3089 1706 York, besitzt neben seinen vielen anderen Vorzügen auch noch den, das
270 1687 1683 1746 Beinamen „Tranquillus“, und diesen hat sich der ungenannte Autor
1697 1687 3096 1761 reichste Baby der Welt zu sein: Seine zahlreichen Verwandten
279 1737 1553 1813 durch das Erscheinn des Schlüsselromans entschieden verscherzt.
1696 1744 3085 1807 stellen ihm 240 Millionen in Aussicht. Zu diesen Verwandten gehören
1541 1768 1633 1839 W.
1697 1789 3098 1833 fünfzig Millionäre, dreißig Doppelmillionäre, ein Lotteriekönig, eine
1700 1837 3091 1879 Schauspielerin, ein Herzog, eine Herzogin, ein Prinz und eine
723 1860 1270 1943 Allerlei.
1699 1890 3086 1947 Prinzessin. Diesen reichen Verwandten schließen sich noch
1708 1921 3095 1979 ungezählte Vanderbilt's an. Unter seinem Spielzeug befindet sich eine
379 1928 1680 1988 (Das schwache Geschlecht.) Interessante Untersuchungen
1706 1977 3093 2040 „Klapper“ mit Edelsteinen besetzt, aus Elfenbein gefertigt und mit
272 1987 1687 2053 über die Muskelkraft der Frauen hat der italienische Physio¬
1696 2014 3102 2087 goldenen Glocken behangen; dann zierliche Armbändchen aus Türkisen,
266 2037 1683 2088 loge Ferrari angestellt. Er hat mittelst sorgfältiger Untersuchungen mit
1693 2060 3093 2116 ebenfalls mit Diamanten besetzt und zierliche Bänder für das kleine
266 2082 1681 2142 dem Mosso'schen Ergographen die Thatsache gefunden, daß die Arbeits¬
1696 2108 3104 2178 Handgelenk aus diamantenbesetzten blassen Korallen. Nicht weniger
261 2132 1680 2189 leistung der Frauen nicht nur von der der Männer verschieden ist,
1689 2150 3111 2221 als drei erfahrene Wärterinnen stehen in seinen Diensten und haben
264 2178 1679 2234 sondern auch — und dies ist das Nerwürdige dabei — vorzugsweise
1699 2211 2475 2282 es Tag und Nacht unter ihrer Obhut.
261 2231 1676 2282 auf der Kraft der linken Hano beruht. Die Ermüdung den linken
260 2273 1672 2333 Hand tritt nämlich nach Ferrari's Ermittlungen bei Frauen viel später
2094 2280 2687 2365 Aus den Vereinen.
264 2320 1674 2367 ein als bei Männern, sie ist weniger nachhaltig, und die Arbeit kann
1798 2349 3094 2409 (Der Oesterreichisch= ungarische Hilfsverein in München)
267 2366 1673 2420 von ihnen mit der linken Hand nach einer sehr kurzen Ruhepause
1686 2396 3096 2437 hielt am 26. d. seine XIX Generalversammlung, die glänzend verlief. Die Vor¬
276 2414 1676 2475 wieder aufgenommen werden, während die rechte Hand der Frauen in
2416 2428 3099 2493 Bachruck. Fritz Budmüller,
1697 2435 2424 2479 standsmitglieder Ernst Czermak, J.
269 2456 1670 2518 gleicher Weise wie bei den Männern ermüdet. Da die linke Hirn¬
1691 2467 3094 2521 O. Leitenberger, D. Israel, V. Krüzner, Dr. Raoul Walter und
269 2515 1679 2566 hälfte, von der die Bewegungen der rechten Hand abhängig sind, auch
1694 2513 3097 2557 A Keller wurden einstimmig wieder=, Julius Auspitzer neu gewählt. Der
1686 2548 3094 2599 Verein verbindet die Spitzen der österreichischen Kolonie in München zum Zwecke
261 2553 1682 2613 seelischen Einflüssen Raum gibt, während die rechte Hirnhälfte nur
1689 2573 3097 2634 der Unterstützung armer Landsleute. Im verflossenen Jahre wurden 5536 Per¬
267 2582 1668 2655 physiologische Bewegungen vermittelt, so führt Ferrari die oben er¬
1700 2611 3096 2677 sonen mit 6864 Mark 84 Pfennige betheilt. Seit Bestehen des Vereines 46 331
264 2652 1672 2710 wähnte Thatsache auf die geringere Entwicklung der Organisation der
1690 2662 3096 2718 Personen mit 63.772 Mark 86 Pfennige. Das Ehrenpräsidium führt der öster¬
1691 2707 3092 2751 reichisch=ungarische Gesandte in München Graf Zichy. Protektorin des Ver¬
262 2692 1668 2742 linken Hirnhälfte der Frauen zurück. Vielleicht steht mit dieser Er¬
1692 2738 3091 2782 eines ist Ihre k. und k. Hoheit Frau Prinzessin Gisela von Baiern. Das
270 2738 1675 2796 scheinung auch die häufig gemachte Beobachtung in Zusammenhang,
1695 2779 2597 2829 Stammvermögen des Vereines beträgt 24.794 Mark.
263 2786 1675 2847 daß die Frauen Knöpfe und Schnallen gern mit den linken Hand
1804 2783 3080 2868 (Wiedener Männerchor.) In den Drei=Engel=Sälen, 4. Bezirk,
271 2832 493 2906 schließen.
1692 2853 2121 2952 38. Frähingaledertast.
384 2857 1679 2928 (Frühlingskuren.) Im Kneipp=Volksvereine fün Gesundheits¬
1794 2888 3093 2970 („Cercie franco-slave à Vienne“.) Am 6. d., 8 Uhr Abends,
274 2931 1676 2986 und Naturheillehre in Berlin sprach kürzlich ein Herr Meßmer über
1696 2951 3094 3010 findet im Restaurant „zum rothen Rössel“, 4. Bezirk, Hauptstraße 31, die konsti¬
276 2973 1677 3030 Frühlingskuren und zeigte zunächst auf das Frühlingserwachen der
1693 3002 3105 3050 tuirende Generalversammlung dieses die Erlernung und Uebung der französischen
271 3026 1681 3088 Natur hin, das sich nicht nur in der Pflanzenwelt und im Thierkreise,
1688 3019 3114 3081 Sprache bezweckenden Vereins statt Beitrittserklärungen in Wien lehender Frau¬
1695 3053 3094 3121 zosen und Slaven erbittet der Proponent Konicek, Wien, Wieden, Schleifmühl=
263 3074 1677 3127 sondern auch im menschlichen Organismus bemerkbar mache. Wie der
1687 3111 1919 3164 gasse Nr. 4.
267 3110 1680 3170 Landmann durch Feld= und Gartenbau — Beseitigung des Natur¬
269 3161 1677 3223 widrigen und Verwendung des Naturgemäßen — den Naturkräften zu
1809 3145 3127 3243 (Fialienische Reoihe Arensose) Auzer den anf relemarischen Manse
273 3204 1681 3273 ihrer größtmöglichsten Verwerthung hilfreich die Hand biete, so müsse
1695 3213 3101 3271 bereits mitgetheilten höheren Treffern gewannen ferner je 50 Lire: Serie 3721#
1689 3253 3112 3308 Nr. 47, Serie 4066 Nr. 2, Serie 6158 Nr. 5, Serie 6515 Nr. 25 und Serie 110845
263 3260 1678 3319 auch der Mensch, um Frühlingsauferstehung in der Gesundheit herbei¬
1686 3288 3094 3355 Nr. 41. In der hierauf folgenden Tilgungsziehung wurden die Serien 10 1175
273 3314 1676 3361 zuführen, durch eine gründliche Blutreinigungskur die Schlacken
1684 3316 3110 3387 1689 1929 3030 3226 4121 4503 56747146 7678 8916 9046 9093 9182 9812|
263 3346 1676 3399 des Blutes, die schlechten Säfte, beseitigen und durch den Gebrauch
1693 3368 3110 3430 9944 10337 10945 und 11690 verlost, welche je die Nummern 1 bis 50 enthalten
272 3396 1673 3454 der Heilkräuter für gute Bluterneuerung sorgen. Wie erfolg= und
1696 3416 2761 3477 und mit dem Nominalbetrage von je 31 Lire eingelöst werden.
1810 3414 3088 3498 (Brauuschweiger Lose.) Bei der am 1. d. M. in Braunschweig vor¬
271 3452 1679 3508 segensreich dieserhalb Kneipp's Lehren seien und wie durch Barfuß¬
1689 3463 3094 3539 genommenen Serienverlosung wurden nachsteheude Serien gezogen, und zwar:
266 3493 1667 3552 gehen, kalte Waschungen, Bäder und Güsse, durch Wickel und Schlafen
1701 3519 3090 3568 80 140 412 911 993 1029 1230 1417 1605 2176 2317 2849 2907 3013 3031
264 3544 1678 3600 bei geöffnetem Fenster, sowie durch den Gebrauch von Kräutersaft oder
1693 3558 3092 3608 3134 3138 3254 3528 3875 3997 4119 4656 4853 4922 4931 4965 5228 5305
270 3581 1680 3650 Thee solche Frühlingskuren innerlich und äußerlich durchzuführen seien,
1694 3594 3094 3650 5577 5591 5599 5612 5716 5941 5955 6263 6335 6447 6932 6944 6971 7434
1690 3628 3093 3679 7465 7603 7642 7728 7741 7788 7799 7980 8239 8244 8309 8452 8460 8678
272 3638 1555 3712 suchte der Vortragende durch entsprechende Beispiele zu erweisen.
1697 3669 3103 3729 9191 9386 9389 9394 9692 und 9856. Die Prämienverlosung findet am
387 3669 1672 3744 (Die Geschichte vom klugen Affen.) Die folgende
1687 3708 2079 3769 30. Juni d. J. statt.
265 3725 1677 3793 afrikanische Thierfabel finden wir in dem vor Kurzem erschienenen
275 3769 1674 3830 Buche „Au Congo“ von Verhaegen, und zwar wird sie dort nach
2009 3784 2774 3853 Lottoziehungen vom 3. Mai.
2088 3830 2285 3877 Brünn:
2385 3820 2682 3875 18 53 34 2.
259 3815 1678 3887 einer mündlichen Erzählung des bekannten belgischen Afrikareisenden
271 3862 1693 3934 Cambier wiedergegeben; sie lautet: Ein Affe und ein Haifisch
1966 3912 2802 3971 Inhaltsverzeichniß der Beilagen.
268 3912 1681 3972 hatten miteinander Freundschaft geschlossen, da sie Nachbarn waren.
1728 3942 3090 3999 602 I. Beilage. Handel, Industrie und Verkehr. — Rennen zu Wien. —
263 3956 1678 4034 Der Haifisch wohnte in der Nähe des Ufers und der Affe auf einem
1684 3992 3094 4052 Aus dem Verordnungsblatte für das k. und k. Heer. — Aus dem Verordnungs¬
263 4005 1683 4063 Baum, dessen Zweige bis auf die Meeresfluth hinabreichten. Eines
1694 4030 3093 4080 blatte für die k. k. Landwehr. — Admiralsbefehl. — Sehenswürdigkeiten. —
272 4052 1680 4117 Tages sagte der Haifisch zum Affen: „Wir sind ja gute Freunde.
1698 4066 3094 4150 Vergnügungsanzeiger. — Verzeichniß der Verstorbenen in Wien. — Aus dem
1486 4095 1679 4156 Krieche
268 4102 1486 4156 Warum sollten wir also nicht zusammen eine Reise machen?“
1681 4113 2156 4192 Gerichtssaale. — Inserate.
1804 4125 3106 4213 II. Beilage. Roman: „Evelina oder Die Verleugnete.“ (49. Fortsetzung.)
273 4140 1688 4204 von Deinem Baum auf meinen Rücken und wir wollen uns einmal
275 4191 2150 4250 das Königreich der Haifische ansehen!" Der Affe nahm das lockende Fremdeuliste. — Inserate.
