3344 4384
2004 189 2250 279 —
688 305 982 361 äneous
1170 291 1649 381 box 41/1
173 297 1028 398 1Misceaas
853 1077 943 1162 —
404 1078 764 1164 L
289 1146 1229 1230 und zielbewußtes Streben. Fast zu gleicher
1235 1163 2211 1222 Palmay über ihre Toiletten zu plandern, ist
1242 1201 2166 1272 jedem Besucher gestatret. Das wird ziehen!
280 1211 1232 1268 Zeit mit den jungen Künstlern, als deren Füh¬
1328 1251 2202 1315 Den Clon der Ausstellung wird jedoch die
280 1256 1227 1319 rer Klimmt, Kolo Moser und Engelhardt gel¬
1239 1299 2194 1364 „secessionistische Ausstattung“ bilden, deren Ele¬
291 1311 1241 1367 ten, haben die Architekten unter der Führung
1248 1330 2200 1412 ganz und Geschmack von den Comitédamen mit
287 1352 1237 1399 des Bauraths Otto Wagner dem neuen Stil
1233 1400 2195 1469 enthusiastischen Worten gerühmt wird. Es würde
284 1400 1232 1457 zum siegreichen Durchbruch verholfen. Die große
287 1444 1239 1503 und energische Bauthätigkeit, die sich in den
1238 1445 2188 1493 mich sehr freuen, wenn die lobpreisenden Da¬
290 1486 2187 1551 letzten Jahren in Folge der Straßenregulirung men bei unbefangenen Beurtheilern der „seces¬
289 1539 1244 1607 in der inneren Stadt aber auch in den Vor¬
1237 1538 2201 1607 sionischen Ausstattung“ Zustimmung fänden,
1235 1593 2220 1648 denn bisher hat der Secessionismus in der#
295 1586 1244 1647 orten entfaltete, steht unter dem Zeichen der
287 1630 1232 1702 Secession. Der Reformstil ist verschwunden.
1240 1616 2192 1711 Mode leider nur zu Extravaganzen von frag¬
280 1681 1870 1736 Jedes neue Haus hat eine architektonische be¬ würdigem Geschmack verleitet.
286 1731 1248 1790 lebte Façade, macht einen ästhetisch gefälligen
284 1779 1234 1836 Eindruck. Selbst das Kunstgewerbe verspürt
288 1818 1243 1886 das Wehen des neuen Kunststils, in dem der
279 1866 1241 1937 Drang nach Originalität energisch sich äußert.
1555 1858 1888 1949 Gerichtssaal.
279 1902 1245 1985 Aber so erfreulich auch diese Bewegung ist,
1306 1915 2187 2002 W. Diebstahl. Aus Innsbruck, 7. d. wird
289 1977 2203 2026 wir müssen doch bescheidentlich zugestehen, daß uns geschrieben: Am 28. Mai v. J. übergab der
1257 2015 2193 2069 Cassier der Südbahnstation Franzensfeste dem den
285 2016 1240 2074 Wien blos dem Anstoße folgte, der von Außen
1245 2052 2200 2101 Kufsteiner Personenzug begleitenden Gepäcksconduc¬
282 2063 1241 2121 gegeben wurde. In der Literatur ging uns
1252 2094 2192 2151 teur Hosp einen an den Stationschef in Kufstein
297 2108 1235 2159 Berlin, in der Kunst München voran. Wir
1247 2124 2194 2183 adressirten, versiegelten, mit 13.400 fl. declarirten
289 2156 1237 2221 sind auch nicht so kühn zu glauben, daß es
1242 2172 2199 2217 Geldbrief der Wiener Südbahnhauptcassa, damit er
1242 2210 2196 2260 ihm den Adressaten einhändige. Es war der Betrag
286 2204 1236 2265 uns gelingen könnte, auf diesen beiden Gebie¬
1244 2245 2196 2293 für die Löhne und Gehalte. Hosp traf in Kufstein
280 2251 1230 2319 ten in der Zukunft den Ton anzugeben. Was
1245 2266 2209 2330 den Stationschef nicht; anstatt nun den Brief dem
290 2301 1238 2360 uns aber hier nicht beschieden ist, auf dem Ge¬
1241 2320 2203 2372 Magazinschef zu geben, überreichte er ihn dem im
291 2351 1236 2414 biete der Mode hat es Aussicht, fröhliche Er¬
1251 2352 2199 2406 Secretariate beschäftigten Diurnisten Ottomar Pfau¬
1246 2402 2194 2449 nerer, welcher, obwohl ihm verboten war, Gelder in
296 2398 1241 2449 füllung zu finden. Die Wiener Mode ist im
1244 2436 2194 2491 Empfang zu nehmen, die Sendung doch übernahm
286 2444 1241 2509 siegreichen Fortschreiten begriffen. Das ist die
1246 2476 2184 2528 und den Empfang auch im Dienstbuche Hosps be¬
290 2502 1235 2552 heitere Botschaft, die dieser Tage Gemeinderaih
1248 2514 2189 2558 stätigte, dann aber mit den 13.400 fl. verschwand.
295 2539 1236 2592 Herold in einer Sitzung des Damencomités der
1248 2552 2194 2595 Am 20. October wurde bei Regen in Vaiern ein
1252 2579 2188 2640 Landstreicher aufgegriffen, der sich anfangs für einen
296 2588 1237 2638 Wiener Modeausstellung verkündete. Er wies
1246 2629 2180 2679 Berliner Kaufmann, namens Rosenberg, ausgab,
292 2632 1238 2702 hiebei mit besonderem Nachdruck auf die be¬
1257 2668 2188 2713 nach einigen Tagen aber doch seinen wirklichen Na¬
282 2672 1239 2748 zeichnende Thatsache hin, daß seit einigen Jah¬
1243 2706 2186 2751 men angab und auch seinen Diebstahl bei der Süd¬
284 2729 1227 2784 ren Damen aus Amerika, Rußland und Eng¬
1239 2741 2189 2794 bahn eingestand. Von dem gestohienen Betrag hatte
1243 2781 2186 2836 er nur noch 64 Pfennige. Das Uibrige hatte er in
291 2782 1238 2839 land ihre Toiletten in Wien bestellen und sie
1245 2820 2183 2864 den 5 Monaten durchgebracht. Heute stand nun
294 2820 1241 2895 Pariser Erzeugnissen vorziehen. Die Ausstel¬
1251 2861 2189 2911 Ottomar Pfannerer, ledig, 22 Jahre alt, aus Auschitz
294 2873 1244 2927 lung, die am 17. März in den Blumensälen
1242 2900 2187 2940 in Böhmen, vor dem hiesigen Schwurgerichte wegen
297 2910 1247 2981 eröffnet wird, hat den Zweck, das Selbstgefühl
1244 2934 2187 2978 des Verbrechens der Vernntreuung und des Betruges
295 2971 2190 3026 der Wiener Geschäftsleute der Modebranche zu und der Uibertretung der Falschmeldung. Prannerer
293 3017 2188 3078 kräftigen und gleichzeitig zu offenbaren, daß hatte nach seinem großen Diebstahl Süddeutschland
1253 3050 2182 3097 durchreist, war dann nach Oesterreich zurückgekehrt,
285 3061 1240 3116 Wien auf diesem Gebiete den Wettkampf mit
1261 3086 2187 3139 hatte Linz, Wien, Klagenfurt, Triest 2c. besucht,
284 3106 1243 3178 Paris nicht zu scheuen braucht. Wir werden
1248 3127 2193 3179 zwischen Wien und Triest mit von ihm selbst ge¬
1259 3163 2193 3213 schriebenen, in Kufstein bei Seite geschafften Frei¬
296 3158 1244 3216 Gelegenheit haben, in dieser Aus ellung die
1251 3202 2192 3260 billeten wiederholt Fahrten gemacht, auf Rennplätzen
289 3200 1239 3267 Toiletten zahlreicher Damen der Gesellschaft
1251 3247 2192 3292 gespielt, war unter falschen Namen stets in großen
284 3259 1246 3324 und der hervorragendsten Bühnenkünstlerinnen
1250 3288 2186 3326 Hotels abgestiegen — kurz er hat äußerst flott gelebt,
290 3301 1243 3358 zu bewundern. Die Eigenthümerinen der Toi¬
1252 3318 2195 3365 bis Ende September die Barschaft zu Ende gieng.
1255 3362 2188 3409 Pfannerer war schon 1894 in Klagenfurt wegen Dieb¬
286 3349 1240 3412 letten werden täglich selbst zwischen 4 und 6
1247 3394 2188 3441 stahls bestraft worden und hat, wie sich jetzt heraus¬
295 3392 1240 3451 Uhr Nachmittags in den Räumen der Ausstel¬
1257 3432 2198 3479 stellte, im Jahre 1897 in Baiern auch schon verschie¬
294 3444 1252 3503 lung anwesend sein und den Besuchern dersel¬
1251 3467 2191 3517 dene Betrügereien und Diebstähle verübt. Er wurde
287 3491 1244 3545 ben Rede und Antwort stehen. Mit Frau Odilon,
1255 3510 2198 3562 heute im Sinne der Anklage schuldig gesprochen und
292 3548 2007 3604 Fräulein Lotte Witt oder der Gräfin Kinsky= zu 3 Jahren schweren Kerker verurtheilt.
2083 3601 2200 3668 AS
1247 3597 1487 3684 S
286 3618 354 3692 825
296 3659 2196 3742 Tagen die Krankheit zu beseitigen, die vielleicht in sammenwirken mannigfacher Umstände verursacht wird.
300 3728 2197 3790 einer leichten Erkältung bestanden haben mag. Stets Mitbegünstigend wirkt das Alter. Ferner psychische
1470 3777 2103 3831 0tl.
293 3773 778 3835 f
2187 2379 2374 2455 Inclusive
2195 2439 2357 2494 Porto.
2193 2484 2371 2537 Zahlbar
2197 2524 2403 2592 1 Voraus.
2187 2582 2433 2654 te ist das
2186 2634 2430 2697 teht es den
2184 2676 2273 2740 rn
2254 2760 2765 2860 ErledigkPmeumen
2194 2805 2938 2883 (Bezirkehauptm. Reichenberg), Sa
2192 2866 3064 2920 mit diesem Dienstposten verbundenen Bezüge be#
2192 2908 3166 2960 in einer Postbestallung jährlicher 800 Kr. in einem
2203 2942 3153 2987 Amtspauschale jährlicher 200 Kr. und in einem nach¬
2190 2968 3145 3018 träglich festzusetzenden Dienerpauschale für die Besor¬
2198 3017 3146 3070 gung der tüglich zweimaligen Botengänge zum Post¬
2194 3048 2993 3103 amte in Kratzan und die Ausübung des Bestellt
2191 3095 2985 3146 Gesuche innerhalb drei Wochen bei der Prag
2203 3134 3018 3180 und Telegraphendirection. — Postmeisters
2202 3161 3152 3220 in Nürschan (Bezirkshauptm. Mies), Cantion 1200 Kr.
2194 3208 3151 3257 Die mit diesen Dienstposten verbundenen Bezüge be¬
2204 3247 3142 3300 stehen in einer Postbestallung jährlicher 1200 Kr., in
2194 3285 3149 3343 einer Te egraphenbestallung jahrlicher 280 Kr. in
2201 3327 3151 3377 einem Amtspauschale jährlicher 240 Kr., in einer
2200 3357 3153 3401 Manipulationsbeihilfe jährlicher 1100 Kr. und in
2210 3402 3152 3450 einem nachträglich festzusetzenden Dienerpauschale für
2196 3436 3160 3488 die Besorgung der täglich fünfmaligen, bezw. sechs¬
2194 3475 3149 3524 maligen Botengänge zum dortigen Bahnhofe und die
2205 3511 3164 3553 Ausubung des Bestelldienstes. Gesuche innerhalb drei
2204 3552 3151 3598 Wochen bei der Prager Post= und Telegräphendirec¬
2211 3584 3151 3636 tion. — Postexpedientenstelle in Zwikowet
2208 3629 3163 3670 (Bezirkshauptm. Rotitzan), Caution 400 Kr. Die mit
2202 3665 3164 3715 diesem Posten verbundenen Bezüge bestehen in einer
2215 3707 3149 3754 Postbestallung jährlicher 400 Kr., in einem Amts¬
2205 3739 3157 3798 pauschale jährlicher 120 Kr. und einem nachträglich
2490 3778 3155 3840 ##amenschale für die Besorgung der
2518 3802 2637 3873 R
