3392 4352
1197 345 1646 443 box 41/1
195 347 1036 449 1. Miscellaneons
656 1132 1055 1200 Telefon 12801.
366 1232 1367 1317 Unternehmen für Zeitungs-Ausschnitte.
1244 1291 1435 1359 Ausschnitt
525 1344 1537 1439 „OBSERVER Nr. 60
199 1460 1590 1522 österr. behördl. conc. Bureau für Zeitungsberichte u. Personalnachrichten
314 1506 1437 1594 Wien, IX/1. Türkenstrasse 17.
534 1594 1191 1673 Fillale in Budapest: „Flgyelé“
232 1662 1510 1748 Vertretungen in Berlin, Chicago, London, Newyork, Faris, Stockholm.
192 1798 680 1884 Ausschnitt aus:
872 1781 1216 1883 Deuische
521 1889 707 1990 242
199 1900 531 2019 ¼
451 2131 1514 2191 Der im Jahrbuch des Burgtheaters ent¬
302 2181 1504 2244 haltenen Statistik zufolge vertheilen sich die Zahlen der Auf¬
311 2230 1511 2291 führungen dieser Bühne auf einzelne Autoren wie folgt. Der
304 2276 1519 2334 Meistaufgeführte ist — Arthur Schnitzler mit 38 Vor¬
310 2327 1533 2382 stellungen von 5 Stücken; dann folgt Hauptmann (26).—
307 2375 1503 2432 Schiller und Suderman (je 22), diesen zunächst Felix
314 2421 1497 2463 Philippi (21); Hofmannsthal hat es auf eben¬
314 2468 1495 2534 soviel Aufführungen gebracht wie — Grillparzer,
313 2524 1500 2579 nämlich 14, ein trauriges Zeichen für den gegenwärtigen
312 2570 1510 2622 Zustand des Burgtheaters. Ludwig Fulda (12) und Georg
309 2610 1491 2674 Hirschfeld (10) überholen Namen wie Goethe (9),
306 2659 1498 2705 Lessing und Otto Ludwig, die überhaupt nur ein¬
308 2719 1499 2771 mal (l) erscheinen. Von Friedrich Hebbel wurde im
316 2753 1501 2808 abgelaufenen Spieljahre überhaupt kein Stück auf¬
307 2800 1498 2856 geführt; Henrik Ibsen, als dessen Prophet der gegen¬
308 2849 1499 2912 wärtige Leiter des Burgtheaters Dr. Schlenther gilt,
313 2904 1507 2960 findet man — viermal, dafür Victorien Sardou fünf¬
318 2947 1499 3004 zehnmal. Das ist das Niveau, auf welches die vordem „erste
309 2991 1505 3048 Bühne Deutschlands“ unter Schlenther herabgedrückt er¬
309 3043 1505 3110 scheint. Damit stimmt auch das jämmerliche Repertoire
306 3096 1503 3157 des Burgtheaters: „Agnes Jordan“, „Georgette“, „Frau
308 3144 1511 3197 Susanne", „Der verarmte Edelmann“, „Ein Attaché“, „Der
302 3180 1512 3242 Probepfeil“ „Der Hüttenbesitzer“ — das nennt sich eine
302 3229 1500 3286 deutsche, einführende Bühme am Ausgange des neunzehnten
309 3280 1512 3331 Jahrhunderts! An eine gute „Faust“=Aufführung, an die
318 3328 1543 3384 „Agnes Bernauer“ denkt man nicht. Wozu auch? Wir
322 3368 1596 3445 haben ja die Herren Schnitzler. Hirschfeld, Bernstein, Fulda, us
239 3425 1490 3489 100 Blumenthal, Lindau, Hofmannsthal, Philippi, Siegmund
1504 3427 1635 3507 das
311 3470 1651 3530 Schlesinger, Faber=Goldschmidt, Kadelburg, Herzl, Doczi¬ gen
196 3511 1540 3597 Abonn Dux und Triesch; das sind vierzehn Juden, die den Stock
201 3565 1242 3653 Abon des derzeitigen Burgtheater=Repertoires bilden.
1985 447 3024 530 Theater, Kunst und Literatur
2791 429 3086 617 IN
2331 543 2703 620 Hofburgtheater.
1967 576 3145 664 (Zum erstenmale: „Hans“, Schauspiel in drei Aufzügen von#)
1964 625 3118 725 Max Dreyer. — „I lore yon“, Lustspiel in eiuem Act von“
2337 691 2699 753 Theodor Herzl.)
2051 727 3073 798 Nach langer Pause wieder einmal ein Novitäten¬
1961 778 3073 841 abend, und zwar ohne Kainz, was in einer
1961 814 3085 893 Zeit, in der Gegenwart und Zukunft des Burgtheater¬
1969 876 3083 918 repertoites auf die künstlerische Vielseitigkeit dieses Schau¬
1963 907 3081 959 spielers aufgebaut sind, besonders hervorgehoben werden muß.
1972 946 3079 1005 Und noch ein anderer Umstand verdient ausdrücklich vermerkt
1958 991 3087 1049 zu werden. Der Autor des dreiactigen Dramas, das den
1959 1040 3080 1097 größeren Theil des gestrigen Abends füllte, zählt nicht zu jener
1962 1081 3090 1136 Clique, deren Mitglieder zu den von Directer Schlenther
1965 1124 3077 1193 fast ausschließlich Bevorzugten gehören, Max Dreyer, deren
1967 1175 3083 1226 Schauspiel „Hans“ gestern zur Aufführung gelangte, ist sogar
1970 1207 3085 1270 ein eliterarischer Gegner der „moderen“ Sippe, dessen
1974 1251 3085 1307 Protection sich der Leiter unserer Bühne so ange¬
1964 1295 3094 1360 legen sein läßt und er ist vor Allem ein wirk¬
1974 1343 3091 1397 licher Deutscher, wodurch er sich fast von sämmtlichen
1972 1386 3088 1435 Autoren vortheilhaft unterscheidet, deren Werke in den letzten
1962 1423 3089 1479 Jahren am Franzensring den Spielplan beinahe vollständig
1964 1468 3085 1534 beherrschten. Trugen dermaßen schon die äußeren Umstände
1976 1517 3095 1574 dazu bei, uns den gestrigen Abend in einem sympathischeren
1981 1555 3090 1613 Lichte erscheinen zu lassen, der günstige Eindruck wurde durch
1980 1604 3089 1663 den inneren Werth des Dreyer'schen Dramas vollends ent¬
1987 1645 3096 1707 schieden. Endlich wieder einmal ein Stück, das alle jene
1975 1682 3084 1743 crassen Effecte verschmäht, mit welchen ein Theil unserer
1981 1716 3083 1792 dramatischen Schriftsteller zu wirken bestrebt ist, das sich aber
1982 1768 3094 1831 auch in gleicher Weise von jener Richtung ferne
1987 1802 3092 1885 hält, die darin besteht, auf alle erprobten Mittel
1985 1864 3080 1922 der Bühne zu verzichten und ihre Aufgabe nur in
1977 1894 3090 1976 einer möglichst realistischen Darstellung zumeist völlig
2706 1941 3096 2004 Das Schauspiel
1980 1952 2691 2024 undramatischer Vorgänge erblickt.
1986 1987 3092 2048 „Hans“ ist ein psychologisches Gemälde von seltener Feinheit;
1983 2037 3093 2107 die poetische Filigranarbeit, die der Dichter an seine Schöpfung
1983 2074 3091 2138 gewendet hat, fällt umso angenehmer auf, als man daran
1983 2116 3085 2176 gewöhnt ist, von unseren modernen Autoren zumeist nur
1988 2159 3095 2229 Zimmermannsarbeit verrichten zu sehen. Dreyer verfügt ferner
1991 2204 3095 2261 über eine nicht sehr häufig anzutreffende Fähigkeit, zu
1987 2244 3096 2313 charakterisiren und zu motiviren, und wenn man außerdem
1988 2290 3092 2350 noch erwähnt, daß er es wie kein Anderer versteht, Stimmungs¬
1990 2342 3088 2398 milieus zu schaffen, die trefflich zu den einzelnen Phasen der
1997 2370 3087 2438 psychologischen Entwicklung passen, so glauben wir schon durch
1989 2422 3096 2481 die Anführung dieser Hauptvorzüge, die uns an dem Dreyer¬
1996 2448 3104 2534 schen Werke aufgefallen sind, gezeigt zu haben, daß
1981 2497 3094 2579 Zwir es in „Haus“ mit einem Producte nicht
1983 2542 3092 2630 gewöhnlicher dramatischer Begabung zu thun haben. Doch
1992 2598 3091 2652 nun zur Handlung des Stückes. „Hans“ ist die Tochter des
2004 2643 3098 2694 Professors Hartog, dem von der Regierung die Leitung einer
2000 2673 3104 2748 biologischen Anstalt anvertraut wurde, die ihren Sitz auf einer
1998 2708 3105 2796 Nordseeinsel hat. Hartog ist schon ziemlich früh Witwer ge¬
2005 2762 3109 2829 worden und die Tochter, auf der in Jahren, wo andere junge
2001 2798 3111 2862 Mädchen nur dem Veranügen zu leben pflegen, schon die Last
2001 2851 3097 2909 der ganzen Hauswirthschaft ruhte, ist infolge dessen in ge¬
2009 2898 3096 2954 wisser Beziehung hart und männlich geworden, der nur seiner
1996 2934 3109 2996 Wissenschaft lebende Vater dagegen ist unpraktisch, unselbst¬
2007 2981 3115 3043 ständig. Um diese zwei Personen herum gruppiren sich noch der
2003 3020 3102 3081 Großvater, die Mitarbeiter des Professors und ein
2784 3061 3108 3122 der gewesene
1998 3062 2732 3126 ehemaliger Schulkamerad Hansens,
1994 3109 3110 3176 Marinelieuienant und jetzige Maler Heinrich Jensen. In diesen
1994 3153 3105 3234 Kreis weniger Menschen, die an einander gewöhnt sind und
2004 3195 3096 3261 gleichsam eine Familie bilden, tritt plötzlich eine neue Er¬
2003 3237 3112 3307 scheinung, Anna Berndt, die in der Pension die Freundin
2000 3291 3112 3343 Johanna Hartog's gewesen war. Das Weltkind, das sich
1996 3341 3115 3386 draußen im Leben die Flügel verbrannt hat, flüchtet sich nun
2004 3370 3109 3431 in die Einsamkeit des Nordseeeilandes. Sie hat den Betheue¬
1998 3405 3112 3465 rungen eines gewissenlosen Verführers Glauben geschenkt, der
2001 3458 3106 3533 sie und ihr Kind verließ, als er der Verführten überdrüssig
2002 3506 3110 3566 geworden war. Das Kind ist dann gestorben, und doppelt ver¬
1999 3552 3117 3601 lassen sucht Anna bei der Kameradin Trost und Schutz, ohne
2005 3599 3121 3647 aber vorerst das Geheimnis ihres Lebens preiszugeben. Auf
1997 3640 3113 3696 den Professor, der zwar bei seiner energischen Tochter in den
2003 3673 3112 3738 besien Händen ist, dessen allzu kurzes Eheglück ihn aber
2004 3711 3115 3774 doch nach einem Nachfrühling Sehnsucht empfinden läßt,
2004 3753 3110 3824 bleibt die eigenthümliche, anziehende Erscheinung des Gastes
2009 3813 3113 3867 nicht ohne Eindruck. Hans, die bisher ihrem Vater Alles ge¬
2005 3855 3117 3899 wesen ist, sowie auch er ihr Alles war, sieht mit schwer ver¬
2009 3890 3118 3950 hehlter Vitterkeit, was sich neben ihr vorbereitet. Da erfährt
2009 3921 3111 3993 sie von der Freundin Alles, auch den Schatten, der auf
2007 3980 3118 4031 deren Vergangenheit ruht. Ihr jungfräulicher Stolz empört
2015 4028 3116 4085 sich gegen das, was sie hört, da sie es nicht zu verstehen
2015 4059 3116 4121 vermag. Eine Verbindung Annas mit ihrem Vater, in die sie
2016 4111 3113 4172 auch sonst nur schwer eingewilligt hätte, erscheint ihr nun
2018 4149 3113 4218 ganz und gar unmöglich und um eine Entscheidung herbei¬
2005 4190 3116 4240 zuführen, erzählt sie dem Professor, was geschehen ist. Dieser
