3436 4352
2274 176 2499 241 —
685 232 725 294 8
1622 242 2139 323 box 35/10
293 225 1469 333 11. The pherdis Pine
577 503 887 606 60
2696 596 2797 663 93
1373 587 1919 666 THE FREEMAN
489 601 854 677 (4 April, 1923]
1669 696 2788 751 to time, had come to visit them, had made it quite clear
501 699 1631 761 fact that so many English statesmen. and men of affairs
1663 758 2805 808 to her both by look and gesture that “her favours would
510 756 1630 807 are also mature and creative thinkers in technical fields.
1662 803 2800 850 be more precious to them than all knowledge of sun, moon,
503 801 1639 855 At their best they seem to touch life on more sides and
1664 848 1921 915 and stars.“
497 855 1638 903 more personally than our own countrymen, and they are
1710 898 2782 953 The story called The Murderer'’ describes the endeav¬
502 900 1646 975 able to gather its fruits into the transferable terms of an
1677 958 2785 1009 our of a young man on a sea voyage to kill his girl, first
507 954 949 1035 articulate philosophy.
1678 1002 2794 1063 through an amorous indulgence that had been forbidden
1109 997 1615 1078 GERTRUDE BEssE KINc.
1674 1055 2792 1119 by the doctor and afterwards, when this fails, by the
1677 1109 2791 1172 direct administration of poison. His sophisticated con¬
770 1127 1379 1183 A PERFECT VIENNESE.
1675 1169 2798 1222 sciousness of what he is about is well portrayed: When
504 1178 1636 1238 ARTHUR SCHNITZLER has won for himself during the last
1679 1208 2804 1264 with half-closed eyes she lay yielding in his arms and
500 1235 1636 1287 three decades a definite place among European literary
1656 1260 2790 1320 he saw on her moist forehead the bluish reflection of the
500 1283 1645 1332 figures, and this he has achieved by no means exclusively
1664 1324 2800 1373 waves which entered through the little cabin-window, he
505 1329 1637 1385 through his genius as a playwright. In his novels he
1670 1363 2800 1412 felt a smile rise to his lips from the deepest abysses of
497 1380 1642 1442 has shown himself to be a writer of fine penetration wlio,
1659 1413 2804 1483 his soul.“ Finally, having acquired the necessary drugs
500 1442 1639 1504 in spite of the fact that his work never reaches that high
1669 1470 2797 1526 at Naples, he parades the deck of the liner, meditating
509 1486 1637 1544 level of mordant irony and imaginative robustness that
1666 1539 2801 1580 after this fashion: But at the same time, something
514 1541 1643 1609 we have come to associate with the name of his great
1674 1580 2804 1633 stirred mysteriously in him, something like envy of the
501 1608 1649 1644 contemporary, Anatole France, has nevertheless revealed
1663 1627 2802 1682 young woman by his side, who was destined so soon to
513 1643 1447 1701 a striking and individual attitude towards life.
1678 1670 2790 1750 find release painlessly and unsuspectingly from all the
543 1688 1640 1751 Mr. Theis, in his admirable introduction, would secm
1674 1729 2072 1789 confusions of life.“
497 1747 1645 1793 to suggest that Schnitzler’s lack of intellectual vigour is
1710 1772 2798 1846 The last tale in the small volume has to do with a blind
513 1796 1636 1846 characteristic of the work of those who have lived all
1661 1844 2800 1887 guitar-player and his brother. But the tragedies of simple,
508 1845 1638 1909 their lives "in Vienna on the Danube. For it would
1666 1875 2796 1927 lowly people do not seem to lend themselves to Schnitzler’s
510 1901 1646 1955 appear that a certain inherent disillusionment has settled,
1665 1934 2797 1980 fastidious and peculiar genius. As one reads, one can
499 1951 1645 2008 like a dangerous miasma, upon the spirits of all good
1653 1997 2801 2050 not help considering how much more heart-breaking would
511 2011 1644 2066 Austrians. There is, he says, “in most of them an
1666 2028 2801 2084 Guy de Maupassant’s version of the story have been, had
511 2060 1640 2097 undercurrent of weariness, as though they belong to a
1663 2098 2792 2146 he written it. Is this because the author of The Piece
507 2107 1638 2152 civilization which has lost its illusions and is slowly disin¬
1664 2133 2803 2197 of String'’ was “a good Parisian' and not “a perfect
497 2160 1633 2224 tegrating.' It would be a mistake to imagine that no
1670 2194 2794 2241 Viennese“; and does the very strength as well as the weak¬
499 2221 1635 2265 good thing can come from such a condition. In contem¬
1673 2246 2610 2302 ness of Arthur Schnitzler lie in this difference?
506 2260 1643 2320 plating the comparative stages of different national civili¬
2353 2267 2824 2351 LLEWELYN Powys. “
502 2316 1646 2364 zations, it becomes apparent that a superabundance of
507 2362 1640 2429 physical and moral energy by no means always assures
1883 2395 2553 2464 POEMS OF CHILDHOOD.
497 2420 1633 2481 that gracious state of harmony which should be the happy
1658 2462 2797 2513 Mosr verses that attempt to record childhood are written
506 2470 1645 2535 goal of all political effort. Tolerance and reasoned indul¬
1666 2507 2799 2565 by well-meaning and thoroughly mature adults, either in
505 2523 1637 2582 gence is ever the attitude of the world-weary; and if
1666 2556 2790 2620 that tone of talking-down which, instead of being child¬
507 2564 1642 2619 Schnitzler had more native power in his style, might we
1663 2605 2805 2672 like, is merely a distortion of childishness, or on a note
507 2624 1642 2669 not have lost those urbane utterances which, when we
1660 2660 2790 2729 of highly exaggerated spontaneity and elaborate ingenu¬
498 2682 1645 2735 come upon them in his work, give us such a lovely sense
1666 2724 2785 2777 ousness which fails to conceal sophistication. Occa¬
503 2724 1635 2786 of liberation, as if for once the heavy hand of the hard
1669 2764 2795 2826 sionally one finds a volume which mirrors the child’s
516 2776 1643 2834 categorical imperatives'’ under which we of the Western
1659 2824 2798 2873 world, in which the speech is straightforward without
500 2833 1630 2894 world labour had been deftly lifted if not actually
1660 2873 2787 2931 being shrill or mincing, whose simplicity is neither
498 2880 1642 2940 removed? One has the right to exploit to the completest
1668 2924 2801 2977 starched nor beribboned. Such a volume is W. B. Rands’s
503 2944 1626 2995 extent all one’s life with all the ecstasy and all the shame
1668 2968 2781 3033 Lilliput Lyrics, and Mr. De la Mare’s Peacock Pie,
500 2986 1633 3051 involved'; and again, She knew that she was not one of
1661 3024 2762 3087 and now Elizabeth Madox Roberts’s Under the Tree.'
498 3037 1634 3106 those who, endowed with a frivolous nature, are permitted
1688 3079 2792 3129 Miss Roberts’s vision is clear as it is candid, and her
491 3084 1398 3151 to drink the joys of life without hesitation.
1657 3124 2790 3187 communication is equally direct. She reproduces not only
542 3131 1638 3194 The small volume before us contains three stories, The
1664 3188 2797 3236 the quality of childhood but its very colours. Her verse
499 3200 1639 3248 Shepherd’s Pipe, The Murderer, The Blind Geronimo
1659 3241 2791 3286 is graceful where grace commands the expression, but her
504 3241 1632 3302 and His Brother.' The first is an allegorical tale relating
1660 3293 2790 3335 unforced naiveté allows her to be gauche whenever
499 3304 1644 3352 the adventures of a young and beautiful lady who is
1652 3323 2788 3393 awkwardness is natural. Poems like The Rabbit, The
504 3344 1632 3394 sent out into the world by her philosophical husband to
1660 3397 2786 3448 Picnic, Mumps' and others of the same delightful genre
501 3395 1627 3450 follow every call that comes to her. Her experiences by
1669 3443 2785 3490 will be fascinating to children for their quaint, partly fan¬
499 3446 1632 3503 no means reconcile her to the sophisticated wisdom of
1662 3489 2791 3540 tastic but chiefly matter-of-fact inflection; and to the
497 3497 1626 3564 her leman; for on her return she rebels against the“claw¬
1657 3538 2788 3595 mature craftsman, for the admirable economy with which
497 3549 1629 3614 like clutch of his words' and dreads the “strong embrace
1658 3585 2784 3646 Miss Roberts has selected her sharp and illuminating
506 3614 1635 3669 of his wisdom,“ even going so far as to reproach the sage
1663 3638 2789 3687 details. In the first four lines of a tiny poem she gives
503 3661 1627 3717 astronomer in that 'he knew not that only a narrow path
1661 3701 2800 3759 us unerringly a child’s consciousness—and a life-size
507 3707 1646 3752 is granted to every human being where he can understand
1651 3748 1847 3808 portrait.
501 3761 1635 3817 and fulfil his being.' The story contains many excellent
501 3804 1636 3853 things, as, for example, the remark of the rich young
1880 3804 2572 3867 On Sunday morning, then he comes
1882 3857 2504 3913 To church, and everybody smeils
509 3870 1644 3918 man who is made to symbolize material power and who
1880 3904 2514 3968 The blacking and the toilet soap
502 3913 1632 3964 justifies the abject condition of his workers by saying
1882 3953 2570 4015 And camphor balls from Mr. Wells.
498 3963 1629 4018 that “even under the simplest and apparently most equit¬
504 4012 1640 4071 able circumstances, the lives of individuals were shaped
1691 4018 2788 4089 In the half-dozen more obviously poetic pictures, Miss
495 4067 1628 4126 most deviously according to personal characteristics and
1645 4086 2784 4141 Roberts’s charm does not diminish. Particularly in poems
498 4118 1629 4165 all manner of actions'; or the observation of the lovely
1656 4140 2766 4183 such as Christmas Morning' and The Hens'’ is an un¬
