3392 4352
149 195 1999 288 18. Die Kleine Konoedie box 35/11
1101 713 1160 790 1
438 749 1316 846 „OBSERVER
550 807 1261 881 I. österr. behördl. konzessioniertes
502 853 1294 943 Unternehmen für Zeitungs-Ausschnitte
584 914 1228 990 WIEN, I., WOLLZEILE 11
659 978 1150 1037 TELEPHON R-23-0-43
467 1102 1428 1223 Ausschnitt aus: Gresdner Neueete Gechrlahten
467 1337 638 1415 vom:
917 1301 1390 1440 -8 OEz. 1932
1496 1490 3332 1547 an denen dieses Leben, er weiß, er fühlt das, genau ] zwischen Echt und Unecht keinen Unter
526 1496 1385 1591 Erinnerung an Schnitzler
2539 1540 3336 1587 Von den Architekten der Stadterweit#
1491 1541 2540 1599 so reich ist wie an Qual. Sein Trieb, Erkenntnisse zu
2534 1576 3332 1628 wurden Antike, Gotik, Renaissance als
1486 1578 2543 1629 gewinnen, fesselt ihn an die Wissenschaft, tiefes Er¬
715 1491 1183 1654 terunganse
2528 1606 3336 1656 gebraucht. In der Literatur bewundert
1494 1616 2536 1662 barmen zieht ihn an die Krankenbetten, dazu schüttelt
488 1638 1473 1705 Die Gestalt Artbur Schnitzlers, in diesem Buch
2541 1658 3287 1705 Ebers, Julius Wolf, Friedrich Halm.
1482 1632 2528 1708 ihn der Widerwille gegen aufgezwungene Pflichten
408 1686 1475 1737 hat sie wieder leibhaftige Gegenwart. Ohnehin bleibt
2534 1678 3303 1740 Zeit hörte ich jetzt noch in mittleren
1478 1679 2532 1746 reißt ihn leidenschaftliche Sehnsucht, Phantasie und
416 1732 1480 1773 des schwer zu tragen, wie plötzlich er dem Leben
2531 1733 3314 1778 Amerikgs, wo sich schöngeistige Zirkel vo
1489 1720 2531 1800 Einfallsreichtum mit fort zu seiner einzig wahren
1324 1767 1478 1818 eine
405 1766 1098 1817 entrissen wurde. Da bietet „
1485 1777 1807 1835 Erdensendung.
2536 1771 3312 1818 Halm als vor den höchsten Gipfeln der
408 1799 1487 1867 Komödie“, von S. Fischer herausgebracht, zwar
2537 1810 3334 1868 anbetend verbeugen. Das beweist die
403 1847 1488 1905 keinen Trost, aber den stets erwünschten Anlaß, mit
2532 1827 3329 1907 jener billigen goldschnittumschimmerten
1551 1856 2528 1924 Nur ganz wenige Freunde hat er unter den
407 1884 1482 1935 dem Dichter wieder einmal zusammen etliche gute
2526 1874 3338 1939 die übrigens durch den Kitschgeschmack
1476 1901 2540 1987 Aerzten. Wenn Altersgenossen, Studienkollegen von
395 1917 1477 1979 Stunden zu verbringen. Lebendige Stunden, würde
2528 1929 3321 1966 Unterstützung erhalten. Emile Zola, der
1478 1949 2524 2004 ihm reden, schmunzeln sie nachsichtig oder spöttisch,
402 1960 1480 2022 Schnitzler sagen. Denn unter dem Titel „Die kleine
2527 1967 3324 2026 Zeitalters, galt für einen verdammensn
1489 1989 2535 2054 über seine literarischen Bestrebungen. Im Kreis der
2540 1997 3333 2045 der im Schmutz wühlt, Guy de Ma#
398 1988 1484 2052 Komödie“ sind Novellen aus der frühen Jugend
1479 2027 2536 2088 Familie sieht er besorgte, ängstliche Mienen, hört
2539 2037 3325 2084 Meister kurzer Novellen, für einen Erz#
406 2037 1474 2091 Schnitzlers mit Novellen aus der Zeit seiner Meister¬
1481 2069 2530 2123 liebevolle Ermahnungen. Er nimmt das geduldig hin,
404 2071 1476 2132 schaft vereinigt. Anfang und Ende eines Daseins von
2531 2068 3329 2134 riger Geschichten. Tolstoi, Dostojew
1479 2098 2539 2163 trägt auch die mißbilligende Schärfe des Vaters ge¬
404 2116 1482 2173 ernster Arbeit an sich selbst, Anfang und Ende eines
2529 2112 3340 2180 kaum gelesen. Henrik Ibsens Dramen
1484 2140 2530 2190 duldig. Aber der Zustand ist keineswegs angenehm.
2527 2152 3314 2200 Bombenattentate. Lieber Himmel, wie
396 2147 1478 2208 Daseins, das ganz erfüllt, das hell durchleuchtet war
1480 2176 2536 2230 Adolf Sonnenthal, dem Hause des Professors Schnitz¬
3220 2190 3316 2241 Schn
2527 2192 3223 2250 Literaturrevolutionäre beschimpft.
406 2201 1474 2247 von edelstem, reinstem Menschentum. Und von er¬
1472 2230 2533 2282 ler eng befreundet, stützt die Opposition gegen Arthurs
2538 2223 3335 2284 zu den jungen Dichtern, die den Ver##
394 2220 852 2293 schütternder Tragik.
1471 2242 2525 2310 Schriftstellerei, ipricht mit dem seither hinlänglich
490 2259 1471 2324 Ceinnerungen werden wach beim Lesen der ersten
2531 2252 3328 2314 meisten ausgesetzt waren, gehört auch zu
1467 2293 2535 2351 populär gewordenen Brief ein geradezu vernichtendes
2533 2306 3276 2358 Führern, die sich mit den Gegnern gan
400 2303 1468 2357 Novellen. Mit dreiundzwanzig Jahren schrieb er die
2092 2339 2532 2391 Später bekehrt sich
1462 2335 2115 2394 Urteil: „Gar kein Talent!“
2526 2326 3186 2403 einandersetzten. Es gab heftige 2
407 2341 1478 2413 kurze Geschichte „Welch eine Melodie“. Schnitzlers
415 2385 2522 2437 beständige Zweisel sind darin schon sehr rege, sein] Sonnenthal herzlich zu Arthur Schnitzler, spielt in
2529 2380 3174 2441 bei denen aber Schnitzler stets
1474 2414 2534 2468 „Liebelei“ den alten Weyring. Doch der Vater
2524 2421 3162 2475 Grenzen der Höflichkeit wahrte
419 2411 1468 2466 beständiges Suchen nach dem Geheimnis und nach der
1470 2450 2519 2504 Schnitzlers erlebt den Erfolg des Sohnes nicht mehr.
455 2449 531 2510 ron
2520 2452 3144 2514 worten schlagfertig, ja oft genu
753 2456 1470 2518 Verknüpfungen. Die Essenzen, aus
1475 2473 2529 2556 Ein jäher Tod rafft ihn hinweg, kurz vor der
2530 2496 3140 2544 vernichtend waren. Polemisiert.
804 2495 1468 2564 che Substanz sich herstellt, sind da
1470 2516 1993 2589 Premiere von „Liebelei“.
2528 2538 3156 2583 in öffentlichen Erklärungen, ha
734 2525 1469 2588 rhanden wie später. Das beweist die
2518 2563 3146 2629 einziges Mal. Heftig konnte er
1539 2571 2520 2623 Bis dahin sind noch etliche Jahre zu durchmessen.
3249 2575 3321 2625 ein
758 2566 1475 2634 Genies“ die entstand, als Schnitzler
2528 2618 3123 2665 Künstler, die er verehrte, beschit
1467 2610 2517 2654 Arthur Schnitzler glänzt in der großbürgerlichen
731 2608 1467 2670 war. Sein Hang zur Parabel zeigt
2522 2649 3124 2704 lich gegen Angriffe, die ihm
1465 2649 2518 2707 Wiener Gesellschaft, deren Frauen und Mädchen ihn
724 2649 1460 2704 ng still lächelnd mit den Nichtigkeiten,
2529 2675 3128 2748 galten, war Arthur Schnitzler
1477 2677 2530 2745 verhätscheln, deren Männer ihn verhöhnen. Er geht
698 2690 1473 2751 chätzten Wichtigkeiten des Ruhmes, des
2520 2722 3151 2781 an sein ganzes Leben hindurch
1472 2711 2528 2777 dem ärztlichen Beruf nach, der ihn peinigt. Und er
651 2735 832 2789 spielen.
2532 2766 3192 2820 findlichsein entsprang keineswegs
1477 2764 2533 2819 atmet befreit wenn er mit einem geliebten Mädchen
612 2752 1471 2811 junger Arzt, ganz eingefangen in das
2525 2798 3232 2859 Im Gegenteil, es schien eigentlich
1473 2794 2526 2863 beisammen ist, oder wenn er musiziert, oder in an¬
587 2797 1474 2853 der Medizin, in den Spitalsdienst, nachher
2534 2845 3180 2901 nicht er selbst für sich oder mit die
1468 2843 2518 2891 regendem Gespräch mit jungen Schriftstellern. Da
612 2848 1466 2905 lichten eines Assistenten, erzählt Schnitzler
2533 2870 3225 2928 sönlichen Eitelkeit an diesem emp
1482 2877 2521 2939 schließt er sich auf. Da bricht der große Ernst, bricht
587 2880 1467 2934 gesprächsweise viel von den Schrecknissen der
2526 2908 3240 2976 beteiligt war. Ihn verletzte das D
1464 2905 2531 2970 die beschwingte Heiterkeit seines Wesens hervor. In
589 2918 1459 2980 le, von dem niederschmetternden Eindruck,
1476 2945 2518 3006 der Redaktion der Zeitschrift „An der schönen blauen
2521 2937 3228 3013 kundigen Unverstandes, dreister
565 2947 1474 3015 immer wieder an den Betten Sterbender emp¬
1464 2996 2524 3048 Donau“ sitzt Paul Goldmann und leistet der
2523 2984 3299 3053 blinder Parteiwut in die Angelegenheit
587 2996 1463 3064 rspricht davon, um sein gequältes Herz zu
1463 3019 2527 3084 literarischen Revolution, die zum vollen Ausbruch ge¬
2527 3043 3256 3088 Die moralisierende Heuchelei, die
565 3037 1466 3090 ern.Das wird jedesmal ergreifend deutlich.
1474 3062 2520 3124 langt ist, nach Kräften Vorschub. Als einer der ersten
2520 3067 3288 3121 sprüchen erkühnte, schnitt mit grellem ##
408 3075 1473 3124 Die Medizin als Wissenschaft lockt ihn, bezaubert ihn
1468 3108 2528 3162 erkennt er das Dichtertum Schnitzlers, versteht und
2520 3099 3296 3160 freies Menschentum, in seinen ehrfürchti
436 3117 1464 3164 ogar gelegentlich. Doch als Praxis stößt sie ihn ab.
1468 3142 2522 3199 bewundert die funkelnden Geistesgaben dieses jungen
2521 3155 3315 3200 haften Künstlersinn, wie etwa sein musikal
428 3157 1459 3213 Durch die ärztliche Praxis liegt der Menschheit ganzer
2519 3189 3216 3255 unter Tellerkratzen gelitten hätte.
1464 3188 2525 3239 Menschen. Merkwürdig erscheint heute diese ferne
436 3182 1465 3245 Jammer vor ihm ausgebreitet. Er sieht furchtbare
1470 3217 2531 3285 Zeit der Anfänge, die sich dem letzten Ausklingen einer
401 3220 1465 3281 Leiden, Verzweiflung. letzte Angst, er kennt die
2595 3244 3313 3319 In vielen Novellen, die dieser nachge
1473 3257 2523 3323 Epigonendichtung mengt, um sie bald gänzlich ab¬
401 3261 1472 3326 Grenzen, an denen Hilfe endigt, kennt die Glorie
1471 3303 2513 3362 zulösen. Merkwürdig und fast erheiternd die Kämpfe,
2521 3303 3304 3366 jetzt bringt, sterben die Hauptpersonen ob
401 3298 1469 3374 grober Aerzte, die Kläglichkeit der Stümper, die
1460 3340 2517 3398 die gewissermaßen in der Morgendämmerung mit
2525 3339 3304 3389 Menschen, die durch ihren Hingang da
396 3341 1475 3413 Machenschaften unbedenklicher Streber. Und er ist in
2531 3377 3321 3427 Hauptpersonen vom Grund auf verwand
1459 3384 2520 3442 allem nächtlichen Spuk geführt werden mußten. Der
393 3385 1475 3438 seinem innersten Wesen ein Poet, er trägt ein heißes
404 3430 3325 3475 Verlangen nach Schönheit, nach Glanz und Freude,I herrschende Geschmack war verweichlicht, konnte allen Novellen, ganz wenige ausgenomt
2888 4099 3022 4163 ns
