3392 4352
177 203 1353 307 18. Die kleine Konoedie
609 906 1276 1027 11 Jrt  a
776 1009 1112 1092 #nzessioniertes
594 1059 1148 1136 #für Zeitungs-Ausschnitte
462 1105 1068 1191 WIEN, I., WOLLZELE 11
524 1179 1009 1238 TELEPHON R-23-0-43
334 1302 700 1378 Ausschnitt aus:
696 1350 1174 1438 Ostrauer Merrenren.
316 1532 1063 1621 vom: 12 FER 022
322 1682 853 1780 Arthur Schnitzler:
272 1766 1180 1854 —Die kleine Komödie.
341 1827 1194 1894 Frühe Novellen. Mit einem Nachwort von Oit
273 1864 1242 1952 P. Schinnerer. S. Fischer Verlag, Berlin.— In dem
280 1902 1226 1977 reichhaltigen Band sind fast nur Arbeiten, die der
275 1957 1236 2027 dem Jahre 1900 geschrieben wurden, vereinigt. Eine
284 1999 1227 2061 Zeittafel gibt Entstehungsjahr, Ort und Jahr des
279 2034 1225 2096 Abdruckes der einzelnen „Novellen, Stigen und Le¬
286 2079 1226 2140 genden aus der Frühzeit des Dichters.“ Otto P.
277 2111 1227 2167 Schinnerer wertet die Arbeiten mit den Worten Ri¬
264 2155 1231 2225 chard Spechts: „Es sind überaus gut erzählte knapp
272 2200 1233 2256 und scharf konturierende und im Stofflichen und im
277 2229 1228 2298 Problem fesselnde Geschichten, die in ihrer künstleri¬
283 2271 1230 2349 schen Reinlichkeit, ihrer aufs Wesentliche konzentrie¬
278 2316 1221 2381 renden Straffheit und ihrer völlig unspekulativen,
266 2338 1219 2420 niemals einem unsauberen Leserinstinkt schmeicheln¬
263 2381 1233 2456 den, schmucklosen Geradheit im wohltuendsten Kon¬
270 2437 1228 2506 trast zu der erfolgreichen Novellistik der damaligen
272 2477 1228 2545 Zeit, zu den Heinz Tovote, Ompteda, Hans Land sie¬
264 2509 1216 2579 hen. Man sollte wirklich einen Band zusammenstellen,
270 2549 1214 2613 der den „jungen Schnitzler' zeigt: schon als Do¬
257 2574 1221 2658 kument einer Künstlerschaft, die, von Anbeginn unel¬
256 2617 1230 2696 tel, sachlich, zuchtvoll und gewissenhaft, nur Arbeit an
258 2680 1230 2748 sich selbst kennt und die sich auch im Unscheinbarsten!
241 2730 1148 2829 ausmniteransen UKHEADESE
244 2782 1230 2868 das Letzte und Endgültige abfordert. (1922)“ Dieter
262 2842 1211 2905 Band liegt nun vor. Wer Schnitzlers Werk von „Li¬
260 2864 1212 2961 belei“, dem ersten großen Erfolg des Tichters (Burg¬
258 2910 1223 2992 theater Wien 1895), an in seinem Wachstum mit
265 2957 1226 3036 Verehrung oder vorurteilsleser Teilnahme verfolgee,
267 2984 1224 3069 wird gerne nach diesem Erganzungsband der längst
265 3019 1238 3109 vorliegenden Gesamtausgabe greifen und mu Frende
269 3083 1229 3157 bereits in diesen frühen Arbeiten ganzen, echten
1107 3116 1174 3174 W.
263 3137 607 3213 Schnitzler finden.
1498 215 2003 298 box 35/11
1785 676 2614 767 „OBSERVER
1889 760 2574 822 I. österr. behördl. konzessioniertes
1835 807 2590 875 Unternehmen für Zeitungs-Ausschnitte
1911 862 2519 927 WIEN, I., WOLLZEILE 11
1979 921 2462 983 TELEPHON R-23-0-43
1797 1058 2171 1123 Ausschnitt aus:
1908 1145 2526 1238 OFST. ILIISTR. SeLPnG
1789 1280 1943 1344 vom:
2094 1310 2587 1399 19 FEB. 1553
1810 1409 2634 1501 Arthur Schnitzler: „Die kleine Komödie.“
1751 1464 2649 1546 S. Fischer=Verlag, Berlin. — Der S. Fischer¬
1747 1511 2643 1583 Verlag hat mit einem Nachwort von Otto
1751 1542 2636 1620 D. Schinnerer „Die kleine Komödie“ frühere
1753 1579 2643 1662 Novellen von Arthur Sch#ler herausgegeben.
1755 1619 2635 1693 Dem Oesterreicher und sp ell dem Wiener ist
1742 1659 2642 1738 der verstorbene Dichter kein Fremder gewesen.
1746 1702 2619 1778 Die seinerzeitigen Aufführungen „Der Reigen“
1746 1740 2631 1815 liegt dem theaterbegeisterten Publikum noch im
1749 1775 2638 1855 Blut, und viele sind noch darunter, die Schnitz¬
1745 1820 2634 1879 lers Ehrenhaftigkeit in seiner Aeberzeugung an¬
1739 1867 2631 1925 zweifeln. Der Kreis der in diesem Buche ver¬
1731 1910 2632 1979 einigten, bis dato unveröffentlichten Novellen,
1734 1942 2631 2001 Legenden und Skizzen zeigt deutlich, daß
1738 1975 2623 2038 Schnitzler der Meister der Erzählung war.
1726 2024 2636 2089 Während die bis dato erschienenen Werke
1726 2062 2616 2116 Schnitzlers ihn als reifen Schriftsteller und
1731 2096 2621 2168 einen Mann der Erkenntnis zeigen, ist dieses im
1728 2136 2618 2201 S. Fischer=Verlage erschienene Werk eine Aus¬
1726 2163 2610 2246 lese jener Werke, die sein Beginnen als Schrift¬
1730 2212 2620 2286 steller darstellen. Die sichere Erkenntnis, und
1724 2252 2616 2328 das trotz einer gegenseitigen Weltanschauung
1718 2280 2622 2348 klare und zielbewußte Streben macht Schnitzler
1730 2324 2614 2407 zu dem Autor, wie wir ihn uns in unserer
1733 2367 2612 2429 frühesten Jugend erträumen ließen, als einen
1730 2406 2621 2480 Mann der meisterhaften Erzählung und einen
1719 2438 2622 2523 Menschen, dessen Erzählungskunst eine Welt¬
1726 2479 2109 2551 anschauung vertritt.
2388 3043 2683 3129 eile Nr. 1.
2037 3081 2247 3167 Wien,
2137 3102 2615 3204 Telsfon B-23-0-43
1941 3241 2532 3350 Crcatnlche Sonntecznact ha.
2072 3309 2288 3404 6 FE
1757 3457 2671 3510 * Arthur Schnitzler: „Die kleine Komödie“ (S. Fi¬
1717 3494 2676 3575 scher, Berlin): Estist ein Nachlaßband, vierundzwanzig
1723 3551 2674 3607 kurze Novellen, aus der Frühzeit des Dichters, vor
1727 3571 2678 3646 1900 entstanden. Man kann diese Geschichten nicht ohne
1723 3630 2673 3679 leise Wehmut lesen, kann an ihrer melancholischen Iro¬
1716 3650 2678 3726 nie nicht ungerührt vorübergehen, denn diese zarten
1726 3690 2681 3752 Satzgebilde sind Zeugen eines angenehmeren Zeitalters,
2503 3724 2694 3779 Dr. Sy
1719 3747 2127 3815 als es das unsere ist.
2587 4102 2874 4158 —.—
