3344 4352
1443 218 1970 323 box 35/11
107 209 1316 337 18. Die kleine Konoedie
104 1173 524 1275 .
93 1245 366 1343 Kammer.
87 1325 611 1408 Auf Wunsch des Minister¬
94 1389 615 1458 estern die Schulden¬
99 1429 341 1508 bertagt.
670 1531 3012 1616 loses Schluchzen aus. In der legendenhaften Erzählung „Um; Schnitzlers persönliche Schicksale das übrige getan. So war
665 1598 1840 1667 eine Stunde“ schwingt ein Echo dieses tragischen Ereignisses.
98 1596 614 1672 t in die Angelegenheiten
1837 1612 3023 1679 in ihm eine kostbare Mischung vollendet: Tragik, Humor,
681 1639 1841 1709 Einige Jahre mußten vergehen, bis dieser Schlag halbwegs
103 1646 604 1717 helei, die sich zu Urteils¬
1851 1655 3022 1739 Ernst, Witz und tieferes Bedeuten. Dieses Dichterwesen in
684 1688 1849 1761 überwunden werden konnte, lange Jahre brauchte es, bis
96 1696 615 1765 em Mißton in sein freies
1854 1701 3020 1785 seiner herbsüßen Art, in seinem würzigen Gehalt, in seinem
676 1731 1848 1820 Schnitzler in einem neuen Bund Beschwichtigung zu finden
107 1752 608 1807 , gerissenhaften Künstler¬
1836 1744 3019 1829 Wechsel von Trauer und Gelächter, in seinen Uebergängen
682 1778 912 1856 vermochte.
109 1793 611 1872 befühl unter Tellerkratzen
1847 1799 3013 1858 aus Dur in Moll, stellt eine Einmaligkeit dar, der man sich
1852 1846 3012 1887 nicht entziehen kann und deren persönlicher Wirkung keiner
753 1840 1840 1913 Erinnert man sich des Humors, den Schnitzler so reich¬
113 1862 612 1946 nachgelassene Band jetzt
1851 1887 3011 1965 je vergessen wird, der sie erfahren durfte. Schnitzlers Phantasie
670 1902 1842 1973 lich und so erfrischend besessen hat, denkt man seiner fast
97 1929 607 2007 der es sterben Menschen,
1849 1940 3019 2006 sprudelte unerschöpfliche Stoffe, Entwürfe, Pläne zutage.]
676 1951 1834 2023 kindlich naiven Sinnenfreude, seines gelegentlichen Ueber¬
1843 1985 3017 2054 Wie oft, wie sehr oft kam er und sagte mit einer komischen,
110 1982 613 2051 der Hauptpersonen vom
671 1999 1828 2064 mutes, der freilich nur selten, dann aber hinreißend auf¬
93 2007 603 2106 n Novellen, ganz wenige
1836 2020 3018 2106 mit einer schalkhaften Miene: „Mir ist schon wieder ein
682 2045 1830 2117 schäumen konnte, besinnt man sich der ungeheueren Einfalls¬
1846 2076 3020 2128 Lustspiel eingefallen . . ." Er zögerte, brach in helles Lachen
113 2069 611 2140 Rede. Zum Schicksal
690 2091 1824 2173 fülle humorig, blitzender Sentenzen und Situationen, die
110 2108 603 2185 immer wieder Dinge,
1844 2120 3016 2186 aus und berichtete sodann voll Ergötzen: „.. aber der Held
682 2140 1830 2186 ihm zuströmte, dann glaubt man, er war zur Heiterkeit ge¬
95 2151 607 2229 n ersinnt und darstellt,
1846 2173 2995 2235 wird ermordet!“ Wie oft kreuzte er in selbstironischer Rat¬
691 2190 1831 2242 schaffen. Liest man in dem jetzt vorliegenden Band die Titel¬
1841 2209 3007 2286 losigkeit die Hände, griff mit der Rechten das Gelenk der
95 2208 611 2283 wandelte Weise selbst zu¬
675 2236 1829 2302 novelle oder „Er wartet auf den vazierenden Gott“ oder
1839 2258 3017 2332 Linken, eine Gebärde, die ihm eigentümlich war, und rief:
99 2264 615 2327 e diese Konflikte voraus¬
681 2287 1829 2366 „Welch eine Melodie“ oder die ins Groteske spielende Ge¬
1840 2313 3008 2391 „Was soll ich anfangen? Meine Lustspielpersonen nehmen
105 2310 606 2377 eimnisvollen Zwang, be¬
665 2332 1826 2396 schichte „Wohltaten, still und rein gegeben“ oder gar
99 2354 158 2407 te
1847 2354 2996 2424 alle ein schreckliches Ende!“ Und schien gar nicht zu wissen,
140 2343 606 2422 Gefilde kreisend ge¬
672 2377 1832 2453 „Exzentrik“, festigt sich die Meinung, hier sei ein Dichter
1837 2404 3000 2467 wie unentrinnbar er einem Schicksal verknüpft blieb, das
97 2397 607 2473 Lauf seiner Jugend die
660 2424 1828 2488 gewesen mit der Gabe begnadigt, alles Schwere, alles Trüb¬
1837 2449 2989 2515 stärker war als er. Oder wußte er es doch? Dieser wunder¬
104 2452 602 2516 ihm sehr nahe standen,
671 2478 1828 2538 selige in die Höhensonne des Lächelns zu erheben. Eines von
1836 2493 2998 2577 bare, innerlich reine und adelige Mensch, dessen Nähe so viel
94 2481 610 2563 ie sein Vater stirbt, kurz
662 2520 1830 2571 Schnitzlers Meisterwerken, das jetzt zu Paris den stürmischen
1833 2532 3010 2604 Beglückung spendete, dessen Verlust so schwer zu tragen ist,
93 2545 600 2609 nd den Dichter zur An¬
662 2560 1831 2629 Frohsinn aller Verstehenden erregt, die Szenenfolge „Reigen“,
1831 2573 3005 2636 lebt mit allen Elementen seines Werdens, seines Schaffens
94 2585 607 2654 rt Arthur Schnitzler ein
658 2611 1824 2680 zeugt für ein Lustspieltalent vom Format des Aristophanes.
1828 2625 3006 2700 in dem Buche wieder auf, das wir jetzt besitzen. Dieses Buch
102 2638 606 2698 eer mit dem Grillvarzer¬
657 2660 1820 2723 Doch die Hand der Vorsehung, die das Werden Schnitzlers
1825 2682 3008 2748 ermöglicht allen, die Schnitzler nicht persönlich kannten, ihm
91 2679 586 2753 in prachtvolles Geschöpf,
668 2705 1833 2777 gelenkt hat, bestimmte es anders. Sein Blick war auf Elend,
1838 2726 3003 2796 näher zu kommen, gibt allen, die ihn erlebt haben, Auf¬
103 2735 596 2795 in schlichter Anmut und
661 2755 1833 2819 Krankheit und Tod gerichtet durch das ärztliche Studium,
1829 2768 3001 2826 schlüsse zu seinem Gedächtnis, das immer lebendiger und
97 2778 595 2845 ehen. Der reichen, über¬
661 2794 1824 2866 das tief in seinem Herzen Mitfühlen wachrief, das seine
1827 2813 2999 2889 leuchtender wird. Er hat mehr gewußt, Arthur Schnitzler, als
92 2825 596 2892 Salons der jugendliche
657 2842 1819 2903 Fröhlichkeit oft und oft dämpfte. Sein Hinwandeln zwischen
1836 2861 2982 2940 die Leser gewöhnlich merken. Sein Verhältnis zum Dasein,
90 2873 594 2929 u#rde, war sie fremd, war
665 2891 1827 2961 hellstem Glanz und traurigsten Nachtseiten des Daseins gab
1825 2910 2987 2985 dieses erst nur ahnende, später ganz bewußte freie, tapfere
92 2922 599 2984 eidenen Familie. Binnen
663 2936 1828 2988 der Schwermut Anlaß über Anlaß, der Neigung zur Melan=
1834 2956 2983 3023 und ernste Ringen mit dem Schicksal ist sein hohes Werk,
97 2972 586 3029 dieses Mädchen, das ein
660 2988 1820 3052 cholie, die in der Seele jedes Dichters schlummert, auch des
1822 2998 2996 3093 ist seine hohe menschliche Leistung geworden. Dessen bleibt
90 3007 588 3079 rbaren Gesundheit war,
655 3034 2685 3137 Dichters, dessen Natur von Humor gesegnet ist. Dann haben; dieses Nachlaßbuch ein wichtiges Dokument.
99 3060 594 3131 attung erhielt Schnitzler
129 3113 589 3171 Grillparzer=Preis zu¬
93 3150 602 3230 orten in lautes, fassungs¬
