3344 4256
403 -37 1092 56 betzt gent es an ihre Ergänzung.
444 26 1293 100 Der kritische Betrachter wird vielleicht
410 77 1296 156 sagen: In den „gesammelten Werken“ haben
403 125 1302 193 diese beiden großen und richtigen Dichter
399 172 1301 249 Gelegenheit gefunden, sich auszusprechen.
398 216 1294 319 Diese gesammelten Werke sind obendiein noch
393 271 1284 337 von ihnen selbst bei Lebzeiten zusammen¬
393 313 1299 380 gestellt worden. Was eie dort nicht aufnahmen,
399 366 1292 443 wird einer solchen Aufnahme wohl nicht wert
401 401 1292 480 gewesen sein. Vergeht man sich jetzt nicht
398 465 1299 534 gegen den ausdrücklichen Willen dieser neuen
400 508 1297 572 Wiener Klassiker, wenn allerhand Werke und
395 540 1289 643 Werkchen ans Licht geraten, die sie sorgfältig
387 603 1295 682 verschlossen hielten und verschlossen ließen?
387 643 1280 727 Die beiden waren ja nicht bloß Künstler, son¬
377 694 1281 775 dern auch Beurteller ihrer Zeit und vor allem
385 751 1286 830 Selbstbeurteiler. Die Versuchung liegt gewiß
387 798 1284 866 nahe, mit ihrem Nachlaß weitere Bände zu
388 836 1035 908 füllen. Aber soll, darf man das?
418 883 1269 970 Man darf es, wenn die Qualität des nachträg¬
383 927 1280 1012 lich zu Erschließenden das Verfahren heute
379 987 1276 1049 rechtfertigt. Darf es auch, wenn die Nachlaß¬
377 1033 1276 1100 werke persönliche Beziehungen aufhellen, die
374 1075 1281 1154 sonst verborgen geblieben wären oder wenn
365 1132 1281 1201 sie interessante Vorstudien sind. Gerade jatzt,
374 1184 1272 1249 so kurze Zeit nach Schnitzlers und Hofmanns¬
369 1222 1274 1303 thals Tod, ist die biographische Leidenschaft
376 1284 1260 1344 groß, die Sehnsucht stark, die teuren Ge¬
375 1327 1276 1393 stalten in ihrem ganzen Wandel, in allen ihren
360 1358 1268 1448 Beziehungen nochmals zu beschwören. Hinter¬
371 1414 1269 1498 bliebene öffnen nicht mit Unrecht ihre
355 1454 1158 1527 Schränke. Philologen bekommen zu tun.
405 1516 1254 1581 Solcherart ist der herrliche, wenn auch
364 1550 713 1619 leider nur
709 1572 1255 1649 fragmentarische Roman
368 1600 1247 1690 „Androas“ von Hofmannsthal ans Licht ge¬
362 1653 1251 1731 kommen, zuerst veröffentlicht in der ausgs¬
349 1707 1254 1786 zeichneten Zeitschrift „Corona“ — in diesen
361 1749 1258 1835 Blättern ist schon vor zwei Jahren ein Stück
361 1805 1252 1875 daraus abgedruckt worden. Jetzt gibt
356 1845 1257 1923 S. Fischer das Buch als Ganzes heraus und
345 1894 1237 1971 Jakob Wassermann schreibt in einem Nach¬
354 1948 1250 2018 wort über die Arbeit des Dichters an diesem
343 1994 1247 2069 Roman. Er spielt in dem Österreich des acht¬
345 2038 1247 2121 zehnten Jahrhunderts und schildert die Reise
341 2084 1249 2159 eines vornehmen jungen Mannes, eine
351 2134 1249 2216 Bildungsreise nach der Sitte der Zeit, gegen
346 2181 1248 2258 Venedig — mit einem Aufenthalt in einem
347 2215 1240 2305 kärntnerischen Edelhof. Man darf sagen, daß
331 2284 1248 2359 man von Hofmannsthal nicht alles, nicht das
338 2331 1228 2403 Rechte weiß, wenn man dieses sehr umfang¬
342 2371 1234 2451 reiche Fragment nicht gelesen hat. Es wäre
337 2422 1232 2494 zu schön, wenn der sicherlich reiche Nachlaß
331 2463 1227 2550 des Dichters auch nur entfernt so herrliche
324 2506 807 2579 Schätze noch enthielte.
372 2556 1225 2641 Von Schnitzler wird (im gleichen Verlag)
337 2599 1228 2690 ein Band früher Novellen unter dem Titel
331 2654 1224 2748 „Die kleine Komödie“, veröffentlicht.
331 2705 1226 2792 Der Herausgeber (Otto F. Schinnerer) teilt mit,
321 2764 1226 2836 daß Schnitzler, als er mit 31 Jahren das Buch
329 2804 1220 2876 „Anatol“ herausgab, das ganz allgemein noch
317 2846 1223 2930 als sein Erstling angesehen wird, schon
321 2890 1209 2963 dreißig Theaterstücke fertig hatto
312 2950 1209 3021 und entsprechend viel Erzählendes. Da gab es
323 3002 1217 3067 eine Zeitschrift „Der freie Landesbote“ in
317 3050 1212 3122 Bayern, eine andere in Wien, die „An der
322 3095 1225 3172 schönen blauen Donau“ hieß, eine „Deutsche
318 3139 1212 3213 Wochenschrift“ und so weiter. Uberall da
315 3184 1212 3277 tauchte mit Gedichten, Novellen, Skizzen der
295 3229 1207 3311 junge Schnitzler auf, der ja wegen seiner Dich¬
303 3293 1215 3360 tungen immer wieder in Konflikt mit seinem
314 3334 1205 3414 Vater geriet, von den großen Zeitungen keine
292 3381 1193 3461 Förderung, zu erwarten hatte und in Zeit¬
294 3426 1202 3500 schriften flüchten mußte, die heute zum guten
298 3466 1204 3563 Teil nur seinetwegen noch bekannt sind. Eine
300 3533 1193 3595 merkwürdige Virtuosität des Erzählens liegt
292 3573 1209 3637 in den nun zu einem Band gesammelten frühen
299 3616 1194 3686 Geschichten, sie geben ein Bild des jungen
298 3673 1196 3751 Dichters und seiner Zeit — aber sie deuten
291 3723 1195 3789 auch schon, und immer wieder, auf den
294 3770 1176 3839 späteren Schnitzler bin, seine „ewigen“
287 3813 1193 3879 Motive, Liebe, Tod, Spiel, die immerwährende
301 3855 1187 3929 Ungewißheit sind schon da zu finden, es ist
284 3902 830 3967 echtester Schnitzler, wenn
829 3916 1188 3975 auch noch nicht
285 3955 720 4018 größter und reinster.
864 3962 1148 4038 Paul Stefan.
1689 27 2419 150 BSERVEI
1699 112 2385 198 I. österr. behördl. konzessioniertes
1674 158 2415 241 Unternehmen für Zeitungs-Ausschnitte
1731 215 2353 310 WIEN, I., WOLLZELE 1I
1803 280 2279 352 TELEPHON R-23-0-43
1625 426 2001 509 Ausschnitt aus:
1866 516 2267 628 Kukt I. MtuaAN
2040 607 2464 725 3. FEB. 1933
1636 655 1781 716 vom:
1600 813 2659 914 von neuen Sacheir
1721 889 2523 1008 Der junge Schnitzler.
1574 991 2672 1047 „Die kleine Komödie.“ Frühe Novellen von
1570 1027 2663 1101 Arthur Schnitzler. Mit einem Nachwort von Otto
1619 1069 2614 1145 P. Schinnerer. (S. Fischer=Verlag, Berlin.)
1604 1138 2741 1214 Mit einiger Ueberraschung wiegt man den Band
1511 1183 2742 1283 in der Hand, der jetzt, wahrscheinlich als letztes Opus
1509 1226 2733 1315 in der Reihe der Schnitzler=Werke, herauskam. Er
1501 1272 2721 1357 enthält nicht, wie dies nach dem Tode von Dichtern ge¬
1499 1332 2721 1399 wöhnlich ist, Unvollendetes; er bringt den frühen, ganz
1500 1360 2711 1451 frühen Schnitzler. Auch die mit Schnitzler jung ge¬
1503 1415 2707 1502 wesen sind, kannten ihn bloß als den Verfasser der un¬
1500 1470 2714 1554 erbittlichen Skizzen= und Novellenreihe „Sterben,
1496 1520 2703 1597 etwa erinnert man sich des Durchfalles seines Schau¬
1493 1580 2707 1625 spieles „Märchen“; unvermittelt, eine fertige und be¬
1491 1603 2704 1673 stimmte Persönlichkeit, stand also Arthur Schnitzler
1498 1665 2717 1758 als Dichter des „Anatol“, der „Liebelei“ plötzlich an
1494 1712 2704 1789 der Spitze einer jungen wienerischen Literatengruppe.
1492 1740 2711 1840 Eines Tages war diese besondere, eigenartige und für
1497 1792 2706 1863 seine Zeit neue Erscheinung da. Arthur Schnitzler kam
1491 1853 2708 1924 nicht vom Journalismus, nicht vom Essay her, so war
1486 1892 2707 1978 der Kreis, der ihn vorher kannte, verhältnismäßig
1493 1946 2700 2022 klein. Trotzdem hat sich damals niemand die Frage vor¬
1486 1997 2692 2064 gelegt, durch welche Wege der Dichter zum „Anatol“,
1493 2053 2710 2130 zur „Liebelei“ gefunden hatte? Was einigermaßen
1490 2100 2701 2177 nahelag, denn 31 Jahre zählte Schnitzler, als im
1480 2134 2475 2197 Jahre 1893 der „Anatol“ erschienen war.
1581 2189 2721 2265 Jetzt erfährt man's, jetzt lernt man diesen recht
1488 2221 2708 2308 starken Band früher Arbeiten kennen. Seit seinem
1490 2283 2720 2356 neunten Lebensjahre schrieb er schon; mehr als alle
1485 2322 2704 2411 seine Wiener Dichtergenossen der Zeit hatte der fertige
1486 2388 2708 2455 und über Nacht berühmt gewordene Arthur Schnitzler
1483 2428 2699 2504 zuvor gerungen. Er hatte ein Jugendschaffen hinter
1485 2470 2707 2545 sich. Nicht weniger als dreißig Theaterstücke, zahlreiche
1487 2516 2699 2608 dramatische Fragmente, Entwürfe, massenhafte Ver¬
1488 2564 2695 2643 suche in Prosa hatte still und zwingend der Student,
1475 2612 2708 2698 Mediziner und junge Arzt geschaffen. In der Mam¬
1478 2670 2685 2739 rothschen Zeitschrift „An der schönen blauen Donau“
1483 2710 2702 2787 sind Schnitzlers erste Arbeiten erschienen, gewiß nicht
1473 2751 2697 2826 mehr Aufmerksamkeit erregend als es einem begabten
1484 2808 2517 2880 Familienblattmitarbeiter beschieden sein kann.
1578 2854 2696 2942 Der vorliegende Band gibt uns Schnitzler nun
1479 2906 2693 2994 noch einmal in seiner ureigensten Art. Noch einmal!
1474 2939 2699 3000 Da sind ganz frühe Stücke, Novelletten, Skizzen,
1474 2997 2693 3072 Stimmungsbilder, die seinerzeit in den verschiedensten
1485 3045 2695 3129 Zeitschriften und Zeitungen erschienen sind. Noch ist
1475 3102 2691 3169 der Stoffkreis, die Art des Reflektierens, seine Ge¬
1478 3152 2693 3215 staltenwelt ihm selbst nicht erschlossen und vertraut.
1483 3189 2689 3258 Er schwankt vom Stimmungsbild zur moralisierenden
1476 3241 2695 3312 Zeitbetrachtung. Melancholie und Todesidee beherrschen
1474 3295 2699 3358 viele der kleinen Geschichten. Der junge, lebensvolle
1470 3341 2692 3415 Dichter des „Anatol“ läßt mit wahrer Wollust sterben.
1466 3392 2674 3441 Es stehen auch Meisterwerke des reifen, großen Er¬
1461 3449 2689 3507 zählers in dem Band, die bisher verschollen waren,
1462 3484 2682 3559 etwa die Spielergeschichte „Reichtum“, die Todes¬
1471 3517 2676 3602 geschichte „Der Andere“, die blutgierig=schauerliche Ge¬
1470 3571 1983 3631 schichte „Der Witwer“
1981 3583 2708 3642 aber auch die sprühende, heute
1465 3624 2688 3676 bereits sittengeschichtlich wirkende Novelle in Briefen
1463 3665 1984 3734 „Die kleine Komödie“
2010 3676 2683 3743 Schon zeigt sie Schnitzlers
1462 3728 2682 3786 Kunst, in leichtester, graziösester Darstellung ein
1456 3763 2680 3840 Problem zu gestalten. Das Schnitzler=Wort „Vermächt¬
1456 3809 2680 3887 nis“ in der musikalischen Melancholie, wie nur er sie
1466 3864 2695 3955 kannte, bringt man unwillkürlich mit dem Buche in
1463 3902 1768 3972 Verbindung.
2117 3947 2649 4024 Rudolf Holzer.
2530 4007 2867 4067 —
