3248 4096
637 73 1256 158 gruene Kravat
1483 73 1887 175 box 2/6
452 77 607 154 Die
242 85 1458 201 16 D  L ECe
2011 125 2948 206 Das nächstemal erschien Herr Cleophas, wohl¬
1957 180 2938 270 anständig gekleidet wie immer und trug eine
1980 236 2941 298 Krawatte vom schönsten Violett. Als man ihn
1974 276 2935 345 von weitem kommen sah, riefen die Leute
1980 316 2939 393 höhnisch aus: „Da kommt der Herr mit der
1978 366 2391 437 grünen Krawatte!“
2442 406 2945 489 eine Gesellschaft von
2010 422 2452 487 Besonders gab es
1971 462 2941 548 Leuten, der ihre Mittel nichts anderes erlauben,
1966 504 2945 580 als Zwirnsfäden um den Hals zu schlingen.
1975 550 2950 626 Diese erklärten, daß Zwirnsfäden das Eleganteste
1971 595 2945 670 und Vornehmste seien und haßten überhaupt
1973 632 2953 688 alle, die Krawatten trugen mns besonders
1979 685 2947 747 Herrn Cleophas, der immer wohlanständig ge¬
1979 727 2951 789 kleidet war und schönere und besser geknüpfte
1979 779 2952 832 Krawatten trug als irgendeiner. Da schrie ein¬
1981 819 2953 869 mal der Lauteste unter diesen Menschen, als er
1972 854 2768 919 Herrn Cleophas des Weges kommen sa
1984 891 2857 965 Herren mit der grünen Krawatte sind W
1974 943 2942 1019 linge!“ Herr Cleophas kümmerte sich nicht um
1995 981 2556 1070 ihn und ging seines Weges.
2647 1029 2712 1100 emo
2853 1044 2940 1104 ark
2726 1026 2838 1104 im
2025 1028 2618 1102 Als Herr Cleophas das näch
2645 1093 2700 1152 He
1983 1070 2481 1152 spazieren ging, schrie di
1991 1140 2477 1200 Zwirnsfaden um den H
1994 1179 2427 1240 der grünen Krawatte
2666 1216 2760 1281 Achse
1982 1229 2413 1285 schrien mit. Cleophe
2002 1260 2368 1329 dachte, daß es mit
1993 1315 2428 1382 Krawatien trugen, d
1995 1356 2416 1418 müßte. Als er das d
1993 1402 2158 1461 die gan
2182 1402 2409 1457 Menge, al
1994 1449 2497 1508 mit dem Zwirnsfaden
1986 1481 2591 1536 Herren mit der grünen Krawe
1987 1531 2204 1601 mörder!“
2219 1533 2545 1591 Da bemerkte Cl
1683 1526 1828 1614 2
1992 1571 2652 1647 Augen auf ihn gerichtet waren.
1999 1617 2763 1675 sich, daß er auch öfters grüne Krawe
1440 1598 1969 1713 #Vollzeile Nr. 31
1988 1672 2917 1732 tragen hatte, trat auf den Gesellen mit den
1362 1654 1511 1739 7ele
1596 1679 1881 1770 0-43
2004 1709 2928 1760 Zwirnsfaden zu und fragte: „Wen meinen Sie
2850 1750 2937 1807 Da
1998 1756 2759 1807 denn eigentlich? Am Ende mich auch
1268 1773 1912 1884 Prager Tagblatt, Prag
1998 1801 2912 1851 erwiderte jener: „Aber, Herr Cleophas, wi
2022 1832 2874 1890 können Sie glauben? Sie tragen doch
2065 1884 2966 1947 ne grüne Krawatte!“ Und er schüttelte ihm
1602 1864 1759 1964 932
1285 1882 1606 1965 8DEZ
1335 1994 1381 2055 2
1080 1982 1334 2057 Arthur Schn
2308 1987 2936 2084 versicherte ihn seiner Hoch¬
1075 1950 1744 2161 Die Fünse rawate
2309 2074 2888 2172 te und ging. Aber als er sich i
2345 2137 2905 2199 nung befand, klatsche der
1107 2133 1876 2205 Entnommen dem Nachlaßband von Art
2358 2176 2933 2240 virnsfaben in die Hände und
1056 2193 2031 2255 Schnitzler: „Kleine Komödie“, frühe NovellenM
1059 2227 1574 2293 (Verlag S. Fischer, Berlin).
2277 2222 2926 2291 hr, wie er sich getroffen fühlt?
1059 2251 2933 2335 Ein junger Herr namens Cleophas wohnte Wer darf jetzt noch daran zweifeln, daß Cleo¬
2081 2308 2947 2394 ein Wüstling, Dieb und Meuchel¬
1028 2339 1996 2409 zurückgezogen in seinem Hause nah der Stadt.
1025 2350 2256 2449 Eine korgens wandelte ihn die Lust an, unt mörder ist?“
1027 2430 1727 2491 Menschen zu gehen. Da kleidete e
1024 2465 1660 2539 anständig an wie immer, tat e
1023 2514 1618 2581 Krawatte um und begab sich
1178 2560 1223 2592 1
1017 2557 1603 2621 Leute geößten ihn höflich,
1018 2596 1590 2677 die grüne Krawatte vorzügl
1024 2642 1566 2700 und sprachen durch einige
1016 2681 1569 2757 kennung von der grünen
1025 2732 1581 2790 Cleophas. Einige versuchten
1021 2785 1595 2842 und legten grüne Krawatt
1029 2818 1624 2879 freilich waren sie aus gemei
1032 2860 1490 2929 ohre Anmut geknüpft.
1051 2907 1663 2970 Bald darauf machte Herr &
1029 2944 1689 3005 einen Spaziergang durch den P
1026 3003 1721 3056 neuen Gewand, aber mit der gle
1026 3043 1790 3097 Krawatte. Da schüttelten einige bede
1029 3078 1814 3159 Kopf und sagten: „Schon wieder trägt
1008 3126 1951 3197 grüne Krawatte... Er hat wohl keine an
1016 3174 1174 3228 dere
1262 3177 1989 3228 Die etwas nervöser waren, riefen
1020 3212 2008 3290 aus: „Er wird uns noch zur Verzweiflung
1026 3253 1834 3327 bringen mit seiner grünen Krawatte!“
1065 3303 2001 3386 Als Herr Cleophas das nächstemal #n die
1016 3352 1996 3417 Leute ging, trug er eine blaue Krawatte. Da
1019 3400 1996 3465 riefen einige: „Was für eine Idee, plötzlich mit
1017 3438 1967 3503 einer blauen Krawatte daher zu kommen?“
1008 3471 1999 3558 Die Nervöseren aber riefen laut: „Wir sind ge¬
1022 3523 1999 3602 wohnt, ihn mit einer grünen zu sehen!" Wir
1022 3563 1987 3639 brauchen es uns nicht gefallen zu lassen, daß er
1022 3618 1995 3681 heute mit einer blauen erscheint!" Aber manche
1022 3665 1990 3734 waren daher schlau und sagten: „Ah, uns
1025 3704 1995 3766 wird er nicht einreden, daß diese Krawatte
1017 3736 2016 3825 blau ist. Herr Cleophas trägt sie und daher ist!
1011 3789 1241 3874 sie grün.“
