3436 4256
494 135 843 225 Therese
964 134 1353 245 box 6/2
273 138 844 274 35 TS S
1436 737 2476 826 rauchend warteten. Sie begrüßten die Damen mit voll¬
372 745 1413 836 des einen Menschen Therese Fabiani, sondern einen
1437 812 2472 875 endeter Höflichkeit, sahen in ihren Uniformen recht ele¬
376 825 1414 886 ganzen Kulturquerschnitt der Vorkriegszeit aus dieser
1434 854 2488 923 gant aus — vollendete Kavaliere, dachte Therese — und
374 874 1420 949 beklemmenden Nähe. Da ziehen vielerlei Bürgerfamilien
1437 908 2491 973 auf den ersten Blick gefiel ihr der blonde kleine Mensch.
371 920 1420 1006 vorüber, reiche und Mittelständler, Kinder kommen und
1432 967 2491 1018 der Sylvies Geliebter war, viel besser als der andere.
376 966 1425 1046 gehen durch die Hände der Erzieherin, da wird ein
1437 1009 2481 1063 Der war ein hagerer, in seiner Figur an Kasimir To¬
371 1027 1422 1085 Vater, ein Bruder, ein Verwandter oder Bekannter des
1433 1065 2500 1135 bisch erinnernder Mensch mit einem schmalen, fahlen,
368 1065 1427 1138 Hauses ihr Geliebter, nichts ändert sich als die Er¬
1430 1112 1794 1180 etwas geblichem
384 1111 1420 1184 scheinung, die Stellung der Menschen zueinander bleibt
1435 1160 1786 1231 Gesicht, schwar¬
370 1168 1119 1242 immer die gleiche, nah und herzlos.
1435 1214 1792 1282 zem Schnurrbart
368 1218 1417 1289 Dieses Buch ist in der Art, wie es unpathetisch ge¬
1437 1265 1790 1332 und einem Spitz¬
376 1277 1422 1342 macht = Pathos hier als jede Gehobenheit der Sprache,
1436 1316 1787 1384 bärtchen, wie es
387 1324 1425 1389 als literarischer Tick verstanden — und dennoch eine
379 1359 1427 1431 große Dichtung ist, nicht leicht einzuholen, Ich sage
1434 1362 1802 1438 bei österreichi¬
371 1413 1424 1471 das absichtlich, weil betriebsame Köpfe darauf ver¬
1430 1416 1799 1488 schen Freiwilli¬
387 1462 1425 1524 fallen könnten, nach seinem Muster eine literarische
1436 1468 1789 1541 gen und Offizie¬
384 1521 1425 1586 Richtung „Neue Sachlichkeit in der Dichtung“ zu be¬
1435 1519 1788 1589 ren sonst kaum
386 1565 1424 1628 gründen. Das Programm wäre leicht gegeben, nach¬
1438 1572 1788 1638 üblich war, und
377 1611 1423 1677 dem es dem erzählerischen Genie Arthur Schnitzlers
1440 1622 1791 1693 hatte auffallend
385 1667 1423 1729 gelungen ist, den Typus aufzustellen. Warum es aber
1440 1673 1791 1745 schlanke, allzu ma¬
374 1710 1431 1782 nicht gelingen wird, die „Therese“ zum Ausgangspunkt
1430 1717 1792 1790 gere Hände, von
381 1757 1438 1820 einer literarischen Schlagwortrichtung zu machen, das
1432 1770 1803 1846 denen Therese in
375 1805 1432 1886 liegt darin begründet, daß sie eine Distanz zum Stoff¬
1439 1819 1800 1889 einer sonderba¬
388 1850 1431 1921 lichen voraussetzt, die heute, wo die Forderung nach
1450 1872 1792 1938 ren, ihr unbegreif¬
389 1917 1435 1979 Indiskretion und Reportage in der Dichtung erhoben
1446 1915 1794 1988 lichen Weise wie
378 1954 1426 2018 wird, die wenigsten aufzubringen vermögen. Denn so
1434 1970 1796 2039 gebannt war. Man
383 2014 1426 2065 paradox es scheinen mag: diese Chronik, die schein¬
1439 1991 1922 2091 dantie ihr. dag 8
2365 2052 2434 2096 K.
392 2056 1433 2119 bar den rein inhaltlichen Bericht so ausschließlich in
2097 2061 2490 2127 ARTHUR SCHNITZLER
1451 2068 1818 2136 sie gekommen
394 2102 1429 2171 den Vordergrund rückt, gewinnt ihre eminente künst¬
1445 2112 2494 2176 war; Sylvie führte das Gespräch sofort in ihrer flinken
385 2167 1439 2217 lerische Bedeutung erst durch die Gelassenheit, mit der
1452 2164 2491 2223 und lustigen Weise, sie redeten alle französisch, der
392 2200 1443 2265 der Erzähler dem Stofflichen gegenüberstcht. An einer
1437 2214 2504 2275 Blonde sehr geläufig, der andere etwas mühseliger, aber
383 2263 1431 2320 einzigen Stelle begibt sich Schnitzler seiner Objektivi¬
1442 2257 2501 2323 mit einem viel besseren, wenn auch etwes affektierten
383 2305 1435 2379 tät, und diese Stelle ist daher allen Beurteilern des
1452 2305 2503 2381 Akzent. Man ging durch die Hauptallee, aber da gab
385 2358 1444 2418 Buches sogleich aufgefallen: es ist die Stelle, da Therese,
1447 2375 2498 2427 es so viele Menschen — und sie dufteten nicht besonders
387 2406 1435 2474 von den Händen des bösen Sohnes zu Tode gewürgt.
1444 2409 2498 2467 gut, wie der Hagere bemerkte —, und so nahm man bald
386 2457 1434 2516 sich erinnert, daß sie ihm einst bei seiner Geburt ge¬
1455 2457 2493 2528 einen Seitenweg, der unter hohen frühlingsgrünen Bäu¬
385 2503 1447 2573 wünscht hat, er möge sofort sterben. Aus diesem
1456 2509 2507 2573 men in ein stilleres Revier führte. Der Blonde erzählie
392 2551 1448 2621 psychologisch genialen Angelpunkt läßt Schnitzler das
1456 2561 2502 2622 von seinem vorjährigen Aufenthalt in Ungarn, wohin
391 2606 1448 2681 gleichsam metaphysische Schuldgefühl seiner Therese
1460 2613 2508 2671 man ihn zur jagd geladen; Sylvie nannte die Namen
392 2660 1438 2711 entstehen, läßt er den Tod im Muttermord zur mysti¬
1455 2653 2504 2723 einiger Aristokraten, die sie in ihrer letzten Stellung
392 2703 1435 2774 schen Sühne der Gedankensünde werden. Dadurch
1454 2718 2510 2779 kennengelernt hatte, ihr Freund erlaubte sich freche
397 2752 1440 2813 kommt ein magisches Moment, das Gesetz der un¬
1460 2756 2495 2810 Anspielungen, die sie lachend hinnahm und mit ähn¬
392 2786 1448 2860 schaubaren Bindung, einer mystischen Kausalität auch
1455 2801 2506 2871 lichen erwiderte. Der andere, mit Theresen ein wenig
397 2846 1441 2922 in dieses Buch, das durch Schnitzlers ganzes Werk
1458 2853 2502 2923 zurückbleibend, schlug einen ernsteren Ton an, seine
446 2895 1418 2972 — vom „Anatol“ bis zum „Spiel im Morgengrauen“ —
1456 2903 2504 2977 Stimme war leise, klang manchmal wie absichtlich ver¬
399 2938 1443 3025 geht und das ein menschliches Geheimnis offenbart.
1459 2946 2500 3020 schleiert; er hatte das Monokel aus dem Auge fallen
401 2992 1439 3075 wo scheinbar nur karg und gleichgültig ein gewöhn¬
1461 2996 2512 3063 lassen und sah mit einem blasierten Blick unter etwas
388 3046 968 3124 liches Leben berichtet wird.
1458 3043 2517 3128 geröteten Lidern vor sich hin. Er konnte nicht recht
1204 3050 1452 3135 K. H. Ruppel
1450 3102 2512 3183 glauben, daß Therese eine Wienerin sei, eher dächte
1464 3163 2507 3219 man an eine Italienerin, ja eine von den kastanien¬
439 3161 1101 3276 Leseprobe aus
1455 3212 2506 3262 braunen Norditalienerinnen aus der Lombardei. Sie
1457 3249 2511 3312 nickte nicht ohne Stolz; ihr Vater stammte ja wirklich
742 3232 1454 3316 ARTHUR SCHNITZLER: Therese
1464 3302 2499 3374 aus italienischer Familie und ihre Mutter aus kroa¬
904 3306 1444 3380 Chronik eines Frauenlebens
1465 3356 2505 3407 #tischem Adel. Richard wunderte sich, daß sie Erzieherin
401 3344 1449 3422 Als Therese am Morgen des nächsten Sonntags er¬
1469 3395 2517 3466 sei. Es gab doch so viel andere Berufe, die sicher viel
401 3416 1446 3479 wachte und den Himmel mit dunklen Wolken verhängt
1453 3437 2504 3508 besser für sie getaugt hätten; mit ihrer Erscheinung,
407 3459 1453 3525 sah, empfand sie das wie eine Enttäuschung; doch mit¬
1469 3502 2512 3562 ihren strahlenden Augen, ihrem dunklen Organ hätte sie
404 3506 1455 3586 tags heiterte es sich auf, Sylvie holte Therese am frühen
1471 3536 2514 3607 auf der Bühne gewiß ihren Weg gemacht. Und jeden¬
406 3556 1460 3621 Nachmittag ab, und man fuhr zum Praterstern, wo
404 3589 2538 3688 die beiden Herren am Tegetthoffmonument Zigaretten falls blieb es völlig unbegreiflich für ihn, wie man sich
406 3709 544 3854 2
2709 731 3351 824 Energie, Lebensbejahung, Arbei
2724 806 3351 877 unbegrenzte Gefühle der Verehn
2721 851 3356 925 in jedem geistig ringenden M
2723 899 3352 965 einiger Frauen: Dr. Alice Salon
2715 956 3353 1023 zialen Frauenschule Berlin; Dr.
2719 1001 3338 1073 der mediz. Fakultät Berlin; Dr.
2723 1058 3361 1122 philos. Fakultät Wien; Mary All
2720 1097 3355 1171 Frauenpolizei London; Dr. Wo
2716 1163 3348 1226 logie Bern; A. Kollontay, Ges
2725 1204 3355 1280 Schriftstellerin. Allen diesen Frag
2730 1263 3357 1323 das ist sehr auffallend — ist d
2728 1312 3339 1376 für die Gedanken des Friedens
2726 1352 3348 1428 aktive Teilnahme an internationa
2729 1414 3348 1482 gen und am Völkerbund. Selbs
2714 1462 3352 1524 Lebensbeschreibungen reiche I
2727 1515 3357 1569 ohne den warmen Ton menschlig
2722 1554 3350 1622 Das Werk wird so zum aufrütt
2725 1611 3347 1670 für junge Menschen. Unter der
2721 1651 3351 1724 bei, erhält man als Zugabe ein
2735 1702 3352 1781 europäischer Bürgerhäuser des
2724 1752 2958 1822 hunderts.
2716 1840 3104 1927 ALA MESAMGE
