3436 4256
485 132 843 203 Therese
971 112 1354 216 box 6/2
260 125 839 241 35. Jug####
1350 811 1630 882 No. sssssase
805 816 1202 890 Aarsaaseatasgeeassesenssuemmmsartn
569 815 806 892 M. ee.
885 866 1343 924 KE
628 913 1572 1036 Argus Suisse ei International de ia Presse S. A.
768 1003 1418 1071 23, Rue du Rhöne - GENEVE
561 1050 1523 1138 Adr. télégr.: Coupures-Genève — Tél. Stand“
616 1126 1517 1216 Bureau International de coupures de journ
715 1188 1509 1255 Tradactions de et en tontes langues.
876 1244 1376 1294 re
581 1221 736 1299 1——
621 1290 1569 1378 Correspondants dans tontes les grandes villes.
549 1412 1011 1495 Extrait du Journal:
559 1508 795 1587 Adresse:
1507 1521 1673 1603 —
617 1595 1629 1703 Neue preuß. Kreuzzeitung,
840 1684 1409 1762 Berlin, Morgenausgabe
671 1710 1649 1845 Ausschnitt aus der Nummer von VL. 1920
1673 1866 3349 1927 liche Verwendung gefunden, um diese Epoche byzantinischen Kaiser= mit gutem Gelingen
651 1899 1530 1980 Literarische Randbemerkungen.
1693 1912 3351 1962 tums bildhaft klar undg plastisch vor das geistige Auge zu führen. reichlich „romanhafte“
1691 1950 3349 2005 Eine starke Handlung und unerschöpflich sich folgendes Geschehen Schnitzlers finden, hie
538 1958 1703 2025 Peter Dörfler: „Die Schmach des Kreuzes“ Roman, 1. und
1689 1984 3361 2044 hält den Leser bis zur letzten Seite des umfangreichen zwei= wollten, sozusagen an
464 2016 1661 2077 2. Band. Verlag: Josef Kösel u. Friedrich Pustet, München.—
1698 2032 3360 2103 bändigen Romans lückenlos im Banne unvermindert anhaltender gefährden. Da sich di
471 2048 1697 2109 Arthur Schnitzler: „Therese", Chronik eines Frauenlebens.
1689 2070 1965 2139 Spannung.
2900 2067 3354 2139 Vorgeschichte der „Held
471 2091 1000 2162 S. Fischer=Verlag, Berlin.
2905 2113 3363 2173 den Gesamteindruck un
1752 2109 2924 2173 Kurz und gut: „Die Schmach des Kreuzes“ ist ein historischer
549 2123 1711 2183 Die letzten (Dezenntien haben gegen „historische" Romane
2913 2154 3342 2218 schon die mehrfachen
1707 2148 2919 2215 Roman, der es in jeder Beziehung mit den meistgelesenen Werken
466 2178 1699 2235 äußerst mißtrauisch gemacht. Ernüchterte die gewisse Oberlehrer¬
2911 2204 3347 2258 stellung, welche sich ve
1701 2206 2920 2253 seines Genres (Wie beispielshalber Bulwers „Die letzten Tage
464 2216 1704 2273 haftigkeit Felix Dahns schon ziemlich, so legte sich die „Butzen¬
2914 2237 3350 2296 finden. Gut fünfzig Se
1694 2247 2920 2297 von Pompeji“ und Sienkiewicz' „Quo vadis“) aufnehmen kann,
460 2257 1711 2312 scheiben“=Schein= und =Schleimromantik der Julius Wolff u. Co.
2912 2268 3344 2334 dafür, daß der Autor
1696 2286 2925 2350 und sich auch getrost mit jenen in einen Konkurrenzkampf ein¬
459 2304 1706 2358 derart beklemmend auf den ästhetischen Lesemagen, daß daraus
2890 2306 3347 2374 stellung ganz ähnlicher
1701 2321 2004 2393 lassen darf!.
471 2334 1711 2392 eine heftige Verstimmung resultierte, die einen weitestwirkenden
2901 2360 3351 2418 stand zermürbende und
461 2371 1716 2437 Appetitmangel mit sich brachte, gegen den die zwar brave, aber
2907 2395 3339 2453 naheführen wollte, än
457 2417 2915 2478 allzu reizlose Hausmannskost literarischer Köche wie Beyer, Dohse Der Wiener Autor Arthur Schnitzler stand in den letzten
458 2468 3350 2500 nebst Nachbarschaft, in keiner Weise ankommen konnte. Und zu all Jahren wiederholt zur heftigen Debatt Wie immer derlei hätte solche Verdeutlich
2937 2484 3360 2552 Dennoch würde ich
466 2499 2929 2556 der Misere obendrein in letzter Zeit nun noch den modischen publike Debatten, gipfelte auch der Streit um Schnitzler letztlich
459 2539 1707 2599 Historienschmus Feuchtwangerscher „Sachlichkeit“! ... Nein!!
1696 2541 3340 2591 in einen sowohl in Zuspruch als auch in Ablehnung wirr über= formvollsten Romane I
466 2567 3350 2622 Ich für meine Person jedenfalls hatte seit langem und sehr ent# steigertem Geschrei. Inzwischen hat des Lärm im Schnitzler sich rer sehr bedenklicher M
462 2619 3350 2676 schieden jeden Glauben an und jede Hoffnung auf zeitgenössische beruhigt und das allgemeine Interesse sich anderen Dingen zu= deutige Stellungnahme
1704 2640 3359 2714 gekehrt. Doch ist infolge jener Debatte der Wiener Autor in Problemen, die sein B
463 2652 1704 2704 historische Romane verloren. Weniger aus Gründen prinzipieller
464 2694 1711 2762 theoretischer Erwägungen, als vielmehr (und was zumeist viel
2973 2702 3359 2766 Es wäre beispiel
1695 2698 2992 2748 unseren Kreisen seitdem in stärkstem Verruf geblieben. Verruf,
473 2739 1577 2784 intensiver wirkt) aus mehrfachen praktischen Erfahrungen.
1684 2734 3342 2795 der wohl nicht völlig stichhaltig ist insoweit, als man Schnitzler zu sagen, daß das Sch
541 2768 1703 2829 Wie wenig aber solche Erfahrungstatsachen Bestand haben,
1696 2778 3348 2839 niedrige Spekulationen und gesinnungslose Sensationsgier vor= unlösbaren Verknüpfu
470 2822 1696 2877 bewies mir nun ein Buch, das alle meine melancholisch negativen
1694 2816 3352 2877 warf. — Diese gutwillige Beibemerkung bedeutet natürlich keines= sondern daß sich der Ab
461 2849 1695 2924 Erwartungen vollkommen ins höchsterfreulich Positive verkehrte:
1705 2865 3349 2910 wegs eine posthume Zustimmung. Vielmehr bleiben unsere sach= durchaus logischem Ein
459 2898 1613 2965 der Roman „Die Schmach des Kreuzes“ von Peter Dörfler.
1686 2902 3355 2959 lichen Einwände gegen sein Schaffen nach wie vor unvermindert Therese durchaus ihr
552 2947 3357 2984 Vor kurzem erst haben wir des hochbegabten katholischen Er= bestehen, und stehen wir, heute wie gestern, seinem Schaffen mit legung umgeht Schnitzt
465 2989 2974 3054 zählers Dörfler gedacht, der sich — vor allem als ein in seiner prinzipieller Ablehnung gegenüber. Diese Ab= sei¬
3041 2976 3359 3040 die Aufmerksa
471 3025 3341 3071 schwäbischen Heimat tief verwurzelter Volksschriftsteller — längst lehnung fußt auf unversöhnlichen Gegensätzen der Weltanschauung Schicksal ablenkendes —
475 3053 3352 3124 guten Ruf erworben hat. Doch auch historische und historienhafte und Lebensauffassung; braucht aber deswegen doch nicht in per= dem „Milieu“ dieses
466 3098 1703 3155 Stoffe hatten Dörfler schon wiederholt zur Gestaltung gereizt, so,
1691 3096 2921 3159 sönliche Gegnerschaft und feindselig=unkritischen Abspruch zu ent¬
2958 3116 3348 3184 Dieser Mangel an
1690 3138 1856 3209 arten.
462 3137 1695 3203 daß er bereits vor etlichen Jahren einmal in den „Neuen Göttern“
2887 3148 3341 3223 geistiger Fahnenflucht,
467 3174 1711 3235 einen ausgesprochen „historischen“ Roman gab. Das, was Dörfler
1762 3181 3349 3249 Aus dieser Ueberlegung her stehen wir denn auch nicht an, Versehen, ist irgendwie
476 3223 1709 3281 in jenen früheren Arbeiten erhoffen und wünschen ließ, erfüllt
1691 3215 2910 3285 Schnitzlers wirkliche Fähigkeiten anzuerkennen und uns mit ent¬
2902 3241 3352 3300 vielleicht typischste Ver
463 3266 1703 3314 er nun mit diesem seinen jüngsten und auch bestem Buche über
1691 3268 2902 3329 sprechendem Ernste auch mit seinen Arbeiten auseinanderzusetzen.
2900 3278 3337 3341 im allgemeinen auf
471 3309 1708 3367 alles Erwarten. „Die Schmach des Kreuzes“ ist seit sehr, sehr
1691 3318 2916 3363 Sein neuer Roman „Therese. Die Chronik eines Frauenlebens“.
2902 3309 3345 3377 schränkt gebliebenen S
476 3347 1694 3399 langem wieder einmal ein rechter, blutvoller historischer Roman,
1691 3358 3360 3423 bietet dazu Gelegenheit. Er ist sicher eins der besten Bücher geistes) und sicher ent
461 3372 1711 3454 den man mit echter Anteilnahme und aufrichtigstem Vergnügen
1689 3394 3337 3446 Schnitzlers. Geschlossen im Aufbau, scharf konturiert und mit be= nicht, wie bei vielen
471 3428 736 3493 lesen kann.
1683 3433 3349 3495 stechendem technischen Können ausgeführt. Mit Eindringlichkeit bloß äußerlichen Mod
549 3475 3347 3525 Der Roman führt uns zurück in die frühe Zeit des Christen= und Aufrichtigkeit wird das Leben einer Frau erzählt, wird von ganzen Wesenheit bed
476 3521 1698 3574 tums und behandelt die Kämpfe des Kaisers Heraklius gegen die
1690 3515 3349 3580 einem Schicksal berichtet, welches man „alltäglich“ nennen wird, eben ist ein rechter Typ
467 3546 3355 3614 heidnischen Perser und Avaren, seinen heißen, verzweifelten weil es in allen seinen Phasen — so bewegt und unruhvoll diese und innerlichen Unent
470 3592 3343 3653 Kampf um das der Christenheit verlorengegangene heilige Kreuz. zum Teil auch sein mögen — nie so eigentlich über die Sphäre wir dann wieder bei a
474 3641 2636 3686 Eine außergewöhnliche Menge exakten historischen und kultur= des Durchschnittlich=Mittelmäßigen hinauskommt.
2685 3623 3346 3710 Im allge= je gegen Schnitzler er
462 3670 2949 3738 geschichtlichen Wissens hat in dem Werke gefällige und unaufdring= meinen ist das Motiv des Buches: „irgendein“ Leben zu gestalten,
