3436 4256
506 139 859 227 Therese
289 142 857 260 35. And.  9
993 131 1369 245 box 6/2
1418 724 2139 801 Arthur Schnitzler! Therese
863 839 1626 920 und später ins Schreiben von Roma¬
877 916 1627 991 nen, der Bruder Karl, sowie der erste
865 975 1628 1051 Bubencharme entwichen, öd und herz¬
864 1021 1632 1100 los. Das Letzte, was dieser müde
864 1068 1632 1150 Stamm noch in sich birgt an Vitali¬
877 1136 1629 1206 tät, Schönheit und Begabung, konzen¬
868 1186 1632 1264 triert sich in Therese Fabiani. Der
869 1241 1630 1317 Dichter entwirft kein Bild von ihr,
867 1292 1624 1366 und doch weiß man genau, so und so
864 1345 1621 1423 hat Therese als junges Ding aus¬
873 1395 1625 1478 geschaut: nicht eigentlich schön, aber
882 1466 1627 1526 eine überaus reizende Knospe, weiches
876 1505 1633 1577 kastanienbraunes Haar, dunkelglühende
872 1559 1629 1654 Augen, ein Miktelmeertyp, liebesbereit
876 1619 1368 1699 und sehr begehrenswert.
906 1682 1629 1759 Ihr erster Verehrer ist Alfred, ein
880 1730 1627 1817 Schulkolleze ihres Bruders, und mit
875 1792 1632 1859 ihm verlebt sie im Spätsommer die
878 1842 1430 1919 ersten scheuen Liebesstunden.
914 1893 1625 1977 Alfred und Therese saßen auf einer Bank
863 1941 1629 2018 im Grünen; weit dehnte sich die Ebene, die
875 1999 1628 2058 Berge waren fern, ein dumpfes Rauschen
876 2045 1626 2109 klang aus der Stadt herbei ... Alfred
879 2089 1625 2150 und Therese hielten einander umschlungen,
875 2140 1632 2204 Theresens Herz schwoll vor Zärtlichkeit; und
875 2182 1625 2239 wenn sie später dieser ersten Liebe gedachte,
880 2223 1630 2283 war es immer wieder diese Abendstunde,
864 2269 1626 2330 die in ihrem Gedächtnis aufschwebte: sie und
879 2309 1638 2369 er auf einer Bank zwischen Feldern und
870 2353 1639 2432 Wiesen, auf weithingedehnter Ehene, dar¬
2358 2353 2708 2422 Phot. Setzer, Wien
873 2400 1188 2477 über die Nacht.
905 2434 1632 2538 Aber diese liebliche Szene kann The¬
873 2521 1623 2583 rese über ihr wahres Gefühl nicht hin¬
880 2585 1630 2646 wegtäuschen. Sie vermag Alfred nicht
1622 2377 2408 2649 Garn
870 2628 1630 2702 zu lieben, so sehr sie es wünschte und
2410 2618 2699 2759 116
881 2693 1636 2755 so ehrlich sie es manchmal versucht:
872 2737 1640 2808 die Situation reißt sie manchmal hin,
873 2791 1774 2855 aber ihr Blut bleibt stumm und unbetrügbar.
1797 2763 2698 2869 ertappt ihn bei einem Seitensprung und macht
1789 2841 2688 2924 Schluß: mit ihm, mit ihrer verkommenen Fa¬
908 2853 1775 2929 Ganz anders wirkt die Begegnung mit einem
1795 2903 2691 2965 milie und mit ganz Salzburg. Müde und an¬
880 2905 1770 2989 jungen, glattrasierten, eleganten Leutnant auf
1784 2958 2691 3027 geekelt packt sie ihre Sachen und fährt mit dem
883 2975 1780 3045 Blut und Sinne: „. . es war, als wüßte der
1794 3018 2697 3091 Mittagszug nach Wien, in der Absicht, dort
869 3018 1756 3096 mehr, viel mehr von ihr, als Alfred wußte ...“
1790 3066 2698 3151 eine Stellung als Erzieherin oder Kinderfräu¬
874 3070 1782 3138 Und wie er Theresen auf dem Domplatz zum
1796 3120 2103 3193 lein zu suchen.
871 3137 1790 3201 drirtenmal begegnet und sie anspricht, da scheint
1816 3165 2692 3259 Wie wird es dir ergehen, reizende und kapfere
868 3179 1778 3239 es ihr die natürlichste Sache der Welt, daß
876 3238 1784 3308 Max ihr Liebster wird. Abend für Abend
1785 3232 2692 3303 Therese? Die schützenden Sicherungen und
882 3299 1781 3359 schleicht sie nun über die dämmerige Treppe in
1790 3272 2695 3366 Hemmungen der Familie, der Konvention sind
1789 3344 2692 3408 gerissen oder zum mindesten sehr gelockert, sie
872 3344 1789 3413 die Wohnung des Leutnants. Diese Lentnanks¬
1791 3397 2701 3459 hat keine Examen und keinen MTonatswechsel,
871 3403 1774 3471 liebe ist heiß und köstlich, aber rasch ausge¬
875 3445 1785 3522 brannt. Schen im Vorfrühling verflüchtigt
1799 3453 2705 3518 sie ist das Wehrloseste, was es gibt, nämlich
878 3507 1779 3566 sich Theresens Zärtlichkeit, er langweilt sich be¬
1789 3509 2717 3587 eine Tochter aus guter Familie. Vorerst hat sie
872 3561 2722 3622 reits im stillen und sucht Abwechslung. Therese aber nach einigen unerquicklichen Erfahrungen
2583 752 2675 835 317
