3296 4256
503 126 828 206 Therese
261 136 830 234 35: Auneninnunc
966 128 1347 220 box 6/2
2205 785 2585 872 APRIL 1929
931 796 1906 873 CONSTABLES MCNTHEF LIST
940 892 1880 968 Artkur Schnitzler: A Writer Nor the Civilisea (cont.)
976 947 2588 1004 England has, during the last twenty years, had offered to her: Anatol, 7%e
942 997 2585 1048 Road to the Open (Der Weg ins Freie), Casanova’s Homecoming, Beatrice,
932 1039 2586 1109 Frdulein E'se and a few other fragments fromthe huge storchonse of Schnitzler’s
937 1090 2588 1148 dramatie fancy. No one of these works in English made the impression which
938 1138 2591 1193 it deserved, althongh in the main the translations were good, although without
945 1189 1840 1254 exception the original material was superb.
990 1227 2590 1283 Why? Because Schnitzler disconcerts the unsophisticated Anglo-Saxon with
936 1266 2585 1342 his aloof courtesy, his nonchalant sensuality, his absolute refusal to accept the
944 1340 2590 1401 blacks and whites of sin and virtue which, in these backwoods of Great Britain,
943 1382 2588 1429 do duty for social morality. Schnitzler disconcerts. He frightens—with his
941 1416 2595 1476 freedom from prejudice, his wry sense of the cruelty and absurdity of life. And
939 1477 2595 1535 those whose sentimentality has been challenged and bruised will not admit their
933 1516 2594 1567 defeat, but try to shrug Schnitaler aside with the assumed boredom of a pseudo¬
947 1563 2606 1603 worldliness, murmuring that foreigners have queer ideas and that Vienna is not
945 1608 1797 1676 the sort of place they care to read abont.
974 1671 2595 1726 Allof which would be merely ludicrous and of little enough importance to
943 1713 2596 1773 Schnitzler himself, were it not that the various isolated attempts to gain him a
933 1769 2592 1826 public in Eng’and have grievonsly scattered his books and tangled the rights in
942 1812 2597 1872 them to a diflicult extent. Now, after patient negotiations and thanks to the
947 1850 2591 1900 enthusiasm of one firm of publishers in America, of a firm of literary agents in
945 1902 2598 1960 England, and of Constables themnselves¬the tangle has been more or less
948 1954 2604 2007 straightened out. Schnitzler is going to have a clear chance to impose himself
945 2001 2586 2048 on England as the masterof pathos and of bitter-sweet romance, which he surely
948 2035 2589 2089 is. The process munt be gradualat first: Rhupsody was published iast autumn in
943 2083 2588 2148 a lovely edition de luxe; Prdulein Mise will follow suit this autumn in
951 2130 2594 2189 similarly beautiful undress. In between, two volumes will be published—one a
946 2169 2590 2230 nei novel, the other a volume of novelettes —both in regulation commercial form
945 2222 2100 2290 which can be had from the library or bought for 7s. 6d.
987 2258 2597 2342 The novel is now imminent and we give below a brief idea of its content and
944 2322 1873 2396 a reduced representation of its colour-jacket.
982 2373 2599 2443 Next month in Constabte’s Monthly List we will give some of the facts of
948 2426 2593 2479 Schnitzler’s life: later (perhaps the month after) a bibliography of his books;
950 2467 2074 2549 later again a description of the novelettes. And so on.
1000 2526 2602 2586 It will be exciting to see whether this great artist cannot at last come into the
1262 2664 2288 2760 DUE FOR APRIL PUBLICATION
1334 2747 1647 2828 THERESA
1149 2802 1859 2880 The Story of a Woman’s Lise
1074 2874 1931 2966 Bu Arthur Schnitzler. 78. 6d. net.
990 2953 2057 3008 Theresa escapes from the futile depravity of her
951 2990 2053 3058 homne in Salzburg, and makes valiant endeavours to
949 3050 2053 3104 wn her livelihood and independence as a governess
957 3094 2061 3143 i Vienna. She passes from one family to another,
948 3144 2049 3195 ds psendo-mother to one set of children after ancther,
949 3184 2051 3252 Jonly to be cast adrift by her employers as soon as she
962 3234 1403 3296 is no longer needed.
988 3277 2051 3340 Her yoath and charm and zest for life entangle
947 3300 2045 3380 her in many romantie adventures, as a result of
964 3365 2045 3419 which she finds herself the real mother of an
958 3407 2045 3464 illegitimate child, whom she is compelled to neglect
955 3460 2050 3520 in ordertotendthe children of others. The develop¬
949 3498 2131 3570 ment of her relation“ this child is the thread
959 3545 2048 3608 upon which her subsequent adventures are strung,
958 3573 2611 3655 and through it she is drawn into even deeper waters, until finally they close
2337 3635 2610 3705 (April 18)
965 3638 1311 3722 over her head.
1738 3719 1860 3792 (4)
