3296 4256
233 1055 279 1121 Fn
265 128 820 231 35. Therese
457 182 817 257 4 a  2 4 —
316 963 550 1064 ndra plus.
424 1058 535 1117 passé
417 1109 530 1168 nin
960 129 1338 241 box 6/2
1387 908 2528 1015 THIERESE OU LES AMOURS VIENNOISEs. 461
1119 1004 2537 1080 pour disparaitre, parce qu'iln'est pas asses aimé, parce que son
1118 1081 2529 1164 père nele souhailait pas, parce qu'il n’a pas trouvé en naissant
1126 1133 2531 1195 T’atmosphère d’amour qui lui étail plus nécessaire que l’air.
1112 1194 2528 1276 C’est pourquoi il ne fait qu'affleurer un moment, repousse
1104 1239 2543 1327 dans les limbes, “ passé de la nuit à la nuit, naufragé entre
1111 1294 1494 1379 deux néants v.
1188 1368 2535 1434 Ainsi, c’est la pensée qui fait vivre et qui tue. La vie estle
1115 1427 2525 1491 songe d’une ombre. Nul ne fait une si grande place à cette
1112 1467 2533 1545 vérité que l'’auteur des Traumnovelle ou de la Vie en réves.
1113 1544 2538 1627 Dans plusieurs de ses contes, comme l'admirable Fräulein Eise
1117 1603 2535 1681 ou le Lieutenant Gustl, le drame se räduit à un monologue
1114 1650 2521 1741 intérieur: on assiste au tumulte d’images, à la tempéte d’émo¬
1112 1714 2523 1795 tions déchainée par une crise dans un cerveau qui se désa¬
1102 1771 2524 1856 grége. La vie se défait dans une. fantasmagorie, comme le jour
1116 1844 2532 1907 agonise au milieu d’une bousculade de nuées. Atout moment,
1106 1896 2530 1968 chez M. Schnitzler, le songe déborde, envahit, se substitue à
1106 1945 2532 2030 la réalité; on ne distingue plus les bords des choses, le monde
1111 2008 1919 2084 se confond dans une hallucination.
1186 2063 2523 2147 On a parlé à cé propos des théories de Freud. Or le Lieute¬
1106 2125 2525 2194 nant Gustd est de 1901, et ne doit rien aux expériences du
1114 2175 2534 2258 famenx i. venteur de la psychanalyse. Mais la nuance essentielle
1116 2243 2531 2316 qui separe le psychiatre et le romancier, c’est l’angoisse, le
1109 2291 2529 2366 tourment biblique, la terreur du sacré. M. Schnilzler ne
1107 2363 2517 2436 déclame jamais: son intelligence compatissante et prodigieuse¬
1107 2418 2527 2492 ment déliée comprend tout, parait détachée de toute religion
1108 2484 2530 2554 positive et presque de toute morale. Pas une fols il ne bläme
1110 2538 2536 2598 Thérèse, et Thérèse elle-méme ne se reproche pas un moment.
1102 2593 2521 2663 ses innombrables chutes. Sans s’expliquer nulle pari, on sent
1104 2647 2525 2732 bien que le mariage est à ses yeux une convention tout à fait
1098 2719 2508 2775 arbitraire. Les fautes de Thérèse lui semblent tres innocentes:
1099 2762 2515 2831 surprises du ccur ou des sens, fantaisies, faiblesses, erreurs,
1100 2825 2516 2911 jeux de l’amour et du hasard (ou elle est du reste presque tou¬
1096 2886 2524 2952 jours la viclime), toutes ces peccadilles ne lui paraissent que
1099 2950 2513 3002 des bagatelles. Du moins Thérèse n’est pas vicieuse. Ses imper¬
1103 3008 2522 3072 fections sont celles de la nature. II semble que pour l'auteur,
1099 3067 1855 3141 la chair ne soil jamais coupable.
1160 3095 2508 3192 Et cependant il porte presque jusqu’à l’épouvante le scru¬
1091 3195 2527 3251 pule et l’horreur du crime, ou plus exactement le poids, le
1084 3247 2516 3318 joug de cette idée qu'il y a une justice et qu'enfin tout se paie.
1086 3307 2517 3392 Je ne saurais dire's'il croit en Dieu: et il vit, comme au temps
