3296 4256
412 88 1018 152 Perion Pkom
546 134 873 222 ABROAD.
851 255 1040 321 OVER
355 156 835 323 SVpneessios
571 317 839 388 EUROPE.
456 403 960 473 By R. ELLIS ROBERTS.
373 462 1083 538 • The Sleeping Army.“ By Clara
335 504 806 552 Viebig. Benn. 78. 6d.
384 533 1084 604 Red Cavalry.“ Bu J. Babel. Knopf.
340 574 501 630 78/ 6d.
353 606 1082 689 4 Theresa,“ By A. Schnitzler. Con¬
347 634 652 714 stable. 78. 6d.
433 687 1020 744 The Green Banks of Shannon.“
344 728 1078 785 Rosamund Langbridge. Collins. 7s. 6d
373 758 1089 852 German Poland, Soviet Russia,
344 819 1091 897 Schnitzler’s Vienna, even Miss
348 867 1081 936 Langbridge's Treland seem far away
333 914 765 973 from this England.
375 958 1076 1002 Miss Viebig’s story is an industrious
344 987 1091 1035 but uninspired piece of work: it is con¬
341 1018 1086 1074 cerned with an earnest German's efforts
348 1070 1089 1110 to Teutonise what were the Polish pro¬
347 1104 1082 1144 vinces—only the stupid people are syin¬
339 1135 1096 1179 pathetic, and those who are not stupid
354 1177 1080 1213 are only cunning in a low, mean way.
342 1205 1085 1241 But they are cultured and reasonable
346 1230 1093 1300 beside the savages of M. Babel’s short
343 1277 509 1330 stories.
341 1318 806 1395 WAR IN RUSSTA.
371 1376 1093 1445 If M. Babel's stories are popular in
343 1423 1099 1470 Russia, it seems possible that before
346 1455 1094 1509 long there will be a violent re¬
346 1493 1080 1537 vulsion against the brutality, the
343 1530 1088 1576 coarseness, the ignorant intolerance
347 1567 1084 1619 which they exhibit. The author is
353 1587 1096 1646 sternly objectite in his manner—beside
338 1630 1095 1680 his even Maupassant would seem to be
346 1659 1102 1717 biased in favour of his characters.
343 1696 1087 1749 Nearly all the ctories are about the war
353 1729 1092 1794 against Poland, and used as propa¬
340 1779 1093 1810 ganda against war and against revo¬
343 1820 1062 1856 lution they could hardly be excelled.
384 1847 1085 1895 Whether that is M. Babel’s intention,
335 1877 1094 1934 it is impossible to be certain, The
337 1912 1090 1966 translation is idiomatic, but if there
343 1956 1081 2003 is beauty, for instance, in such a story
342 1992 1078 2046 as" Salt,“ it escapes altogether in the
341 2026 1088 2069 English version: nor, indeed, dees
347 2058 1093 2102 Babel anywhere in this book show that
344 2099 1089 2139 he could extract beauty from the tale
340 2135 1087 2181 oflthe murder of a lying woman by an
352 2171 691 2217 ignorant soldier.
337 2208 882 2297 A GLOOMY-NODEL.
371 2274 1096 2338 # Theresa#—why is nbt the date of
337 2330 1086 2366 its origihal appearance given ?—is not
346 2358 1087 2401 one of Schnitzler’s successes. Theresa
341 2392 1085 2444 does have some experiences in her
349 2433 1082 2480 life as a governe that are not sexual
359 2456 1091 2514 or abnormal, bu: Schnitzler hurries
348 2503 1093 2542 over them as his Victorian predecessors
354 2539 1089 2601 would have hurried over or omitted
517 2645 930 2737 6609,144
460 2733 995 2799 has been paid in Free
395 2770 1045 2848 Insurance Claims to Readers
637 2829 795 2880 of the
405 2862 1055 2948 Daily News & Westminster,
456 2942 1006 3018 Record number of 7,068
494 3003 950 3082 claims paid in 1928.
415 3082 1031 3155 2.821 CLAIMS ALREADY
479 3138 960 3220 PAlD THIS YEAR.
345 3231 1091 3291 those on which he dwells. Nothing can
350 3278 1099 3326 disguise the fact that this novel is like
347 3316 1096 3353 a case in n text-book on morbid psy¬
353 3353 1099 3404 chology,than a study in charac¬
345 3386 1086 3429 ter and poor Theresa very early
353 3414 1100 3468 becomes a bore. whose power of tedium
351 3460 1098 3520 is not at all lightened bythe ease with
353 3493 1110 3551 which she slips in and out of illicit re¬
344 3532 610 3582 lationships.
378 3564 1097 3614 It is a pleasure to turn to Miss Lang¬
359 3585 1126 3655 bridge’s stories of peasant life in Tre¬
356 3637 1096 3683 land. Here, too, one occasionally hears
361 3671 1101 3713 the sound of rilles; there is bitterness
363 3708 1095 3754 in Treland,too, and suspicion; but they
360 3744 1110 3799 are not so hopelessly apparent as the
365 3768 1003 3821 dreary squalor of Babel's Russia.
1565 1133 2450 1226 CONSTABEE
1780 1269 2174 1341 The“ Genius'
1743 1336 2250 1391 br TIIEODORE DREISEN
1702 1389 2296 1465 The Last September
1774 1452 2231 1499 bF ELIZABETH BOWEN
1739 1490 2244 1547 Author of Dhe Hotel?' etc.
1636 1561 2343 1619 The Coming ofthe Lord
1682 1604 2291 1659 A STRAH GFRTRUDE MIILIN
1713 1645 2261 1708 Author #f Umg Glenn?' etc.
1657 1698 2315 1784 The Squires Daughter
1871 1765 2161 1813 P. M. MATOR
1635 1795 2340 1854 Author of The Rector’s Dauchter?' etc.
1720 1850 2264 1931 The Path of Glory
1808 1922 2178 1970 br GEORGE BLKI
1705 1955 2266 2011 Author##* Paper Moner“ etc.
1710 2005 2273 2099 The Bride Adorned
1836 2074 2163 2125 „D. I. MURRAT
1750 2111 2207 2167 Juthor of* Disraeli“' etc.
1720 2170 2251 2244 Shepherd of Israch
1775 2229 2201 2281 br. L.EONORA ETI.ES
1674 2263 2301 2330 #a nerel based on the life of Moses
1744 2319 2241 2399 The Transgressor
1764 2378 2264 2428 ANTHIONP RICHARDSON
1674 2429 2300 2492 Luthor of The Burburg Wiech.“ etc.
1726 2476 2245 2551 The Prison House
1781 2546 2186 2600 br D. F. GARDINER
1723 2606 2242 2675 We Areihe Dead
1833 2657 2126 2725 A ANN RETD
1751 2721 2211 2801 Cousin Matthew
1794 2777 2168 2844 br H·4780N DTAI
1789 2844 2186 2911 Little George
1798 2898 2156 2946 br G. P. BRADBY
1755 2936 2219 2995 Author of" Mrs. D“ etc.
1764 3000 2184 3063 Starved Fields
1767 3056 2204 3124 br E. INGLI& JONEN
1616 3192 2150 3280 PTErNC
3138 3433 3300 3493 A
