3484 4256
540 214 859 279 Therese
311 209 875 320 36. nnn
1012 205 1395 306 box 6/2
1611 172 2483 232 Fertes erscheinen, das langher aus einem un¬
1611 189 2511 254 bekannten Quell geflossen ist. Schnitzler reiht
1620 234 2508 304 seinen großen Roman in kurzen, gleichwertig
1608 285 2512 352 hintereinandergesetzten Kapiteln auf: Das
1603 328 2514 379 dem wartenden Sinn Wichtige und das min¬
1603 370 2514 439 der Wichtige wird nicht unterschieden, es wiegt
1601 416 2505 483 gleich schwer vor der finstern Ananke, der Zeit.
1603 467 2500 518 Sein Wert oder Unwert ist, daß es sich zuträgt,
1616 510 2511 565 es hat keine andre Bestimmung als diese und
1607 532 2515 610 so, an jedem Punkte, den Charakter des Not¬
1601 605 1822 668 wendigen.
1669 626 2533 695 Das heißt, an jedem Punkte doch nicht;
1601 684 2509 736 denn wenn in den ersten drei Vierteln des
1603 726 2517 790 Romans dieses Hintereinander, unbekümmert
1605 784 2515 836 um Urteil und Interpretation, durchgeführ!
1622 819 2515 874 wird, im letzten Viertel meldet sich dann der
1619 857 2517 934 Drang, dem reinen Schicksalsablauf nun doch
1608 905 2505 963 einen andern, einen Sinn vom Menschen her
1606 965 2519 1013 unterzulegen; damit verliert der Roman an
1617 1007 2510 1059 chronikhafter Weite der Strömung, wird statio¬
1611 1037 2513 1103 närer und novellistischer und sucht nun nach
1623 1088 2362 1145 Verknüpfung und bewußtem Austrag.
1670 1122 2511 1193 „Therese“ ist die Geschichte einer Frau un¬
1611 1167 2501 1231 ter vielen. Sie wird „Heldin“, nicht wait sie
1618 1224 2516 1283 sondern weil das Leben nicht anders ist und
1620 1262 2520 1337 nur ein wirres Konglomerat von Unbeständig¬
1614 1317 2511 1371 keiten und Halbheiten, nur herauftauchente.
1612 1348 2518 1412 Inseln, die von der Strömung, wenn nicht
1607 1393 2521 1470 heute, so morgen wieder verschwemmt werden.
1615 1449 2515 1496 Alles darin ist nur Ansatz, überholt, bevor es
1606 1485 2523 1553 sich entwickeln kann, weder Versprechungen
1609 1522 2523 1590 noch Leidenschaften halten stand, immer sind
1602 1573 2511 1646 sie dem Nichts so nahe wie dem Etwas
1605 1626 2514 1680 und verschwinden in der verrinnenden
1606 1656 2524 1723 Flut. Tochter eines österreichischen Oberst¬
1614 1704 2525 1767 leutnants, der Vater in Wahnsinn, die Mutter
1608 1757 2518 1808 abseitig, schrullenhaft und gefährlich, der Bru¬
1598 1804 2514 1856 der fremd auf eigenen Wegen, schlägt Therese
1604 1844 2523 1908 Fabiani sich einsam als Erzieherin durchs
1609 1882 2514 1938 Leben; ohne Heimat, scheint diese ihr in irgend¬
1609 1931 2466 1977 einem der Bürgerhäuser, in die ihr Weg s
1609 1977 2415 2036 führt, aufzublühen, einige Wochen späteri
1606 2026 2275 2089 entlassen; ihre „Gleichberechtigung“
1774 2071 2265 2127 m Dienertum, jene rächt
1613 2079 1662 2132 te
1736 2117 2262 2167 mgekehrt; ihre Verbindungn
2196 2163 2231 2201 6
1744 2155 2160 2219 fall, ihre Liebeserlebni
1682 2200 2212 2263 fall; wenn sie Entschlüsse
1604 2246 2229 2305 fortgespült, die Eingebungen ihr
1615 2295 2219 2358 jäher Nachgiebigkeit, die sie ül
1620 2336 2219 2396 chen. Ein Sohn, die Frucht ein
1729 2378 2240 2444 nter ihren Liebesabenteuer
1749 2430 2259 2488 este ist, entartet und verfolg
1746 2468 2373 2536 rpressung, ihre Mutterschaft schwe
1612 2510 2518 2587 wechselndem Nacheinander zwischen Fremd¬
1606 2551 2517 2616 heit, Gleichgültigkeit und Schauder und der
1611 2599 2521 2656 Unverbrüchlichkeit ihrer mütterlichen Liebe.
1611 2648 2513 2713 Das Gemeinsame aller dieser Züge ist: Das
1606 2694 2542 2779 Vergehen, das Verschlungenwerden, das Ge¬
