3296 4256
515 187 836 261 Therese
997 189 1372 277 box 6/2
287 190 962 297 36. 1
1308 571 2489 699 Bücher, die wir empfehlen
1971 678 2933 768 Die Welt allein bildet einen vollkommenen Menschen nicht.
1957 757 2900 820 Das Lesen der besten Schriftsteller muß dazu kommen.
2686 802 2932 868 G. E. LESSING
874 860 1887 913 Theodor Fontanes Werke. Auswahl in 6 Bänden mit
1913 864 2923 929 Theodor Fontane: Balladen, Fahrt in den Spree¬
868 914 1890 965 einer Einleitung von Thomas Mann. Helios-Klaffiker. Verlag
1909 920 2944 970 wald, Die Tragödie im Hause Katte, Der alte
862 952 1887 1000 Philipp Reclam jun. Leipzig. Jeder Band Mk. 2.7g. Leinen.
1910 962 2945 1028 Schadow, Bilder aus England und Schottland.
872 997 1887 1048 Mk. 4. ço. Halbleder. z Doppelbände in Ganzleder je Mk. 10.—.
1910 1022 2944 1063 Ausgewählt und herausgegeben von Dr. Siegmund Hirsch.
1247 1051 1891 1106 Theodor Fontanes Werke treten nun,
1906 1074 2930 1133 Univ.-Bibl. Nr. 69g6— 696o. Verlag Philipp Reclam jun. Leipzig.
1245 1104 1883 1144 J0 Jahre nach seinem Tode, in die Reihe
1911 1111 2784 1162 je Mk. —.40. Geheftet. Je Mk. —.8o. Pappband.
1248 1141 1888 1191 der kostbaren, dauernden Besitztümer des
1906 1160 2939 1212 Wer diese fünf kleinen und doch so geschlossenen und abgerundeten
1249 1186 1887 1242 ganzen deutschen Volkes. Anmut, Lebens¬
1904 1202 2941 1249 Bändchen zusammenstellen konnte, verrät einen sicheren Blick für
1254 1222 1879 1281 wahrheit, hohe Weisheit schließen hier
1910 1244 2935 1286 das Lebendige und doch zeitlos Wertvolle in Fontanes umfang¬
1255 1269 1885 1319 einen in seiner Art einzigen Bund, gesegnet
1912 1289 2952 1336 reichem Werke. Stätten der schottischen und englischen Geschichte
1246 1314 1883 1374 von einem milden, alles verstehenden und
1904 1331 2944 1372 und Fontanes Balladen — das erscheint als eine untrennbare
1244 1355 1881 1406 alles verzeihenden Humor. Was einst als
1904 1380 2941 1415 Einheit. In England entstand bei Fontane der Plan der „Wan¬
1248 1400 1888 1461 kühner Widerspruch gegen die schwach ge¬
1907 1422 2948 1460 derungen durch die Mark Brandenburg“; aus diesen sind bedeu¬
1255 1443 1883 1502 wordene Schönheitelei der Epigonen wie
1906 1468 2946 1520 tende Persönlichkeiten und bevorzugte Landschaften, Muster meister¬
1251 1491 1882 1551 eine Kampfansage wirkte, erscheint nun¬
1917 1509 2940 1569 hafter Schilderungskunst, dargeboten worden. Im ganzen: Eine
1250 1535 1885 1600 mehr als erste, beinahe klassisch ruhige Er¬
1903 1556 2938 1603 hübsche, lebendige Auswahl, Schule und Haus warm zu empfehlen.
1241 1578 1881 1640 füllung realistischer Forderungen. Die
874 1597 1232 1655 Theodor Fontane.
2547 1597 2929 1654 Wilbelm Fronemann.
1243 1628 1881 1678 Auswahl bringt alles, was zum Genuß
1908 1630 2930 1724 Theodor Däubler: Beftrickungen. Novellen. Horen¬
860 1670 1886 1709 und zur geschichtlichen Würdigung in erster Linie dienlich erscheint:
1909 1698 2487 1754 Verlag, Berlin. Mk. g.—. Leinen.
866 1714 1879 1756 die Gedichte, die großen Romane mit Ausnahme des noch unfreien
1904 1733 2945 1794 Der gewaltige Dichter des „Nordlichts“ gibt in diesen beiden
868 1756 1880 1812 Erstlings „Vor dem Sturm“ und des weniger gelungenen „Un¬
1905 1787 2930 1834 autobiographischen Novellen Einblicke in sein Werden: die erste
866 1801 1887 1854 wiederbringlich“ die besten der Novellen. Thomas Manns große
1897 1834 2930 1883 der beiden Skizzen erwuchs der Erinnerung an seine alte Kin¬
866 1856 1886 1905 Einleitung führt wahrhaft in die Tiefe und Weite. Die von
1906 1870 2931 1925 derfrau, um deren Gestalt sich ein eigenartiges Geschlinge von
868 1899 1881 1946 E. R. Weiß besorgte Ausstattung ist, gleich denen der anderen neuen
1910 1914 2937 1972 Katholizismus, Aberglauben und Südzauber rankt; die zweite
866 1939 1882 1989 Klassikerausgaben Reclams, von schlichter, in Material und Druck¬
1906 1967 2931 2014 schildert die Pariser Boheme der Jahrhundertwende, den jungen,
866 1980 1887 2037 form musterhafter Vornehmheit. Prof. Dr. Georg Witkowsei.
1906 2006 2931 2058 damals noch ruhmlosen Dichter und seine Malerfreunde, die der
1895 2050 2938 2092 Hunger in den Bann einer seltsamen, unheimlichen Frau zwingt,
851 2042 1873 2101 C. F. Meyers sämtliche Werke. In 4 Bänden. Heraus¬
1903 2093 2931 2160 einer #gleich phantastischen Närrin und Verkörperung des Bösen
862 2112 1883 2161 gegeben und mit einer biographischen Einleitung verfehen
2671 2133 2925 2200 Ernst Sander.
1902 2132 2123 2197 schle#hin.
859 2149 1883 2201 von Max Rychner. Helios Klafliker. Verlag Philipp Reclam jun.
861 2185 1879 2256 Leipzig. Jeder Band Mk. z.yg. Leinen. Mk. 4.ço. Halbleder.
1908 2174 2933 2251 Athur Schnitzler: Thereie. Chronik eines Frauenlebens.
853 2239 1646 2299 2 Doppelbände in Ganzleder je Mk. 1o. —.
1896 2236 2935 2309 Roman. S. Fischer, Verlag, Berlin. Mk. g. —. Gch. Mk. z.go. Lein.
1911 2293 2584 2348 Es ist schwer, von diesem wundervollen
862 2260 1887 2348 C. F. Meyer unter den Heliosklassikern, herausgegeben von Max,s
858 2331 1884 2391 Rychner, dem Leiter der „Neuen Schweizer Rundschau“ ist ein
1899 2328 2584 2388 Buch ruhig zu sprechen. Da hat man nun
1904 2374 2586 2434 seit Jahrzehnten jedes Werk dieses großen
862 2379 1886 2434 Ereignis, das für sich spricht. Die Verwurzelung im Schweizer
855 2420 1886 2459 Boden und die Berührung mit Persönlichkeiten von europäischer
1908 2423 2580 2472 Dichters gelesen und glaubt, er könne einen
1906 2464 2577 2519 nicht mehr überraschen — und plötzlich
866 2458 1882 2501 Bedeutung sichern dem Heraus gebei den besonderen Blick für das
1898 2506 2577 2560 zaubert er auf 390 Seiten ein stilles und
860 2497 1889 2550 Bleibende und Bedeutende an Meyer. Unverkennbar spricht sich
1904 2550 2567 2611 sehr ruhiges Frauenleben vor uns hin, von
849 2548 1883 2607 dies in der Einführung aus; die Anordnung — zunächst die Dicht¬
1905 2587 2571 2643 einer Tiefe und einer unsäglich späten
858 2591 1888 2649 werke strenggebundner Form, dann die größeren Erzählungen,
1900 2639 2576 2693 Schönheit, daß einem die Tränen kommen.
864 2643 1872 2690 dann die eigentlichen Rovellen und zum Schluß die Meisterstücke —
1897 2681 2579 2731 Dies Buch war für mich das Buch des Jahres.
1574 2678 1886 2737 Chr. Netzle.
858 2684 1575 2748 läßt Meyer allein sprechen. Und das genügt.
2150 2731 2832 2791 Johannes von Guentber. Arthur Schni
857 2752 1882 2829 Roland Bersch-Franz Eberlin: Acht Hüttentage.
1905 2775 2938 2865 Das Käche-Kollwitz-Werk. Mit einer Einführung von
856 2810 1811 2856 Bergstadtverlag W. G. Korn, Breslau. Mk. g.8o. Leinen.
1906 2843 2936 2893 Arthur Bonus. Carl Reißner-Verlag, Dresden. Mk. 11.—. Geb¬
1294 2854 1889 2910 Eine prächtige Synthese eines ski¬
1910 2886 2929 2926 Auf 186 Tafeln eine charakteristische Zusammenfassung des Graphik¬
1306 2896 1885 2955 rechnischen Lehrbuchs und einer Reihe
1907 2923 2930 2995 Werkes und einiger Zeichnungen von Käthe Kollwitz. Das
1294 2939 1885 2989 Sportnovellen und Dichtungen. Keine
1898 2979 2935 3019 Soziale und das Mütterliche geben der Kunst dieser Frau das weite
1294 2985 1883 3050 schulmeisterlich lederne Anweisung für
1896 3023 2924 3074 Ausmaß, das Ethos im eigentlichsten Sinne. Bonus, ein Jahr¬
1299 3031 1882 3091 den Lauf, sondern eine klare, knappe
1898 3065 2927 3104 zehnt selbst Pfarrer, hat es gereizt, in diesem Schaffen der Koll¬
1296 3071 1884 3137 und doch erschöpsend lebendige Zu¬
1899 3104 2928 3156 witz als weiteren Grundzug aufzuzeigen: das Religiöse. In der
1297 3111 1887 3184 sammenstellung der Hauptgrundsätze
1904 3149 2924 3210 Tat, was immer diese Frau gestaltet hat: ihre Radierfolgen von
1296 3170 1873 3210 moderner Lauftechnik. Daneben die
852 3213 1866 3245 Winterwelt mit dem Auge des Malers und Dichters erlebt. —
1898 3241 2935 3292 Mütter und =Kinder, ihre Kriegsholzschnitte, wortlos spricht aus
853 3253 1885 3312 Ein samoser Begleiter auf unserer Skifahrt. Prof. Dr. Altrock.
1899 3280 2404 3337 allem eine innere Frömmigkeit.
2624 3284 2924 3348 Paul Westbeim.
849 3326 1875 3385 Bernard Shaw: Wegweifer für die intelligente Frau
1894 3342 2928 3427 Jofeph von Lauff: Der papierene Aloys. Roman vom
849 3390 1877 3449 zum Sozialismus und Kapitalismus. S. Fischer, Verlag,
1902 3398 2929 3448 Niederrhein. G. Grotesche Verlagsbuchhandlung in Berlin.
857 3434 1777 3480 Berlin. Mk. rz.go. Geheftet. Mk. 16.—. Gebunden.
1902 3446 2578 3492 Mk. g.so. Geheftet. Mk. 7.go. Leinen.
861 3489 1884 3543 Dies ist ein Buch, aus dem man nicht nur alles kennenlernt,
1895 3480 2936 3532 „Alle Jahre wieder kommt der neue Lauff“, singen unsere deutschen
860 3534 1880 3584 was an der Nichtwissenschaft Nationalökonomie wissenswert ist,
1896 3536 2930 3569 Buchhändler regelmäßig vor Weihnachten und freuen sich schon auf
872 3574 1891 3627 sondern auch einen Weg, der aus dem Dickicht dieser sehr heiklen
1896 3579 2917 3628 den Roman des Niederrheinländers. Diesmal hat der „Jupp“,
862 3622 1874 3678 und verwickelten Probleme ins Freie führt; ein Buch voll Weis¬
1902 3626 2933 3662 wie seine Freunde den innerlich nicht alternden Lauff nennen, uns
856 3664 1875 3716 heit, Humanität und Heiterkeit, das Buch eines großen Denkers,
1905 3668 2927 3710 etwas besonders Knusperiges zu Weihnachten beschert: Kindheits¬
861 3708 1879 3749 Schriftstellers und Menschen, das einzige lesbare Buch über dieses
1910 3713 2931 3770 erinnerungen aus seinem geliebten Calcar, bei denen uns, wenn wir
850 3755 1890 3798 Thema, das ich je gelesen habe; alles andere, was heutzutage dar¬
1906 3747 2936 3806 sie lesen, so angenehm mollig ums Herz wird wie ihm, da er sie nieder¬
858 3794 1889 3845 über geschrieben wird, ist ohnmächtiges Ressentimentgelalle mes¬
1900 3797 2929 3854 geschrieben hat. Ich hab' eine Schwäche für den Mann, der so gut
860 3842 1888 3891 quiner Analphabeten oder aufgeblasenes Kauderwelsch hirnloser
1913 3845 2938 3888 und warm erzählen kann, und setz' mich gern an sein Kaminfeuer, das
845 3881 1141 3936 Bücherwürmer.
1911 3885 2927 3929 nach Tannenzapfen und Christbaum duftet. Herbert Eulenberg.
1539 3883 1882 3957 Dr. Egon Friedell.
