3532 4256
549 90 1621 147 wenn man überlegt, daß Schnitzler als Arzt begonnen hat.
541 123 1627 180 Daß er Zeit seines Lebens auch als Dichter diese ärztliche
538 165 1625 228 Herkunft nie verleugnen kann, immer Diagnostiker,
536 206 1628 261 Psychologe blieb. Und dieser Umstand macht seine Dich¬
526 237 1620 307 tung noch wertvoller: weil man wohl behaupten kann,
530 269 1627 344 daß seine Gestalten, ihr äußeres, aber mehr noch ihr
541 310 1631 372 inneres Leben, zwar von dichtevischer Phantasie umrahmt,
539 347 1624 423 aber doch nicht völlig von ihr erfunden sind. Denn ein
531 397 1629 458 Roman, eine Novelle muß heute, falls nicht nur Unter¬
523 434 1631 499 haltungszwecke verfolgt sind, bildend sein und darum
530 463 1625 511 lebenswahr und wissenschaftlich fundiert, sie muß eine
526 507 1627 574 Wissensquelle darstellen. Das wird bei Schnitzler garan¬
522 545 1629 610 tiert durch seine Herkunft. Sie macht es für ihn zur
525 587 1619 647 Notwendigkeit, sich mit der menschlichen Seele nicht nur
530 615 1626 695 vom Standpunkte der Dichtung, sondern auch der Wissen¬
531 655 965 712 schaft zu beschäftigen.
630 699 1617 762 Seine Entwicklung ist in dieser Hinsicht der Tschechows
529 731 1624 798 gleich: beide kommen vom ärztlichen Beruf, für beide
533 783 1628 840 bildet die Welt „das weite Land der Seele". Immer
525 813 1622 859 handelt es sich bei ihnen um Aufdeckung, Erklärung
519 844 1618 917 innerster menschlicher Zusammenhänge und Regungen.
517 889 1597 943 Specht formuliert es dahin: „Immer wieder Ausblicke —
524 936 1610 1000 auch in scheinbar nichtigen Stofflichkeiten — ins Geistige,
524 970 1280 1024 ins Ewigmenschliche, ins Ewigtierische.“
608 1008 1618 1067 So wird aber erklärlich, warum für Schnitzler und
513 1052 1603 1109 Tschechow — und in gewissem Sinne auch für Maupassant,
522 1095 1614 1147 der mit ihnen zwar nicht Herkunft, aber Ziel gemeinsam
524 1121 1616 1183 hat — die Form der Novelle naturgemäßer war. Die
530 1159 1612 1221 feingezeichneten Bilder, die sie entwarfen, vertragen keine
519 1200 1606 1259 großen Flächen. Großangelegte Weltbilder dürfen auf
521 1234 1617 1300 1000 Seiten gemalt werden: Seelenporträts, in denen
525 1264 1610 1320 jeder kleinste Charakterzug mit gleicher Deutlichkeit her¬
522 1320 1603 1377 vorgezaubert werden soll, verlieren auf langen Wänden
516 1362 1606 1413 den Zusammenhang, stören die Einheitlichkeit des
514 1388 755 1438 Ausdrucks.
580 1430 1604 1475 Damit ist der einzige Vorwurf ausgesprochen, den man
517 1467 1608 1529 Schnitzler wegen seines neuen Romans machen kann. Die
511 1511 1617 1568 400 Seiten, auf denen das Schicksal und die Entwicklung
507 1550 1619 1599 seiner Heldin dargelegt wird, ermüden sicherlich ein wenig.
511 1590 1608 1632 Manches in diesem Buche wäre in kürzerer Fassung von
510 1630 1619 1689 größerer Eindruckskraft gewesen. Und dennoch: wie diese
503 1667 1609 1721 Frau triebhaft ihren ersten Fehler begeht, wie sie zu über¬
502 1715 1610 1755 winden versucht und ihr inneres Leben von aller Erotik
507 1753 1602 1793 zu trennen bemüht ist, wie sie trotz alledem immer irgend¬
506 1787 1611 1838 wie rein bleibt; wie ihr Lebensweg immer hoffnungsloser
510 1836 1609 1887 und einsamer wird und sie dennoch nie den Mut und die
502 1865 1612 1928 Lebenskraft verliert, weiterarbeitet, vorwärts zu schreiten
501 1906 1597 1971 versucht, durchaus ohne Leichtsinn, eher zu stolz und zu
503 1949 1606 2007 schwer; wie schließlich alles für sie zur Enttänschung wird,
513 1990 1604 2045 ihre Liebe zu ihren Schülerinnen, zu den Männern, zu
517 2027 1609 2069 ihrem eigenen Kinde: das alles ist wundervoll gesehen, noch
506 2065 1603 2121 herrlicher dargestellt. Es ist in ihr so ein vergebliches
504 2104 1597 2154 Ringen nach Glück und Befriedigung, dem sich die Welt, die
503 2142 1616 2202 Konvention und nicht zuletzt ihr eigenstes Wesen widersetzt.
504 2178 1601 2242 Es ist ein resignierter, geradezu verklärter Ernst in dieser
505 2214 1599 2280 Frau, etwas ewig Jungfräuliches, und ihr Daseinskampf
506 2250 1598 2330 zeigt am Ende etwas durchaus Edles, Duldsames, das sie
498 2291 727 2352 freispricht.
587 2338 1606 2394 Mehr als in anderen Schnitzlerschen Werken werden
501 2357 1605 2436 soziale Probleme gestreift, tendenzlos, sachlich, objektiv. Und
511 2420 1603 2474 das Milien, das Vorkriegs=Wien, hat etwas durchaus
507 2454 1608 2511 Heutiges; es ist wenig von der vorgeworfenen Romantik des
501 2499 1601 2549 „süßen Mädels“ in diesem Buche. Vor allem ist dieser
501 2539 1601 2597 Roman echt, glaubhaft in jeder Gestalt, die in ihm eine
501 2571 1604 2632 Rolle zu spielen hat. Und er ist wichtig zur Erkenntnis der
498 2613 1609 2676 heutigen Frauenpsyche, die mehr denn je wesentlichstes
503 2649 1601 2697 modernes Problem wurde. Zum Problem der verselb¬
496 2684 1598 2736 ständigten Frau von heute, die in jeder, auch in erotischer
498 2715 1591 2791 Beziehung zur Freiheit gelangt ist, muß dieses Buch ein
495 2763 1062 2833 bedeutungsvoller Beitrag sein.
1053 2808 1523 2874 Hanns Herrland.
2100 132 2431 205 Therese
2582 130 2949 214 box 6/2
1879 127 2428 240 35. M
2629 577 2925 645 Ne. AL•-
2072 613 2535 744 n  eunamune
2141 683 2421 777 —
1908 663 2853 882 e tin d Mrnsienebfem i1
2116 767 2720 914 a ne din Wone — Ober
1899 789 2909 996 en ee Rase
1955 873 2907 1068 den seren e en a u
2086 944 2847 1090 Wersien re en Pene londen.
1999 1037 2940 1231 Sereeten e e an un
2529 1190 3010 1273 Taohe Zeitung
1901 1214 2512 1315 Zeitung: lgdevur
2475 1251 2841 1346 Da gde burg
2517 1339 2826 1455 .A06. 1028
1898 1393 2160 1488 Da tum:
2016 1411 3137 1519 =  PeePereeea n#
2026 1562 2810 1643 WARTHUR SCHMITZLER:
2182 1630 2912 1706 „THERESE“. CHRONIK
2175 1696 2923 1781 EINES FRAUENLEBENS.
2067 1749 2539 1822 S. Fischer-Verlag, Berlin.
2122 1824 2916 1865 Schnitzler hat schon in seiner psycho¬
2074 1864 2917 1902 analytischen Studie „Fräulein Eise“ den
2088 1899 2910 1943 Versuch gemacht, ein Frauenleben rein be¬
2073 1936 2902 1983 obachtend zu verfolgen und in seinen ih“.
2073 1980 2919 2028 zwangsläuig erscheinenden Phasen abrolle
2077 2021 2915 2067 zu lassen.) Das, größere-Buch mit anderem
2082 2059 2924 2095 Mädchennamen' ist im Grunde genommen
2083 2092 2926 2135 ähnlich. Nur, daß sich hier auf ein Leben
2070 2125 2931 2192 bezicht, was damals nur die Wochen eines
2076 2164 2918 2223 Sommerfrischenspiels umspannte. Nun kann
2083 2215 2922 2261 solche halbwissenschaftliche Chronikführung
2076 2240 2929 2301 ja kaum ein Roman sein. Aber sie gibt sich
2086 2291 2925 2330 äußerlich so. Dafür ist aber der Ablauf der
2083 2327 2923 2369 Geschehnisse zu sehr Tatsachenbericht,
2083 2364 2929 2415 „Material“, als daß man gepackt oder gar
2077 2408 2920 2452 mitgerissen werden könnte. Soweit ist das
2082 2441 2919 2491 Buch mißglückt. Als Bericht und Analyse
2083 2484 2927 2531 eines Arztes mag es. gelten. — Die Tochter
2086 2515 2929 2576 eines höheren Offiziers verliebt sich, gibt
2076 2552 2933 2613 sich dem, jenem. Flicht aus der Misere des
2082 2604 2923 2652 Elternhauses, wird Erzieherin in Wiener
2083 2625 2930 2691 Familien, erlebt dies und das mit Männern
2074 2677 2933 2723 jeder Art. (Vielleicht etwas reichlich, aber
2085 2722 2919 2767 das mag im Naturell liegen, von dem auch
2091 2754 2932 2807 wieder nuf berichtet wird, ohne daß man
2084 2783 2922 2833 eigentlich zu den Seelenregungen selbst vor¬
2087 2833 2926 2872 zudringen vermag.) Eine Zeitlang folgt man
2080 2870 2932 2911 mit mäßigem Anteil. dann wird man peinlich
2080 2906 2934 2957 und immer peinlicher berührt von der Fülle
2084 2949 2925 2994 kleinlicher Geschehnisse, die immer und
2077 2985 2924 3035 immer wieder als Umrahmung der Lebens¬
2078 3017 2929 3069 jahre vorgetragen werden, die dieses un¬
2085 3065 2935 3114 glückliche Mädchen in Dutzenden von Stel¬
2082 3103 2926 3152 lungen zubringt. Nichts bleibt erspart. Jede
2085 3137 2933 3188 Familie. Mann und Welb und soundsoviel
2081 3180 2926 3219 Kinder, werden sorgfältig vorgetragen. Jede
2086 3209 2926 3267 Sommerreise. Und jede neue Qual, die
2094 3251 2928 3295 Therese mit ihrem verheimlichten unche¬
2090 3293 2931 3344 lichen Kinde hat. Hätte das Buch weniger
2244 3329 2931 3382 #n, es würde weniger verwirren und
2212 3369 2923 3425 Echen. Man würde dann auch ein
2177 3406 2930 3466 #eres Miterleben und gesteigertes Mit¬
2086 3438 2926 3490 # mit den letzten Lebensjahren der
2164 3483 2932 3540 nden gewinnen, die als armselige
2157 3525 2932 3576 chlehrerin von ihrem verkommenen
2139 3543 2928 3600 un beraubt und ermordet wird. Hier allein
2087 3601 2931 3643 ein romanartiges. „literarisches“ M v: Der,
2085 3632 2926 3688 dessen Kommen sie nicht wünscht dessen
2091 3669 2922 3733 Tod sie in ihrer „schweren Stund. erflehte,
2090 3706 2929 3770 nimmt ihr das Leben. Also bei aller analy¬
2089 3756 2922 3797 tisch-Chronologischer Darstellung doch so
2095 3780 2940 3843 eine Art „Moral“. Was dem Schluß eine
2115 3838 2931 3901 — nicht unangenehm empfundene — Disso¬
2069 3863 2315 3922 nanz gibt.
