<?xml version="1.0" encoding="UTF-8" standalone="yes"?>
<PcGts xmlns="http://schema.primaresearch.org/PAGE/gts/pagecontent/2013-07-15" xmlns:xsi="http://www.w3.org/2001/XMLSchema-instance" xsi:schemaLocation="http://schema.primaresearch.org/PAGE/gts/pagecontent/2013-07-15 http://schema.primaresearch.org/PAGE/gts/pagecontent/2013-07-15/pagecontent.xsd">
    <Metadata>
        <Creator>prov=University of Rostock/Institute of Mathematics/CITlab/Gundram Leifert/gundram.leifert@uni-rostock.de:name=ONB_Newseye_GT_M1+(htr_id=10810)::::v=2.4.2
prov=University of Rostock/Institute of Mathematics/CITlab/Tobias Gruening/tobias.gruening@uni-rostock.de:name=de.uros.citlab.module.baseline2polygon.B2PSeamMultiOriented:v=2.4.2
prov=University of Rostock/Institute of Mathematics/CITlab/Tobias Gruening/tobias.gruening@uni-rostock.de:name=/mnt/transkribus/LA/DEA/URO/LA_news_onb_att.pb:de.uros.citlab.segmentation.CITlab_LA_ML:v=2.4.2
Transkribus</Creator>
        <Created>2019-10-07T10:23:14.159+02:00</Created>
        <LastChange>2019-10-07T16:16:38.155+02:00</LastChange>
        <TranskribusMetadata docId="223886" pageId="9490979" pageNr="2" tsid="16390150" status="IN_PROGRESS" userId="40391" imgUrl="https://files.transkribus.eu/Get?id=NSWZFBESXDCDTYLJKQIMFCTO&amp;fileType=view" xmlUrl="https://files.transkribus.eu/Get?id=ZKRIFTAMQZVYJZDOAWEWDMNK" imageId="6181267"/>
    </Metadata>
    <Page imageFilename="223886_0002.jpeg" imageWidth="3436" imageHeight="4256">
        <ReadingOrder>
            <OrderedGroup id="ro_1711446319894" caption="Regions reading order">
                <RegionRefIndexed index="0" regionRef="r1"/>
            </OrderedGroup>
        </ReadingOrder>
        <TextRegion orientation="0.0" id="r1" custom="readingOrder {index:0;}">
            <Coords points="308,203 308,3412 3378,3412 3378,203"/>
            <TextLine id="r1l1" custom="readingOrder {index:0;}">
                <Coords points="527,232 708,232 764,245 869,223 868,171 796,185 779,172 736,182 700,170 618,188 578,162 555,175 526,169"/>
                <Baseline points="543,228 568,228 594,228 620,227 645,227 671,226 697,226 722,225 748,225 774,224 799,224 825,224 851,225"/>
                <TextEquiv>
                    <Unicode>Therese</Unicode>
                </TextEquiv>
            </TextLine>
            <TextLine id="r1l2" custom="readingOrder {index:1;}">
                <Coords points="996,221 1022,221 1045,245 1107,251 1127,238 1147,255 1196,219 1278,255 1311,236 1390,246 1390,177 1338,164 1210,163 1131,186 1108,172 1071,185 1039,159 996,172"/>
                <Baseline points="1011,224 1037,226 1063,227 1089,228 1115,229 1141,230 1167,230 1193,230 1219,230 1245,230 1271,229 1297,229 1323,228 1349,227 1375,227"/>
                <TextEquiv>
                    <Unicode>box 6/2</Unicode>
                </TextEquiv>
            </TextLine>
            <TextLine id="r1l3" custom="readingOrder {index:2;}">
                <Coords points="291,257 423,241 527,275 715,258 787,284 830,255 982,241 984,198 611,222 454,210 383,158 293,194"/>
                <Baseline points="308,223 340,226 373,229 406,232 439,235 472,238 505,241 537,243 570,246 603,248 636,250 669,251 702,252 735,252 767,252 800,252 833,251 866,249 899,246 932,244 965,240"/>
                <TextEquiv>
                    <Unicode>35. Ine1e5.</Unicode>
                </TextEquiv>
            </TextLine>
            <TextLine id="r1l4" custom="readingOrder {index:3;}">
                <Coords points="3064,1039 3110,1043 3117,1050 3165,1027 3175,1034 3185,1026 3205,1039 3235,1037 3231,968 3215,969 3183,994 3167,994 3156,985 3150,992 3127,993 3115,1007 3088,998 3062,1000"/>
                <Baseline points="3080,1038 3107,1037 3135,1036 3163,1035 3191,1033 3219,1031"/>
                <TextEquiv>
                    <Unicode>p</Unicode>
                </TextEquiv>
            </TextLine>
            <TextLine id="r1l5" custom="readingOrder {index:4;}">
                <Coords points="1969,1076 3051,1077 3054,994 2617,1034 2133,1002 1969,1043"/>
                <Baseline points="1986,1071 2038,1070 2091,1070 2143,1070 2196,1070 2249,1070 2301,1069 2354,1069 2406,1069 2459,1069 2512,1068 2564,1068 2617,1068 2669,1067 2722,1066 2775,1066 2827,1065 2880,1064 2932,1063 2985,1062 3038,1061"/>
                <TextEquiv>
                    <Unicode>Brode man eint Ansicht den en 2o, ckeiten d.s</Unicode>
                </TextEquiv>
            </TextLine>
            <TextLine id="r1l6" custom="readingOrder {index:5;}">
                <Coords points="3063,1097 3181,1103 3207,1087 3234,1100 3260,1090 3385,1093 3385,1027 3332,1027 3299,1050 3273,1050 3243,1027 3220,1037 3164,1028 3125,1044 3062,1038"/>
                <Baseline points="3078,1085 3104,1086 3131,1086 3157,1086 3184,1086 3210,1086 3237,1086 3263,1086 3290,1086 3316,1085 3343,1085 3370,1084"/>
                <TextEquiv>
                    <Unicode>Radikätgozalist</Unicode>
                </TextEquiv>
            </TextLine>
            <TextLine id="r1l7" custom="readingOrder {index:6;}">
                <Coords points="692,1091 1885,1110 1885,1031 1783,1067 1441,1025 1231,1064 692,1032"/>
                <Baseline points="709,1095 770,1094 831,1094 892,1094 953,1094 1014,1094 1075,1095 1136,1095 1197,1095 1258,1096 1319,1096 1380,1096 1441,1096 1502,1096 1563,1095 1624,1095 1685,1094 1746,1093 1807,1092 1868,1090"/>
                <TextEquiv>
                    <Unicode> fügungen bemerkt, die gleichfalls geeignet sein uönnen, die</Unicode>
                </TextEquiv>
            </TextLine>
            <TextLine id="r1l8" custom="readingOrder {index:7;}">
                <Coords points="1885,1123 2917,1127 3055,1120 3055,1077 1884,1077"/>
                <Baseline points="1902,1116 1958,1117 2015,1117 2072,1118 2129,1118 2186,1118 2242,1118 2299,1118 2356,1118 2413,1118 2470,1117 2526,1117 2583,1116 2640,1116 2697,1115 2754,1114 2810,1114 2867,1113 2924,1112 2981,1111 3038,1110"/>
                <TextEquiv>
                    <Unicode>22. und 29. April zu äußern wagt, muß man wohl gewisse</Unicode>
                </TextEquiv>
            </TextLine>
            <TextLine id="r1l9" custom="readingOrder {index:8;}">
                <Coords points="3059,1141 3148,1140 3167,1129 3243,1148 3269,1134 3381,1142 3380,1093 3058,1092"/>
                <Baseline points="3074,1131 3100,1132 3126,1133 3153,1133 3179,1133 3205,1132 3232,1132 3258,1131 3284,1130 3311,1129 3337,1128 3364,1128"/>
                <TextEquiv>
                    <Unicode>man Linksrep</Unicode>
                </TextEquiv>
            </TextLine>
            <TextLine id="r1l10" custom="readingOrder {index:9;}">
                <Coords points="687,1127 937,1165 1700,1154 1884,1134 1884,1094 686,1090"/>
                <Baseline points="703,1138 761,1138 819,1138 877,1138 936,1138 994,1138 1052,1138 1110,1139 1169,1139 1227,1139 1285,1139 1343,1139 1402,1139 1460,1139 1518,1139 1576,1138 1635,1138 1693,1137 1751,1136 1809,1134 1868,1132"/>
                <TextEquiv>
                    <Unicode>Reibungsfläche zwischen den beiden Staaten zu ver¬</Unicode>
                </TextEquiv>
            </TextLine>
            <TextLine id="r1l11" custom="readingOrder {index:10;}">
                <Coords points="1882,1164 3056,1174 3059,1118 1881,1121"/>
                <Baseline points="1899,1168 1956,1167 2013,1167 2070,1167 2127,1166 2185,1166 2242,1166 2299,1166 2356,1165 2413,1165 2471,1164 2528,1164 2585,1164 2642,1163 2699,1162 2757,1161 2814,1161 2871,1160 2928,1159 2985,1158 3043,1156"/>
                <TextEquiv>
                    <Unicode>Umstände in hohem Grad berücksichtigen. Der wichtigste</Unicode>
                </TextEquiv>
            </TextLine>
            <TextLine id="r1l12" custom="readingOrder {index:11;}">
                <Coords points="3050,1183 3096,1192 3138,1180 3162,1190 3208,1181 3221,1191 3247,1177 3369,1179 3367,1130 3272,1133 3249,1147 3189,1133 3180,1140 3170,1130 3048,1137"/>
                <Baseline points="3067,1179 3092,1179 3118,1179 3144,1178 3170,1178 3196,1177 3221,1177 3247,1176 3273,1175 3299,1173 3325,1171 3351,1169"/>
                <TextEquiv>
                    <Unicode>ständnis. Und</Unicode>
                </TextEquiv>
            </TextLine>
            <TextLine id="r1l13" custom="readingOrder {index:12;}">
                <Coords points="700,1205 1887,1196 1887,1143 700,1146"/>
                <Baseline points="717,1181 774,1182 832,1183 889,1184 947,1185 1005,1186 1062,1186 1120,1186 1178,1186 1235,1186 1293,1186 1351,1186 1408,1185 1466,1185 1524,1184 1581,1184 1639,1183 1697,1182 1754,1181 1812,1180 1870,1179"/>
                <TextEquiv>
                    <Unicode>ringern. So hat das Innenministerium allen Verwaltungs¬</Unicode>
                </TextEquiv>
            </TextLine>
            <TextLine id="r1l14" custom="readingOrder {index:13;}">
                <Coords points="1879,1219 3056,1202 3017,1160 1879,1164"/>
                <Baseline points="1896,1215 1953,1213 2010,1213 2067,1212 2124,1211 2182,1211 2239,1210 2296,1210 2353,1210 2410,1209 2468,1209 2525,1209 2582,1208 2639,1208 2696,1208 2754,1207 2811,1206 2868,1205 2925,1204 2982,1203 3040,1201"/>
                <TextEquiv>
                    <Unicode>ist, daß die Wahlart neu ist, oder vielmehr daß der franzö¬</Unicode>
                </TextEquiv>
            </TextLine>
            <TextLine id="r1l15" custom="readingOrder {index:14;}">
                <Coords points="3051,1230 3140,1238 3179,1224 3216,1236 3268,1222 3292,1241 3308,1224 3351,1239 3387,1229 3385,1173 3317,1184 3198,1180 3166,1194 3152,1181 3093,1193 3050,1184"/>
                <Baseline points="3067,1225 3092,1226 3117,1227 3143,1226 3168,1226 3193,1225 3219,1224 3244,1223 3269,1223 3295,1221 3320,1221 3345,1221 3371,1221"/>
                <TextEquiv>
                    <Unicode>weil ihre Prog</Unicode>
                </TextEquiv>
            </TextLine>
            <TextLine id="r1l16" custom="readingOrder {index:15;}">
                <Coords points="702,1234 1876,1239 1876,1183 1820,1180 702,1185"/>
                <Baseline points="717,1228 774,1230 831,1232 888,1233 945,1234 1003,1235 1060,1236 1117,1236 1174,1236 1231,1235 1289,1235 1346,1234 1403,1233 1460,1233 1517,1232 1575,1231 1632,1230 1689,1229 1746,1229 1803,1228 1861,1228"/>
                <TextEquiv>
                    <Unicode>behörden in den Grenzgebieten die Weisung zuteil werden lassen,</Unicode>
                </TextEquiv>
            </TextLine>
            <TextLine id="r1l17" custom="readingOrder {index:16;}">
                <Coords points="1884,1267 3055,1262 3054,1206 1884,1218"/>
                <Baseline points="1901,1261 1960,1259 2020,1258 2080,1257 2140,1256 2200,1256 2260,1255 2320,1255 2380,1254 2440,1254 2500,1254 2560,1253 2620,1253 2680,1252 2740,1252 2800,1251 2860,1250 2920,1249 2980,1247 3040,1246"/>
                <TextEquiv>
                    <Unicode>sische Wähler zu einem Wahlsystem zurückkehrt, das man</Unicode>
                </TextEquiv>
            </TextLine>
            <TextLine id="r1l18" custom="readingOrder {index:17;}">
                <Coords points="3054,1270 3103,1285 3165,1267 3222,1283 3383,1273 3381,1210 3358,1207 3323,1235 3306,1225 3290,1239 3270,1222 3053,1240"/>
                <Baseline points="3069,1270 3096,1270 3123,1270 3150,1270 3177,1269 3204,1269 3231,1268 3258,1268 3285,1267 3312,1266 3339,1265 3367,1263"/>
                <TextEquiv>
                    <Unicode>ihre Organisatig</Unicode>
                </TextEquiv>
            </TextLine>
            <TextLine id="r1l19" custom="readingOrder {index:18;}">
                <Coords points="693,1273 1883,1278 1863,1229 693,1230"/>
                <Baseline points="710,1276 767,1277 825,1278 883,1279 941,1279 999,1280 1057,1280 1115,1280 1173,1280 1231,1280 1289,1280 1346,1279 1404,1279 1462,1278 1520,1278 1578,1277 1636,1276 1694,1275 1752,1274 1810,1273 1868,1272"/>
                <TextEquiv>
                    <Unicode> die bulgarischen Emigranten, die sich noch in den</Unicode>
                </TextEquiv>
            </TextLine>
            <TextLine id="r1l20" custom="readingOrder {index:19;}">
                <Coords points="1880,1304 3047,1311 3057,1261 1879,1268"/>
                <Baseline points="1897,1307 1954,1305 2011,1304 2068,1302 2125,1301 2182,1300 2239,1299 2296,1299 2353,1298 2410,1298 2468,1298 2525,1298 2582,1298 2639,1297 2696,1297 2753,1296 2810,1295 2867,1294 2924,1293 2981,1291 3039,1288"/>
                <TextEquiv>
                    <Unicode>ihm abgewöhnt hat. Bei der enormen Zahl von Kandidaten</Unicode>
                </TextEquiv>
            </TextLine>
            <TextLine id="r1l21" custom="readingOrder {index:20;}">
                <Coords points="3065,1321 3154,1329 3196,1318 3253,1330 3272,1309 3295,1325 3381,1320 3380,1271 3241,1264 3179,1279 3162,1266 3143,1280 3064,1272"/>
                <Baseline points="3082,1318 3107,1317 3133,1317 3159,1316 3184,1316 3210,1315 3236,1315 3262,1314 3287,1313 3313,1312 3339,1312 3365,1311"/>
                <TextEquiv>
                    <Unicode>gearbeitet haber</Unicode>
                </TextEquiv>
            </TextLine>
            <TextLine id="r1l22" custom="readingOrder {index:21;}">
                <Coords points="699,1333 1646,1339 1873,1321 1873,1282 699,1283"/>
                <Baseline points="714,1321 771,1322 828,1322 885,1322 942,1323 1000,1323 1057,1323 1114,1323 1171,1323 1228,1323 1286,1323 1343,1322 1400,1322 1457,1322 1514,1321 1572,1321 1629,1320 1686,1319 1743,1319 1800,1318 1858,1316"/>
                <TextEquiv>
                    <Unicode>Grenzgebieten aufhalten, sofort in das Landinnere</Unicode>
                </TextEquiv>
            </TextLine>
            <TextLine id="r1l23" custom="readingOrder {index:22;}">
                <Coords points="1881,1350 3052,1342 3051,1296 1881,1304"/>
                <Baseline points="1899,1351 1955,1349 2012,1349 2069,1348 2126,1348 2183,1347 2239,1347 2296,1346 2353,1346 2410,1346 2467,1346 2523,1345 2580,1345 2637,1344 2694,1344 2751,1343 2807,1342 2864,1341 2921,1340 2978,1338 3035,1337"/>
                <TextEquiv>
                    <Unicode>(es gibt ihrer mehr als 3800), ist es ganz unwahrscheinlich,</Unicode>
                </TextEquiv>
            </TextLine>
            <TextLine id="r1l24" custom="readingOrder {index:23;}">
                <Coords points="3055,1368 3157,1367 3170,1377 3213,1370 3230,1382 3289,1375 3312,1385 3348,1358 3368,1361 3367,1318 3282,1319 3272,1310 3239,1330 3196,1317 3130,1328 3111,1321 3101,1331 3088,1318 3055,1325"/>
                <Baseline points="3073,1363 3098,1364 3123,1364 3148,1363 3173,1363 3198,1363 3224,1362 3249,1362 3274,1361 3299,1361 3324,1361 3350,1362"/>
                <TextEquiv>
                    <Unicode>kämpfen die</Unicode>
                </TextEquiv>
            </TextLine>
            <TextLine id="r1l25" custom="readingOrder {index:24;}">
                <Coords points="696,1361 778,1393 1880,1380 1879,1320 695,1321"/>
                <Baseline points="711,1367 768,1368 826,1368 883,1368 941,1368 999,1368 1056,1368 1114,1368 1171,1368 1229,1367 1287,1367 1344,1366 1402,1366 1459,1365 1517,1365 1575,1364 1632,1364 1690,1363 1747,1362 1805,1362 1863,1361"/>
                <TextEquiv>
                    <Unicode>abzuschieben, damit sie in den Grenzgebieten nicht Anlaß</Unicode>
                </TextEquiv>
            </TextLine>
            <TextLine id="r1l26" custom="readingOrder {index:25;}">
                <Coords points="1880,1400 3061,1410 3060,1344 3014,1335 1880,1351"/>
                <Baseline points="1898,1395 1955,1394 2012,1394 2070,1393 2127,1393 2185,1392 2242,1391 2299,1391 2357,1390 2414,1389 2472,1388 2529,1387 2586,1387 2644,1386 2701,1385 2759,1385 2816,1384 2873,1384 2931,1384 2988,1384 3046,1384"/>
                <TextEquiv>
                    <Unicode>daß schon im ersten Wahlgang bedeutsame Ergebnisse erzielt</Unicode>
                </TextEquiv>
            </TextLine>
            <TextLine id="r1l27" custom="readingOrder {index:26;}">
                <Coords points="3059,1441 3082,1440 3118,1419 3168,1438 3200,1437 3220,1423 3253,1423 3252,1377 3189,1375 3179,1365 3149,1373 3139,1366 3080,1371 3057,1365"/>
                <Baseline points="3076,1412 3102,1410 3129,1410 3155,1409 3182,1409 3208,1408 3235,1407"/>
                <TextEquiv>
                    <Unicode>stützten.</Unicode>
                </TextEquiv>
            </TextLine>
            <TextLine id="r1l28" custom="readingOrder {index:27;}">
                <Coords points="699,1428 1883,1424 1883,1371 1843,1365 699,1366"/>
                <Baseline points="717,1416 774,1415 832,1414 889,1413 947,1413 1004,1412 1062,1412 1119,1412 1177,1412 1234,1412 1292,1412 1349,1412 1407,1412 1464,1412 1522,1412 1579,1411 1637,1411 1694,1411 1752,1410 1809,1410 1867,1409"/>
                <TextEquiv>
                    <Unicode>zu irgendeinem Konflikte geben. Die jugoslawische Regierung</Unicode>
                </TextEquiv>
            </TextLine>
            <TextLine id="r1l29" custom="readingOrder {index:28;}">
                <Coords points="1887,1444 3055,1437 3005,1388 1887,1395"/>
                <Baseline points="1903,1437 1959,1438 2016,1438 2073,1437 2129,1437 2186,1437 2243,1437 2299,1436 2356,1436 2413,1435 2470,1435 2526,1434 2583,1434 2640,1433 2696,1432 2753,1432 2810,1431 2866,1430 2923,1430 2980,1429 3037,1429"/>
                <TextEquiv>
                    <Unicode>werden. Ein gutinformierter Minister sagte mir gestern,</Unicode>
                </TextEquiv>
            </TextLine>
            <TextLine id="r1l30" custom="readingOrder {index:29;}">
                <Coords points="689,1464 1656,1477 1876,1460 1876,1417 689,1435"/>
                <Baseline points="707,1460 764,1459 822,1458 879,1457 937,1457 995,1456 1052,1456 1110,1456 1168,1456 1225,1457 1283,1457 1341,1457 1398,1457 1456,1457 1514,1457 1571,1457 1629,1456 1687,1455 1744,1454 1802,1453 1860,1451"/>
                <TextEquiv>
                    <Unicode>hat auch die Grenzsperre gegenüber Bulgarien ge¬</Unicode>
                </TextEquiv>
            </TextLine>
            <TextLine id="r1l31" custom="readingOrder {index:30;}">
                <Coords points="1882,1496 3040,1481 3039,1435 2779,1420 2408,1456 1882,1440"/>
                <Baseline points="1897,1487 1953,1486 2009,1485 2066,1485 2122,1484 2178,1484 2235,1483 2291,1483 2347,1483 2404,1482 2460,1482 2516,1482 2573,1482 2629,1481 2685,1481 2742,1480 2798,1480 2854,1479 2911,1479 2967,1478 3024,1477"/>
                <TextEquiv>
                    <Unicode>daß der erste Wahlgang voraussichtlich nicht mehr als</Unicode>
                </TextEquiv>
            </TextLine>
            <TextLine id="r1l32" custom="readingOrder {index:31;}">
                <Coords points="3067,1496 3103,1512 3172,1498 3215,1514 3267,1493 3307,1506 3389,1488 3388,1433 3359,1433 3339,1417 3299,1414 3283,1431 3240,1421 3197,1439 3066,1427"/>
                <Baseline points="3084,1490 3110,1487 3136,1486 3162,1484 3188,1484 3214,1483 3240,1483 3266,1483 3292,1484 3318,1484 3344,1484 3371,1483"/>
                <TextEquiv>
                    <Unicode>Die Ström</Unicode>
                </TextEquiv>
            </TextLine>
            <TextLine id="r1l33" custom="readingOrder {index:32;}">
                <Coords points="697,1515 1844,1515 1877,1459 696,1466"/>
                <Baseline points="713,1502 770,1503 827,1505 885,1505 942,1506 1000,1506 1057,1506 1114,1506 1172,1506 1229,1505 1287,1505 1344,1504 1401,1503 1459,1503 1516,1502 1574,1501 1631,1500 1688,1500 1746,1499 1803,1499 1861,1498"/>
                <TextEquiv>
                    <Unicode>mildert, indem sie gestattet hat, daß die an der Grenze</Unicode>
                </TextEquiv>
            </TextLine>
            <TextLine id="r1l34" custom="readingOrder {index:33;}">
                <Coords points="1880,1544 2962,1543 3060,1526 3060,1473 1879,1488"/>
                <Baseline points="1895,1530 1952,1530 2010,1530 2067,1529 2125,1529 2182,1528 2240,1528 2297,1527 2355,1527 2412,1526 2470,1525 2527,1525 2585,1524 2642,1524 2700,1523 2757,1522 2815,1522 2872,1521 2930,1521 2987,1520 3045,1520"/>
                <TextEquiv>
                    <Unicode>150 Resultate bringen werde. Nehmen wir, um optimistisch</Unicode>
                </TextEquiv>
            </TextLine>
            <TextLine id="r1l35" custom="readingOrder {index:34;}">
                <Coords points="693,1544 1877,1564 1877,1508 1834,1499 693,1507"/>
                <Baseline points="711,1550 768,1550 826,1551 883,1551 941,1551 998,1551 1056,1550 1113,1550 1171,1550 1228,1549 1286,1549 1343,1548 1401,1547 1458,1547 1516,1546 1573,1545 1631,1545 1688,1544 1746,1544 1803,1543 1861,1543"/>
                <TextEquiv>
                    <Unicode>wohnenden Grundbesitzer die Grenze frei überschreiten können,</Unicode>
                </TextEquiv>
            </TextLine>
            <TextLine id="r1l36" custom="readingOrder {index:35;}">
                <Coords points="3137,1549 3160,1549 3180,1569 3233,1575 3285,1562 3299,1569 3378,1562 3378,1510 3351,1500 3305,1513 3285,1506 3272,1516 3213,1513 3174,1496 3157,1506 3137,1503"/>
                <Baseline points="3154,1555 3180,1556 3206,1557 3232,1558 3258,1558 3284,1558 3310,1557 3336,1556 3362,1555"/>
                <TextEquiv>
                    <Unicode>Außerdem</Unicode>
                </TextEquiv>
            </TextLine>
            <TextLine id="r1l37" custom="readingOrder {index:36;}">
                <Coords points="1882,1588 3063,1585 3042,1516 1882,1542"/>
                <Baseline points="1899,1580 1956,1579 2013,1577 2071,1576 2128,1575 2186,1574 2243,1574 2300,1573 2358,1573 2415,1573 2473,1573 2530,1572 2587,1572 2645,1572 2702,1571 2760,1571 2817,1570 2874,1570 2932,1569 2989,1568 3047,1566"/>
                <TextEquiv>
                    <Unicode>zu sein, an, daß es 200 sein werden. Dann wird man am</Unicode>
                </TextEquiv>
            </TextLine>
            <TextLine id="r1l38" custom="readingOrder {index:37;}">
                <Coords points="703,1604 1779,1615 1778,1552 703,1548"/>
                <Baseline points="721,1594 773,1595 825,1596 877,1596 929,1597 981,1597 1033,1597 1085,1597 1137,1597 1189,1597 1241,1596 1293,1596 1345,1596 1397,1595 1449,1594 1501,1594 1553,1593 1605,1592 1657,1591 1709,1590 1761,1589"/>
                <TextEquiv>
                    <Unicode>mit Ausnahme eines kleinen Grenzstreifens in Südserbien.</Unicode>
                </TextEquiv>
            </TextLine>
            <TextLine id="r1l39" custom="readingOrder {index:38;}">
                <Coords points="3049,1628 3151,1607 3167,1619 3237,1622 3246,1612 3292,1621 3309,1611 3325,1623 3338,1610 3381,1613 3380,1560 3249,1566 3232,1556 3180,1567 3153,1547 3143,1557 3104,1548 3081,1565 3048,1552"/>
                <Baseline points="3065,1606 3092,1606 3119,1606 3146,1605 3173,1605 3200,1605 3227,1604 3254,1604 3281,1603 3308,1603 3335,1602 3363,1601"/>
                <TextEquiv>
                    <Unicode>Gesamthei</Unicode>
                </TextEquiv>
            </TextLine>
            <TextLine id="r1l40" custom="readingOrder {index:39;}">
                <Coords points="1873,1637 3051,1636 3050,1573 2975,1567 1873,1581"/>
                <Baseline points="1891,1622 1948,1622 2005,1622 2062,1622 2119,1622 2177,1621 2234,1621 2291,1620 2348,1620 2405,1619 2463,1618 2520,1618 2577,1617 2634,1616 2691,1616 2749,1615 2806,1615 2863,1614 2920,1614 2977,1613 3035,1613"/>
                <TextEquiv>
                    <Unicode>29. April doch nicht weniger als 400 Abgeordnete in Stich¬</Unicode>
                </TextEquiv>
            </TextLine>
            <TextLine id="r1l41" custom="readingOrder {index:40;}">
                <Coords points="3045,1661 3075,1654 3085,1664 3213,1669 3230,1652 3263,1669 3387,1657 3387,1605 3206,1607 3170,1620 3150,1607 3124,1621 3045,1605"/>
                <Baseline points="3063,1653 3088,1653 3114,1653 3140,1654 3165,1654 3191,1654 3217,1653 3242,1653 3268,1653 3294,1652 3319,1651 3345,1650 3371,1649"/>
                <TextEquiv>
                    <Unicode>außerorde</Unicode>
                </TextEquiv>
            </TextLine>
            <TextLine id="r1l42" custom="readingOrder {index:41;}">
                <Coords points="1879,1680 2336,1681 2359,1674 2359,1622 1879,1628"/>
                <Baseline points="1894,1669 1920,1670 1946,1670 1973,1671 1999,1671 2025,1671 2052,1670 2078,1670 2104,1670 2131,1669 2157,1669 2183,1668 2210,1667 2236,1667 2262,1666 2289,1666 2315,1666 2342,1666"/>
                <TextEquiv>
                    <Unicode>wahl zu wählen haben.</Unicode>
                </TextEquiv>
            </TextLine>
            <TextLine id="r1l43" custom="readingOrder {index:42;}">
                <Coords points="3057,1759 3119,1769 3244,1755 3297,1768 3323,1751 3336,1764 3389,1767 3389,1708 3283,1709 3267,1725 3254,1712 3208,1719 3165,1706 3056,1716"/>
                <Baseline points="3073,1755 3100,1752 3127,1751 3154,1749 3181,1749 3208,1749 3236,1749 3263,1750 3290,1750 3317,1751 3344,1751 3372,1750"/>
                <TextEquiv>
                    <Unicode>schreitende Erzä</Unicode>
                </TextEquiv>
            </TextLine>
            <TextLine id="r1l44" custom="readingOrder {index:43;}">
                <Coords points="1887,1786 3035,1771 3057,1711 1886,1733"/>
                <Baseline points="1903,1766 1959,1766 2016,1766 2073,1765 2130,1765 2187,1765 2244,1764 2301,1764 2358,1764 2415,1763 2472,1762 2528,1762 2585,1761 2642,1761 2699,1760 2756,1759 2813,1758 2870,1757 2927,1756 2984,1755 3041,1754"/>
                <TextEquiv>
                    <Unicode>gewisser Kasimir Tobisch, eine Praterbekanntschaft. Nachdem</Unicode>
                </TextEquiv>
            </TextLine>
            <TextLine id="r1l45" custom="readingOrder {index:44;}">
                <Coords points="707,1787 1878,1772 1878,1739 1752,1720 707,1728"/>
                <Baseline points="722,1777 779,1775 836,1773 893,1771 950,1770 1007,1769 1064,1768 1121,1768 1178,1767 1235,1767 1292,1767 1349,1767 1406,1767 1463,1767 1520,1767 1577,1767 1634,1767 1691,1766 1748,1766 1805,1765 1862,1764"/>
                <TextEquiv>
                    <Unicode>nimmt dieses unzeitige Gewimmer gleichsam nicht zur Kennt¬</Unicode>
                </TextEquiv>
            </TextLine>
            <TextLine id="r1l46" custom="readingOrder {index:45;}">
                <Coords points="3051,1808 3137,1815 3160,1802 3213,1802 3282,1812 3298,1799 3384,1812 3384,1756 3348,1756 3334,1769 3318,1753 3177,1759 3163,1769 3144,1756 3124,1769 3052,1762"/>
                <Baseline points="3069,1795 3096,1795 3123,1795 3150,1795 3177,1795 3204,1795 3231,1795 3258,1796 3285,1796 3312,1796 3339,1796 3367,1795"/>
                <TextEquiv>
                    <Unicode>wieder eine Ste</Unicode>
                </TextEquiv>
            </TextLine>
            <TextLine id="r1l47" custom="readingOrder {index:46;}">
                <Coords points="1893,1830 3040,1811 3057,1764 1892,1770"/>
                <Baseline points="1910,1812 1966,1812 2023,1811 2079,1811 2136,1811 2192,1810 2249,1810 2305,1809 2362,1809 2418,1809 2475,1808 2532,1808 2588,1807 2645,1807 2701,1806 2758,1806 2814,1805 2871,1805 2927,1804 2984,1803 3041,1803"/>
                <TextEquiv>
                    <Unicode>er ihr ein Kind gemacht hat, verschwindet auch er wieder aus</Unicode>
                </TextEquiv>
            </TextLine>
            <TextLine id="r1l48" custom="readingOrder {index:47;}">
                <Coords points="712,1836 1889,1807 1888,1755 711,1777"/>
                <Baseline points="728,1822 785,1821 842,1821 899,1821 956,1820 1014,1820 1071,1819 1128,1818 1185,1818 1242,1817 1300,1817 1357,1816 1414,1815 1471,1815 1528,1815 1586,1814 1643,1814 1700,1814 1757,1814 1814,1814 1872,1815"/>
                <TextEquiv>
                    <Unicode>nis. Das Kind ist tot und soll tot sein. Hat sie es doch schon</Unicode>
                </TextEquiv>
            </TextLine>
            <TextLine id="r1l49" custom="readingOrder {index:48;}">
                <Coords points="3057,1854 3103,1847 3156,1866 3192,1843 3205,1856 3235,1849 3258,1859 3287,1845 3307,1858 3337,1848 3390,1854 3389,1792 3281,1813 3198,1797 3057,1802"/>
                <Baseline points="3073,1843 3098,1843 3123,1844 3148,1844 3173,1844 3198,1844 3223,1843 3248,1843 3273,1843 3298,1842 3323,1842 3348,1841 3374,1840"/>
                <TextEquiv>
                    <Unicode>macht auch and</Unicode>
                </TextEquiv>
            </TextLine>
            <TextLine id="r1l50" custom="readingOrder {index:49;}">
                <Coords points="1882,1867 3053,1855 3053,1815 2957,1803 1882,1814"/>
                <Baseline points="1900,1859 1956,1859 2013,1858 2070,1857 2127,1857 2184,1856 2241,1856 2298,1856 2355,1855 2412,1855 2469,1855 2525,1855 2582,1854 2639,1854 2696,1853 2753,1853 2810,1852 2867,1852 2924,1851 2981,1850 3038,1849"/>
                <TextEquiv>
                    <Unicode>ihrem Leben, worüber sie sich kaum noch wundert. Es scheint</Unicode>
                </TextEquiv>
            </TextLine>
            <TextLine id="r1l51" custom="readingOrder {index:50;}">
                <Coords points="697,1881 1881,1872 1880,1822 1785,1813 697,1831"/>
                <Baseline points="712,1871 769,1870 827,1869 884,1868 942,1867 1000,1866 1057,1866 1115,1865 1172,1864 1230,1864 1288,1863 1345,1863 1403,1862 1460,1862 1518,1861 1576,1861 1633,1860 1691,1860 1748,1859 1806,1859 1864,1858"/>
                <TextEquiv>
                    <Unicode>vor seiner Geburt dreimal oder viermal umgebracht, und ob</Unicode>
                </TextEquiv>
            </TextLine>
            <TextLine id="r1l52" custom="readingOrder {index:51;}">
                <Coords points="3057,1898 3195,1903 3212,1890 3307,1909 3389,1888 3389,1839 3218,1854 3191,1844 3155,1861 3126,1848 3057,1849"/>
                <Baseline points="3073,1891 3098,1891 3123,1891 3148,1892 3173,1892 3198,1892 3223,1892 3248,1892 3273,1891 3298,1891 3323,1889 3348,1889 3373,1887"/>
                <TextEquiv>
                    <Unicode>sie sich bewegen</Unicode>
                </TextEquiv>
            </TextLine>
            <TextLine id="r1l53" custom="readingOrder {index:52;}">
                <Coords points="1886,1912 3054,1904 3053,1849 1886,1866"/>
                <Baseline points="1902,1904 1958,1903 2015,1903 2072,1903 2128,1903 2185,1902 2242,1902 2298,1901 2355,1901 2412,1900 2469,1900 2525,1899 2582,1899 2639,1898 2695,1897 2752,1897 2809,1896 2865,1895 2922,1894 2979,1894 3036,1893"/>
                <TextEquiv>
                    <Unicode>das Schicksal Theresens, daß sie von den Männern verlassen</Unicode>
                </TextEquiv>
            </TextLine>
            <TextLine id="r1l54" custom="readingOrder {index:53;}">
                <Coords points="699,1910 1841,1916 1886,1853 699,1877"/>
                <Baseline points="715,1916 772,1915 830,1915 888,1914 946,1913 1004,1913 1061,1912 1119,1912 1177,1911 1235,1911 1293,1910 1350,1910 1408,1909 1466,1908 1524,1908 1582,1907 1639,1906 1697,1905 1755,1904 1813,1903 1871,1901"/>
                <TextEquiv>
                    <Unicode>nun einmal mehr, was liegt daran. So stopft sie es unter die</Unicode>
                </TextEquiv>
            </TextLine>
            <TextLine id="r1l55" custom="readingOrder {index:54;}">
                <Coords points="3052,1941 3075,1934 3108,1951 3131,1940 3200,1950 3279,1943 3295,1952 3308,1939 3387,1938 3387,1902 3361,1896 3334,1896 3308,1913 3216,1887 3183,1901 3052,1898"/>
                <Baseline points="3067,1936 3092,1935 3117,1934 3143,1934 3168,1933 3193,1933 3219,1934 3244,1934 3269,1934 3295,1934 3320,1933 3345,1932 3371,1931"/>
                <TextEquiv>
                    <Unicode>wiedersehen, den</Unicode>
                </TextEquiv>
            </TextLine>
            <TextLine id="r1l56" custom="readingOrder {index:55;}">
                <Coords points="1880,1952 3022,1956 3064,1946 3064,1896 1880,1919"/>
                <Baseline points="1896,1950 1953,1950 2011,1949 2068,1949 2126,1949 2183,1949 2241,1948 2298,1948 2356,1947 2413,1947 2471,1946 2529,1946 2586,1945 2644,1945 2701,1944 2759,1944 2816,1943 2874,1943 2931,1942 2989,1942 3047,1941"/>
                <TextEquiv>
                    <Unicode>wird. Sie bringt's zu nichts, nicht in der Liebe und erst recht</Unicode>
                </TextEquiv>
            </TextLine>
            <TextLine id="r1l57" custom="readingOrder {index:56;}">
                <Coords points="705,1982 1886,1953 1885,1900 705,1933"/>
                <Baseline points="722,1965 779,1963 836,1962 894,1961 951,1960 1008,1959 1066,1958 1123,1958 1180,1957 1238,1957 1295,1957 1352,1957 1410,1956 1467,1956 1524,1955 1582,1955 1639,1954 1696,1953 1754,1952 1811,1950 1869,1948"/>
                <TextEquiv>
                    <Unicode>Kissen, sinkt in ihre Benommenheit zurück, schreckt wieder</Unicode>
                </TextEquiv>
            </TextLine>
            <TextLine id="r1l58" custom="readingOrder {index:57;}">
                <Coords points="3059,1986 3286,1993 3319,1977 3365,1993 3388,1987 3388,1934 3201,1950 3178,1940 3164,1953 3141,1940 3122,1950 3059,1943"/>
                <Baseline points="3075,1982 3101,1981 3128,1981 3155,1981 3182,1981 3209,1982 3235,1982 3262,1982 3289,1982 3316,1982 3343,1982 3370,1981"/>
                <TextEquiv>
                    <Unicode>und wendet sich</Unicode>
                </TextEquiv>
            </TextLine>
            <TextLine id="r1l59" custom="readingOrder {index:58;}">
                <Coords points="1877,1999 2818,2010 3051,1994 3051,1954 1877,1963"/>
                <Baseline points="1893,1999 1950,1999 2007,1999 2064,1999 2121,1999 2178,1998 2235,1998 2293,1998 2350,1997 2407,1996 2464,1996 2521,1995 2578,1994 2635,1993 2693,1992 2750,1991 2807,1990 2864,1989 2921,1987 2978,1986 3036,1985"/>
                <TextEquiv>
                    <Unicode>nicht in ihrem Beruf; sie wechselt den Platz wie den Lieb¬</Unicode>
                </TextEquiv>
            </TextLine>
            <TextLine id="r1l60" custom="readingOrder {index:59;}">
                <Coords points="705,2014 1883,2006 1882,1956 705,1981"/>
                <Baseline points="722,2010 779,2008 836,2007 893,2005 951,2003 1008,2002 1065,2002 1122,2001 1180,2001 1237,2001 1294,2000 1351,2000 1409,2000 1466,2000 1523,2000 1580,2000 1638,2000 1695,2000 1752,1999 1809,1999 1867,1998"/>
                <TextEquiv>
                    <Unicode>empor, und ihr erster Gedanke ist nun: Jetzt ist es tot, ganz</Unicode>
                </TextEquiv>
            </TextLine>
            <TextLine id="r1l61" custom="readingOrder {index:60;}">
                <Coords points="3049,2023 3109,2040 3168,2034 3188,2047 3211,2030 3240,2040 3286,2027 3299,2041 3382,2021 3382,1985 3359,1982 3198,1991 3050,1980"/>
                <Baseline points="3067,2024 3094,2024 3121,2025 3148,2026 3175,2027 3202,2028 3229,2028 3256,2029 3283,2028 3310,2027 3337,2025 3365,2022"/>
                <TextEquiv>
                    <Unicode>Atmosphäre die</Unicode>
                </TextEquiv>
            </TextLine>
            <TextLine id="r1l62" custom="readingOrder {index:61;}">
                <Coords points="1876,2050 3050,2041 3023,1989 1875,1997"/>
                <Baseline points="1891,2043 1948,2043 2005,2042 2062,2042 2119,2042 2176,2041 2233,2041 2291,2041 2348,2040 2405,2040 2462,2039 2519,2039 2576,2038 2633,2037 2691,2037 2748,2036 2805,2035 2862,2034 2919,2033 2976,2032 3034,2031"/>
                <TextEquiv>
                    <Unicode>haber. Allerdings wird auch sie selten irgendwo warm, und</Unicode>
                </TextEquiv>
            </TextLine>
            <TextLine id="r1l63" custom="readingOrder {index:62;}">
                <Coords points="711,2053 1855,2054 1881,1984 710,2007"/>
                <Baseline points="728,2052 784,2051 841,2050 898,2049 955,2048 1012,2048 1069,2047 1126,2047 1183,2047 1240,2047 1297,2046 1353,2046 1410,2046 1467,2046 1524,2045 1581,2045 1638,2044 1695,2043 1752,2042 1809,2041 1866,2040"/>
                <TextEquiv>
                    <Unicode>tot! Um sich davon zu überzeugen, schiebt sie die aufgetürmten</Unicode>
                </TextEquiv>
            </TextLine>
            <TextLine id="r1l64" custom="readingOrder {index:63;}">
                <Coords points="3056,2085 3175,2078 3201,2095 3237,2072 3274,2088 3320,2075 3395,2084 3395,2022 3365,2022 3349,2038 3181,2029 3109,2039 3056,2026"/>
                <Baseline points="3073,2073 3098,2072 3123,2072 3149,2072 3174,2072 3200,2072 3225,2073 3250,2073 3276,2074 3301,2073 3327,2073 3352,2071 3378,2068"/>
                <TextEquiv>
                    <Unicode>hat diese Metho#</Unicode>
                </TextEquiv>
            </TextLine>
            <TextLine id="r1l65" custom="readingOrder {index:64;}">
                <Coords points="1883,2091 2969,2099 3064,2076 3064,2040 1883,2042"/>
                <Baseline points="1901,2086 1958,2087 2015,2087 2072,2087 2130,2088 2187,2088 2244,2088 2301,2087 2359,2087 2416,2087 2473,2087 2530,2086 2588,2085 2645,2085 2702,2084 2759,2083 2817,2082 2874,2082 2931,2080 2988,2080 3046,2078"/>
                <TextEquiv>
                    <Unicode>wenn es geschieht, schickt man sie weg, etwa, weil man jetzt</Unicode>
                </TextEquiv>
            </TextLine>
            <TextLine id="r1l66" custom="readingOrder {index:65;}">
                <Coords points="712,2107 1886,2085 1885,2039 711,2060"/>
                <Baseline points="728,2101 785,2098 842,2096 899,2095 956,2094 1013,2093 1070,2092 1127,2092 1184,2092 1241,2092 1299,2092 1356,2092 1413,2092 1470,2092 1527,2092 1584,2092 1641,2091 1698,2091 1755,2090 1812,2088 1870,2086"/>
                <TextEquiv>
                    <Unicode>Kissen weg. Da liegt das Kleine, bewegt die winzigen Finger</Unicode>
                </TextEquiv>
            </TextLine>
            <TextLine id="r1l67" custom="readingOrder {index:66;}">
                <Coords points="3061,2127 3110,2134 3153,2123 3163,2133 3206,2120 3225,2133 3281,2122 3317,2135 3340,2122 3386,2121 3386,2078 3343,2076 3333,2086 3324,2076 3235,2073 3195,2087 3176,2077 3159,2087 3060,2085"/>
                <Baseline points="3077,2119 3103,2119 3130,2119 3156,2119 3183,2119 3209,2119 3236,2119 3262,2119 3289,2118 3315,2118 3342,2117 3369,2115"/>
                <TextEquiv>
                    <Unicode>kennt. Ein Me</Unicode>
                </TextEquiv>
            </TextLine>
            <TextLine id="r1l68" custom="readingOrder {index:67;}">
                <Coords points="1886,2150 3063,2140 3062,2081 3006,2072 1885,2091"/>
                <Baseline points="1902,2136 1959,2136 2016,2136 2073,2136 2131,2135 2188,2135 2245,2134 2303,2134 2360,2133 2417,2132 2475,2131 2532,2130 2589,2129 2646,2128 2704,2127 2761,2126 2818,2125 2876,2124 2933,2123 2990,2122 3048,2121"/>
                <TextEquiv>
                    <Unicode>eine Französin für die schon heranwachsenden Kinder be¬</Unicode>
                </TextEquiv>
            </TextLine>
            <TextLine id="r1l69" custom="readingOrder {index:68;}">
                <Coords points="715,2145 1794,2156 1889,2145 1889,2096 715,2112"/>
                <Baseline points="730,2147 787,2145 844,2143 901,2141 958,2140 1015,2139 1072,2139 1130,2139 1187,2138 1244,2138 1301,2138 1358,2138 1415,2138 1472,2138 1530,2138 1587,2138 1644,2137 1701,2136 1758,2135 1815,2133 1873,2131"/>
                <TextEquiv>
                    <Unicode>und niest. „Therese atmete tief, fühlte sich lächeln und hatte</Unicode>
                </TextEquiv>
            </TextLine>
            <TextLine id="r1l70" custom="readingOrder {index:69;}">
                <Coords points="3052,2182 3114,2174 3127,2161 3170,2180 3209,2166 3255,2179 3354,2177 3390,2167 3390,2134 3357,2121 3317,2135 3212,2120 3051,2129"/>
                <Baseline points="3067,2168 3092,2165 3118,2164 3143,2163 3169,2163 3194,2163 3220,2163 3245,2164 3271,2164 3296,2163 3322,2162 3347,2161 3373,2158"/>
                <TextEquiv>
                    <Unicode>er besser als alle</Unicode>
                </TextEquiv>
            </TextLine>
            <TextLine id="r1l71" custom="readingOrder {index:70;}">
                <Coords points="1876,2186 3057,2166 3056,2120 1876,2137"/>
                <Baseline points="1893,2182 1950,2182 2007,2181 2064,2181 2122,2180 2179,2180 2236,2180 2294,2179 2351,2179 2408,2178 2466,2178 2523,2177 2580,2176 2637,2176 2695,2175 2752,2174 2809,2173 2867,2172 2924,2171 2981,2170 3039,2168"/>
                <TextEquiv>
                    <Unicode>nötigt, oder die Familie den Sommer über ohne Couvernante</Unicode>
                </TextEquiv>
            </TextLine>
            <TextLine id="r1l72" custom="readingOrder {index:71;}">
                <Coords points="695,2185 1882,2202 1882,2139 695,2145"/>
                <Baseline points="711,2192 768,2191 826,2190 884,2189 942,2189 999,2188 1057,2188 1115,2188 1173,2187 1230,2187 1288,2187 1346,2187 1404,2187 1461,2186 1519,2186 1577,2185 1635,2185 1692,2184 1750,2182 1808,2181 1866,2179"/>
                <TextEquiv>
                    <Unicode>Tränen im Aug'.“ Sie zieht den Knaben weich an sich, sie</Unicode>
                </TextEquiv>
            </TextLine>
            <TextLine id="r1l73" custom="readingOrder {index:72;}">
                <Coords points="3059,2210 3213,2226 3230,2213 3246,2230 3266,2223 3279,2236 3309,2207 3355,2223 3387,2217 3387,2167 3322,2180 3305,2171 3253,2177 3239,2164 3193,2180 3059,2171"/>
                <Baseline points="3075,2210 3101,2210 3128,2210 3155,2211 3182,2211 3209,2211 3236,2212 3263,2212 3290,2211 3317,2211 3344,2210 3371,2208"/>
                <TextEquiv>
                    <Unicode>tur und zur an</Unicode>
                </TextEquiv>
            </TextLine>
            <TextLine id="r1l74" custom="readingOrder {index:73;}">
                <Coords points="1890,2241 3061,2226 3034,2177 1890,2185"/>
                <Baseline points="1906,2228 1965,2227 2025,2227 2085,2226 2145,2226 2205,2225 2265,2225 2325,2224 2385,2223 2445,2223 2505,2222 2565,2222 2625,2221 2685,2221 2745,2220 2805,2219 2865,2219 2925,2218 2985,2217 3045,2216"/>
                <TextEquiv>
                    <Unicode>auf Reisen geht, oder der Herr Bankdirektor die Zahlungen</Unicode>
                </TextEquiv>
            </TextLine>
            <TextLine id="r1l75" custom="readingOrder {index:74;}">
                <Coords points="698,2240 1836,2239 1882,2229 1882,2186 698,2210"/>
                <Baseline points="715,2240 772,2239 830,2237 887,2236 945,2235 1003,2234 1060,2234 1118,2233 1175,2232 1233,2232 1291,2232 1348,2231 1406,2231 1463,2231 1521,2230 1579,2230 1636,2230 1694,2229 1751,2228 1809,2228 1867,2227"/>
                <TextEquiv>
                    <Unicode>gibt ihm zu trinken. „Morgenschein schwebte durch den</Unicode>
                </TextEquiv>
            </TextLine>
            <TextLine id="r1l76" custom="readingOrder {index:75;}">
                <Coords points="3065,2263 3190,2264 3207,2273 3240,2263 3263,2279 3286,2259 3384,2264 3383,2214 3304,2212 3288,2226 3249,2213 3196,2224 3153,2212 3137,2222 3064,2220"/>
                <Baseline points="3081,2259 3107,2259 3133,2258 3159,2258 3185,2258 3211,2258 3237,2258 3263,2257 3289,2256 3315,2256 3341,2255 3367,2252"/>
                <TextEquiv>
                    <Unicode>Raume ist. We</Unicode>
                </TextEquiv>
            </TextLine>
            <TextLine id="r1l77" custom="readingOrder {index:76;}">
                <Coords points="1888,2287 2576,2285 2618,2252 3056,2280 3036,2224 1888,2244"/>
                <Baseline points="1904,2276 1960,2275 2017,2275 2074,2274 2130,2274 2187,2273 2244,2273 2300,2272 2357,2272 2414,2271 2471,2271 2527,2270 2584,2269 2641,2268 2697,2268 2754,2267 2811,2266 2867,2265 2924,2264 2981,2263 3038,2262"/>
                <TextEquiv>
                    <Unicode>einstellt, oder die berühmte Pianistin mit der der gnädige</Unicode>
                </TextEquiv>
            </TextLine>
            <TextLine id="r1l78" custom="readingOrder {index:77;}">
                <Coords points="705,2289 1833,2296 1889,2282 1888,2229 704,2247"/>
                <Baseline points="720,2286 777,2284 835,2282 892,2281 950,2280 1007,2279 1065,2278 1122,2278 1180,2277 1237,2277 1295,2276 1353,2276 1410,2276 1468,2276 1525,2276 1583,2275 1640,2275 1698,2274 1755,2274 1813,2273 1871,2272"/>
                <TextEquiv>
                    <Unicode>Raum. Geräusche des Tages drangen herauf, die Welt war</Unicode>
                </TextEquiv>
            </TextLine>
            <TextLine id="r1l79" custom="readingOrder {index:78;}">
                <Coords points="3055,2314 3157,2310 3174,2323 3206,2305 3249,2310 3268,2296 3305,2314 3374,2315 3372,2262 3286,2259 3217,2265 3208,2275 3181,2263 3053,2268"/>
                <Baseline points="3071,2310 3097,2309 3123,2308 3149,2307 3175,2306 3201,2305 3227,2304 3253,2303 3279,2302 3305,2301 3331,2300 3357,2299"/>
                <TextEquiv>
                    <Unicode>schieht es teils</Unicode>
                </TextEquiv>
            </TextLine>
            <TextLine id="r1l80" custom="readingOrder {index:79;}">
                <Coords points="1885,2333 3022,2322 3055,2262 1884,2280"/>
                <Baseline points="1902,2322 1958,2320 2015,2318 2072,2317 2129,2316 2186,2315 2243,2315 2299,2315 2356,2314 2413,2314 2470,2314 2527,2314 2584,2314 2641,2313 2697,2313 2754,2312 2811,2312 2868,2310 2925,2309 2982,2307 3039,2305"/>
                <TextEquiv>
                    <Unicode>Herr nicht eben glücklich verheiratet ist, zur Unzeit von einer</Unicode>
                </TextEquiv>
            </TextLine>
            <TextLine id="r1l81" custom="readingOrder {index:80;}">
                <Coords points="695,2349 1619,2340 1694,2306 1694,2257 695,2303"/>
                <Baseline points="712,2329 760,2327 808,2327 856,2326 905,2326 953,2326 1001,2326 1050,2327 1098,2327 1146,2327 1195,2328 1243,2328 1291,2327 1339,2327 1388,2325 1436,2324 1484,2322 1533,2319 1581,2316 1629,2312 1678,2306"/>
                <TextEquiv>
                    <Unicode>wach. Mein Kind! fühlt Therese: Mein Kind!“</Unicode>
                </TextEquiv>
            </TextLine>
            <TextLine id="r1l82" custom="readingOrder {index:81;}">
                <Coords points="3052,2363 3124,2358 3148,2371 3167,2354 3197,2366 3226,2356 3289,2364 3335,2347 3387,2355 3386,2293 3301,2311 3205,2304 3173,2324 3143,2308 3123,2319 3113,2309 3051,2314"/>
                <Baseline points="3069,2352 3094,2353 3119,2353 3144,2353 3169,2353 3194,2353 3220,2352 3245,2352 3270,2351 3295,2350 3320,2348 3345,2347 3371,2345"/>
                <TextEquiv>
                    <Unicode>nicht „Kunst nich</Unicode>
                </TextEquiv>
            </TextLine>
            <TextLine id="r1l83" custom="readingOrder {index:82;}">
                <Coords points="1885,2371 3053,2362 3016,2316 1885,2318"/>
                <Baseline points="1902,2366 1958,2365 2015,2364 2071,2364 2128,2363 2185,2363 2241,2362 2298,2362 2355,2362 2411,2362 2468,2362 2525,2362 2581,2361 2638,2361 2695,2361 2751,2360 2808,2359 2865,2359 2921,2357 2978,2356 3035,2355"/>
                <TextEquiv>
                    <Unicode>Konzertreise heimkehrt und, von ihren Abemeuern sich aus¬</Unicode>
                </TextEquiv>
            </TextLine>
            <TextLine id="r1l84" custom="readingOrder {index:83;}">
                <Coords points="806,2390 1858,2379 1878,2317 806,2344"/>
                <Baseline points="823,2381 874,2380 926,2379 978,2379 1030,2378 1082,2378 1134,2377 1186,2377 1238,2376 1290,2375 1342,2375 1393,2375 1445,2374 1497,2374 1549,2373 1601,2373 1653,2372 1705,2372 1757,2371 1809,2371 1861,2370"/>
                <TextEquiv>
                    <Unicode>Zwischen dieser Szene, der dichterisch bedeutendsten des</Unicode>
                </TextEquiv>
            </TextLine>
            <TextLine id="r1l85" custom="readingOrder {index:84;}">
                <Coords points="3055,2401 3151,2399 3171,2409 3203,2395 3213,2405 3292,2407 3322,2396 3338,2409 3384,2405 3384,2352 3196,2362 3170,2353 3150,2369 3124,2357 3055,2355"/>
                <Baseline points="3071,2397 3097,2397 3124,2397 3151,2397 3178,2398 3205,2398 3232,2398 3259,2398 3286,2396 3313,2395 3340,2393 3367,2389"/>
                <TextEquiv>
                    <Unicode>wie in einem P</Unicode>
                </TextEquiv>
            </TextLine>
            <TextLine id="r1l86" custom="readingOrder {index:85;}">
                <Coords points="1881,2427 2894,2406 2894,2376 2801,2364 1881,2374"/>
                <Baseline points="1897,2409 1946,2410 1995,2411 2044,2412 2093,2412 2142,2412 2191,2412 2240,2412 2289,2412 2338,2411 2388,2410 2437,2409 2486,2408 2535,2407 2584,2406 2633,2406 2682,2404 2731,2404 2780,2403 2829,2402 2879,2402"/>
                <TextEquiv>
                    <Unicode>ruhend, ihren Platz im Hause wieder einnimmt.</Unicode>
                </TextEquiv>
            </TextLine>
            <TextLine id="r1l87" custom="readingOrder {index:86;}">
                <Coords points="711,2436 1882,2433 1882,2374 1342,2400 711,2364"/>
                <Baseline points="729,2426 785,2426 842,2425 899,2425 956,2425 1013,2425 1070,2425 1127,2424 1184,2424 1241,2424 1298,2424 1354,2424 1411,2423 1468,2423 1525,2423 1582,2422 1639,2422 1696,2421 1753,2420 1810,2419 1867,2418"/>
                <TextEquiv>
                    <Unicode>neuen Werkes, und dem Ende, das sich mit unerbittlich</Unicode>
                </TextEquiv>
            </TextLine>
            <TextLine id="r1l88" custom="readingOrder {index:87;}">
                <Coords points="3059,2449 3115,2446 3135,2456 3155,2447 3207,2460 3227,2444 3309,2457 3378,2451 3378,2402 3059,2400"/>
                <Baseline points="3076,2438 3102,2437 3128,2437 3154,2437 3180,2438 3206,2438 3232,2438 3258,2439 3284,2439 3310,2439 3336,2438 3363,2437"/>
                <TextEquiv>
                    <Unicode>Lebenstatsachen</Unicode>
                </TextEquiv>
            </TextLine>
            <TextLine id="r1l89" custom="readingOrder {index:88;}">
                <Coords points="1879,2456 3057,2451 3056,2408 2921,2383 2701,2427 1879,2413"/>
                <Baseline points="1895,2455 1952,2455 2009,2455 2066,2455 2124,2455 2181,2455 2238,2455 2295,2454 2353,2454 2410,2453 2467,2453 2524,2452 2582,2452 2639,2451 2696,2451 2753,2450 2811,2449 2868,2449 2925,2449 2982,2448 3040,2448"/>
                <TextEquiv>
                    <Unicode>arme Therese hat wirklich kein Glück im Leben, und hat sie</Unicode>
                </TextEquiv>
            </TextLine>
            <TextLine id="r1l90" custom="readingOrder {index:89;}">
                <Coords points="697,2483 1881,2470 1881,2424 697,2417"/>
                <Baseline points="715,2475 772,2473 830,2472 887,2471 945,2470 1002,2470 1060,2469 1117,2469 1175,2469 1232,2468 1290,2468 1348,2468 1405,2468 1463,2468 1520,2468 1578,2468 1635,2468 1693,2467 1750,2467 1808,2466 1866,2466"/>
                <TextEquiv>
                    <Unicode>schmerzhafter Logik aus ihr entwickelt, liegen zwanzig Jahre.</Unicode>
                </TextEquiv>
            </TextLine>
            <TextLine id="r1l91" custom="readingOrder {index:90;}">
                <Coords points="3059,2493 3105,2489 3122,2499 3141,2489 3207,2505 3233,2494 3352,2497 3378,2490 3378,2440 3325,2444 3309,2458 3253,2445 3171,2456 3147,2446 3134,2459 3115,2446 3059,2450"/>
                <Baseline points="3077,2487 3102,2487 3128,2488 3154,2488 3180,2488 3206,2488 3231,2488 3257,2487 3283,2487 3309,2486 3335,2485 3361,2483"/>
                <TextEquiv>
                    <Unicode>ist der Roman</Unicode>
                </TextEquiv>
            </TextLine>
            <TextLine id="r1l92" custom="readingOrder {index:91;}">
                <Coords points="1886,2531 2038,2500 2876,2505 2912,2456 1886,2459"/>
                <Baseline points="1903,2499 1952,2500 2002,2501 2051,2501 2101,2502 2151,2502 2200,2502 2250,2502 2299,2502 2349,2502 2399,2501 2448,2501 2498,2501 2547,2500 2597,2499 2647,2498 2696,2498 2746,2497 2795,2496 2845,2495 2895,2495"/>
                <TextEquiv>
                    <Unicode>einmal Glück, so wird erst recht ein Unglück daraus.</Unicode>
                </TextEquiv>
            </TextLine>
            <TextLine id="r1l93" custom="readingOrder {index:92;}">
                <Coords points="700,2510 957,2540 1878,2512 1838,2467 700,2480"/>
                <Baseline points="717,2522 774,2520 831,2518 888,2517 946,2516 1003,2515 1060,2514 1117,2514 1175,2514 1232,2513 1289,2513 1346,2513 1404,2513 1461,2513 1518,2513 1575,2512 1633,2512 1690,2511 1747,2509 1804,2508 1862,2507"/>
                <TextEquiv>
                    <Unicode>In diesen zwei Jahrzehnten durchläuft Therese ein durch¬</Unicode>
                </TextEquiv>
            </TextLine>
            <TextLine id="r1l94" custom="readingOrder {index:93;}">
                <Coords points="3069,2538 3145,2552 3161,2538 3194,2547 3223,2536 3375,2542 3373,2489 3242,2493 3206,2504 3140,2490 3068,2495"/>
                <Baseline points="3085,2533 3112,2536 3139,2537 3167,2537 3194,2537 3222,2536 3249,2535 3276,2533 3304,2531 3331,2529 3359,2527"/>
                <TextEquiv>
                    <Unicode>Schule, wobein</Unicode>
                </TextEquiv>
            </TextLine>
            <TextLine id="r1l95" custom="readingOrder {index:94;}">
                <Coords points="1968,2547 2948,2557 3063,2543 3062,2497 1967,2521"/>
                <Baseline points="1984,2550 2037,2550 2090,2549 2143,2549 2196,2548 2250,2548 2303,2547 2356,2547 2409,2546 2462,2546 2516,2545 2569,2545 2622,2544 2675,2544 2728,2543 2782,2543 2835,2542 2888,2542 2941,2541 2994,2541 3048,2540"/>
                <TextEquiv>
                    <Unicode>Wenn man dem Erzähler in diesem zweiten Drittel der</Unicode>
                </TextEquiv>
            </TextLine>
            <TextLine id="r1l96" custom="readingOrder {index:95;}">
                <Coords points="705,2574 1882,2562 1881,2513 1842,2507 704,2512"/>
                <Baseline points="721,2569 778,2567 835,2565 892,2563 950,2562 1007,2561 1064,2560 1121,2560 1179,2559 1236,2559 1293,2559 1350,2558 1408,2558 1465,2558 1522,2557 1579,2557 1637,2556 1694,2556 1751,2555 1808,2554 1866,2553"/>
                <TextEquiv>
                    <Unicode>schnittliches Erzieherinenschicksal. Schnitzler malt es grau</Unicode>
                </TextEquiv>
            </TextLine>
            <TextLine id="r1l97" custom="readingOrder {index:96;}">
                <Coords points="3053,2580 3109,2592 3142,2585 3159,2598 3178,2588 3208,2595 3224,2578 3254,2597 3274,2587 3379,2586 3378,2540 3221,2538 3198,2549 3155,2539 3135,2549 3053,2537"/>
                <Baseline points="3069,2579 3095,2580 3122,2581 3148,2581 3175,2582 3201,2582 3228,2582 3254,2581 3281,2580 3307,2580 3334,2578 3361,2575"/>
                <TextEquiv>
                    <Unicode>dreißig Jahren,</Unicode>
                </TextEquiv>
            </TextLine>
            <TextLine id="r1l98" custom="readingOrder {index:97;}">
                <Coords points="1888,2595 3062,2592 3062,2542 1888,2539"/>
                <Baseline points="1904,2595 1961,2594 2018,2593 2075,2593 2132,2592 2189,2592 2246,2592 2303,2592 2360,2592 2417,2592 2474,2592 2531,2592 2588,2592 2645,2592 2702,2591 2759,2591 2816,2590 2873,2589 2930,2588 2987,2587 3045,2585"/>
                <TextEquiv>
                    <Unicode>Erzählung einen Vorwurf machen darf, so ist es gewiß nicht</Unicode>
                </TextEquiv>
            </TextLine>
            <TextLine id="r1l99" custom="readingOrder {index:98;}">
                <Coords points="715,2617 1679,2630 1882,2605 1882,2562 714,2574"/>
                <Baseline points="732,2614 788,2612 845,2610 902,2609 958,2607 1015,2606 1072,2606 1128,2605 1185,2605 1242,2604 1299,2604 1355,2604 1412,2604 1469,2603 1525,2603 1582,2603 1639,2602 1695,2601 1752,2600 1809,2599 1866,2598"/>
                <TextEquiv>
                    <Unicode>in grau, ohne den Versuch einer anderen Stilisierung als ins</Unicode>
                </TextEquiv>
            </TextLine>
            <TextLine id="r1l100" custom="readingOrder {index:99;}">
                <Coords points="3058,2636 3131,2632 3144,2642 3209,2625 3229,2638 3259,2622 3288,2638 3384,2628 3384,2582 3262,2586 3252,2596 3222,2579 3199,2596 3058,2580"/>
                <Baseline points="3075,2625 3101,2626 3128,2626 3154,2627 3181,2628 3207,2628 3234,2628 3260,2628 3287,2628 3313,2627 3340,2624 3367,2621"/>
                <TextEquiv>
                    <Unicode>weitem so natur</Unicode>
                </TextEquiv>
            </TextLine>
            <TextLine id="r1l101" custom="readingOrder {index:100;}">
                <Coords points="1891,2670 1973,2639 3059,2648 3058,2598 2936,2576 1891,2594"/>
                <Baseline points="1906,2643 1962,2642 2019,2641 2076,2641 2133,2641 2190,2640 2246,2640 2303,2640 2360,2640 2417,2640 2474,2640 2530,2640 2587,2640 2644,2640 2701,2639 2758,2638 2814,2637 2871,2636 2928,2634 2985,2632 3042,2630"/>
                <TextEquiv>
                    <Unicode>der allzu sorgloser Flüchtigkeit. Wir lernen mit Therese</Unicode>
                </TextEquiv>
            </TextLine>
            <TextLine id="r1l102" custom="readingOrder {index:101;}">
                <Coords points="714,2658 1881,2655 1880,2606 1798,2600 713,2615"/>
                <Baseline points="730,2662 786,2661 843,2659 900,2657 957,2656 1014,2655 1070,2654 1127,2653 1184,2652 1241,2652 1298,2651 1354,2650 1411,2650 1468,2649 1525,2649 1582,2648 1638,2648 1695,2647 1752,2646 1809,2646 1866,2645"/>
                <TextEquiv>
                    <Unicode>Graue. Therese geht an den Folgen eines ersten Fehltrittes</Unicode>
                </TextEquiv>
            </TextLine>
            <TextLine id="r1l103" custom="readingOrder {index:102;}">
                <Coords points="3062,2673 3111,2686 3151,2676 3203,2685 3216,2675 3381,2684 3380,2631 3318,2635 3259,2622 3140,2637 3061,2631"/>
                <Baseline points="3077,2670 3103,2670 3129,2670 3155,2670 3181,2670 3207,2670 3233,2669 3259,2669 3285,2669 3311,2668 3337,2668 3363,2667"/>
                <TextEquiv>
                    <Unicode>der tieferliegend</Unicode>
                </TextEquiv>
            </TextLine>
            <TextLine id="r1l104" custom="readingOrder {index:103;}">
                <Coords points="1887,2697 3031,2689 3061,2636 1887,2657"/>
                <Baseline points="1905,2686 1962,2686 2019,2686 2076,2685 2133,2685 2190,2685 2247,2685 2304,2685 2361,2684 2418,2684 2475,2684 2532,2684 2589,2683 2646,2683 2703,2683 2760,2682 2817,2681 2874,2680 2931,2679 2988,2678 3045,2676"/>
                <TextEquiv>
                    <Unicode>„alle Widerwärtigkeiten und Häßlichkeiten bürgerlicher</Unicode>
                </TextEquiv>
            </TextLine>
            <TextLine id="r1l105" custom="readingOrder {index:104;}">
                <Coords points="709,2727 1883,2709 1882,2650 708,2661"/>
                <Baseline points="725,2707 782,2705 839,2703 896,2702 953,2701 1010,2700 1067,2699 1124,2698 1181,2698 1238,2697 1295,2697 1352,2697 1409,2697 1466,2697 1523,2696 1580,2696 1637,2696 1694,2695 1751,2695 1808,2694 1865,2693"/>
                <TextEquiv>
                    <Unicode>zugrunde, als Mutter, wie sich später zeigen wird, und auch</Unicode>
                </TextEquiv>
            </TextLine>
            <TextLine id="r1l106" custom="readingOrder {index:105;}">
                <Coords points="3061,2732 3147,2721 3157,2731 3275,2724 3295,2737 3318,2720 3377,2733 3377,2681 3061,2673"/>
                <Baseline points="3076,2715 3102,2716 3128,2717 3154,2717 3180,2717 3206,2716 3232,2716 3258,2715 3284,2715 3310,2715 3336,2715 3362,2716"/>
                <TextEquiv>
                    <Unicode>des Lebensgang</Unicode>
                </TextEquiv>
            </TextLine>
            <TextLine id="r1l107" custom="readingOrder {index:106;}">
                <Coords points="1880,2741 2268,2751 2433,2717 2870,2746 3051,2732 3051,2686 1880,2698"/>
                <Baseline points="1897,2737 1953,2735 2010,2734 2067,2732 2124,2731 2181,2731 2238,2730 2295,2730 2352,2730 2409,2730 2466,2730 2522,2730 2579,2730 2636,2730 2693,2730 2750,2729 2807,2728 2864,2727 2921,2726 2978,2724 3035,2721"/>
                <TextEquiv>
                    <Unicode>Familien“ gründlich kennen und ob sie nun Eppich, Greitler</Unicode>
                </TextEquiv>
            </TextLine>
            <TextLine id="r1l108" custom="readingOrder {index:107;}">
                <Coords points="709,2751 1883,2755 1849,2679 708,2702"/>
                <Baseline points="724,2750 781,2748 838,2747 895,2746 952,2745 1009,2745 1066,2744 1123,2744 1180,2743 1237,2743 1294,2743 1351,2742 1408,2742 1465,2741 1522,2741 1579,2740 1636,2739 1693,2738 1750,2736 1807,2735 1865,2733"/>
                <TextEquiv>
                    <Unicode>als Frau. Tochter eines der Paralyse verfallenden höheren</Unicode>
                </TextEquiv>
            </TextLine>
            <TextLine id="r1l109" custom="readingOrder {index:108;}">
                <Coords points="3052,2772 3078,2765 3161,2781 3177,2764 3256,2776 3328,2765 3381,2771 3380,2718 3354,2715 3295,2736 3249,2723 3087,2722 3071,2739 3052,2739"/>
                <Baseline points="3067,2763 3093,2764 3120,2764 3147,2764 3174,2764 3201,2764 3228,2764 3255,2763 3282,2762 3309,2762 3336,2760 3363,2759"/>
                <TextEquiv>
                    <Unicode>Leser veranschaf</Unicode>
                </TextEquiv>
            </TextLine>
            <TextLine id="r1l110" custom="readingOrder {index:109;}">
                <Coords points="1881,2785 2943,2795 3051,2785 3051,2729 1880,2752"/>
                <Baseline points="1897,2775 1953,2776 2010,2776 2067,2777 2124,2777 2181,2777 2238,2777 2295,2777 2352,2777 2409,2777 2466,2777 2522,2776 2579,2776 2636,2775 2693,2775 2750,2774 2807,2773 2864,2772 2921,2771 2978,2770 3035,2769"/>
                <TextEquiv>
                    <Unicode>] oder Rottmann heißen, es ist im Grunde immer derselbe eng¬</Unicode>
                </TextEquiv>
            </TextLine>
            <TextLine id="r1l111" custom="readingOrder {index:110;}">
                <Coords points="707,2811 1772,2807 1884,2756 706,2755"/>
                <Baseline points="722,2796 779,2795 836,2794 893,2794 950,2793 1008,2793 1065,2793 1122,2793 1179,2793 1236,2792 1294,2792 1351,2792 1408,2791 1465,2791 1522,2790 1580,2789 1637,2788 1694,2786 1751,2785 1808,2782 1866,2780"/>
                <TextEquiv>
                    <Unicode>Offiziers, wird die in Salzburg Herangeblühte, achtzehn¬</Unicode>
                </TextEquiv>
            </TextLine>
            <TextLine id="r1l112" custom="readingOrder {index:111;}">
                <Coords points="3059,2811 3158,2815 3188,2831 3204,2814 3280,2825 3316,2811 3349,2824 3391,2809 3390,2767 3209,2774 3183,2762 3137,2779 3058,2768"/>
                <Baseline points="3075,2808 3102,2810 3129,2811 3156,2811 3183,2811 3210,2810 3238,2809 3265,2807 3292,2806 3319,2805 3346,2805 3374,2805"/>
                <TextEquiv>
                    <Unicode>eine Pappelalle#</Unicode>
                </TextEquiv>
            </TextLine>
            <TextLine id="r1l113" custom="readingOrder {index:112;}">
                <Coords points="1879,2843 2958,2823 2957,2774 2796,2768 1879,2784"/>
                <Baseline points="1895,2826 1947,2826 1999,2827 2052,2827 2104,2827 2156,2827 2209,2826 2261,2826 2313,2825 2366,2824 2418,2824 2470,2823 2523,2823 2575,2822 2627,2822 2680,2821 2732,2821 2784,2821 2837,2822 2889,2823 2942,2824"/>
                <TextEquiv>
                    <Unicode>herzige, dünkelhafte und sparsame Bourgeoistyp,</Unicode>
                </TextEquiv>
            </TextLine>
            <TextLine id="r1l114" custom="readingOrder {index:113;}">
                <Coords points="705,2845 1869,2845 1888,2782 704,2809"/>
                <Baseline points="720,2848 777,2845 835,2843 892,2841 950,2839 1007,2838 1065,2836 1122,2836 1180,2835 1237,2834 1295,2834 1353,2833 1410,2833 1468,2833 1525,2832 1583,2832 1640,2831 1698,2830 1755,2830 1813,2828 1871,2827"/>
                <TextEquiv>
                    <Unicode>jährig, ven einem schmucken Leutnant, der sie auf dem</Unicode>
                </TextEquiv>
            </TextLine>
            <TextLine id="r1l115" custom="readingOrder {index:114;}">
                <Coords points="3066,2861 3142,2866 3158,2876 3184,2859 3293,2870 3313,2857 3339,2863 3355,2849 3375,2852 3374,2813 3065,2818"/>
                <Baseline points="3081,2853 3106,2856 3131,2857 3156,2857 3181,2857 3206,2857 3231,2856 3256,2855 3281,2854 3306,2853 3331,2852 3357,2851"/>
                <TextEquiv>
                    <Unicode>Seite sind die</Unicode>
                </TextEquiv>
            </TextLine>
            <TextLine id="r1l116" custom="readingOrder {index:115;}">
                <Coords points="1881,2886 3059,2866 3058,2820 2923,2805 1881,2820"/>
                <Baseline points="1899,2871 1956,2871 2013,2871 2070,2871 2127,2871 2185,2870 2242,2870 2299,2869 2356,2868 2413,2868 2471,2867 2528,2866 2585,2866 2642,2865 2699,2865 2757,2864 2814,2864 2871,2864 2928,2864 2985,2864 3043,2865"/>
                <TextEquiv>
                    <Unicode>Schnitzler nicht eben liebevoll abwandelt. Nach unten begrenzt</Unicode>
                </TextEquiv>
            </TextLine>
            <TextLine id="r1l117" custom="readingOrder {index:116;}">
                <Coords points="706,2894 1890,2884 1889,2837 1771,2829 706,2845"/>
                <Baseline points="722,2890 779,2888 837,2887 894,2886 952,2885 1009,2884 1067,2883 1124,2882 1182,2882 1239,2881 1297,2880 1355,2880 1412,2879 1470,2878 1527,2877 1585,2876 1642,2876 1700,2875 1757,2874 1815,2872 1873,2871"/>
                <TextEquiv>
                    <Unicode>Domplatz ansprich; wie Faust das Gretchen, verführt.</Unicode>
                </TextEquiv>
            </TextLine>
            <TextLine id="r1l118" custom="readingOrder {index:117;}">
                <Coords points="3062,2903 3187,2916 3283,2902 3335,2918 3348,2905 3388,2901 3387,2842 3364,2842 3338,2862 3272,2853 3259,2866 3184,2860 3161,2873 3062,2857"/>
                <Baseline points="3077,2899 3103,2901 3130,2903 3156,2904 3183,2905 3210,2905 3236,2905 3263,2905 3290,2903 3316,2902 3343,2900 3370,2898"/>
                <TextEquiv>
                    <Unicode>der andern ihre</Unicode>
                </TextEquiv>
            </TextLine>
            <TextLine id="r1l119" custom="readingOrder {index:118;}">
                <Coords points="1891,2920 3035,2923 3058,2864 1890,2871"/>
                <Baseline points="1906,2920 1962,2919 2019,2918 2076,2917 2133,2917 2190,2916 2246,2915 2303,2915 2360,2914 2417,2914 2474,2913 2530,2913 2587,2912 2644,2912 2701,2912 2758,2911 2814,2911 2871,2910 2928,2910 2985,2910 3042,2909"/>
                <TextEquiv>
                    <Unicode>ihn etwa ein heraufgekommenes Kleinbürgertum, das sich</Unicode>
                </TextEquiv>
            </TextLine>
            <TextLine id="r1l120" custom="readingOrder {index:119;}">
                <Coords points="716,2932 1887,2934 1863,2875 716,2889"/>
                <Baseline points="732,2934 791,2933 851,2931 911,2929 971,2928 1031,2927 1091,2926 1151,2925 1211,2924 1271,2924 1331,2923 1391,2923 1451,2922 1511,2922 1571,2921 1631,2921 1691,2921 1751,2920 1811,2919 1871,2919"/>
                <TextEquiv>
                    <Unicode>Warum wird sie verführt? fragt der Leser. Warum sollte sie</Unicode>
                </TextEquiv>
            </TextLine>
            <TextLine id="r1l121" custom="readingOrder {index:120;}">
                <Coords points="3052,2937 3121,2966 3167,2953 3272,2966 3321,2952 3344,2959 3361,2942 3384,2946 3384,2903 3338,2916 3282,2903 3259,2913 3223,2903 3196,2913 3052,2904"/>
                <Baseline points="3067,2948 3092,2949 3117,2949 3142,2950 3167,2950 3192,2951 3217,2951 3242,2951 3267,2951 3292,2950 3317,2949 3342,2948 3367,2945"/>
                <TextEquiv>
                    <Unicode>regelmäßig mit</Unicode>
                </TextEquiv>
            </TextLine>
            <TextLine id="r1l122" custom="readingOrder {index:121;}">
                <Coords points="1885,2973 3053,2965 3019,2913 1885,2921"/>
                <Baseline points="1901,2966 1957,2966 2014,2964 2071,2963 2128,2963 2184,2962 2241,2961 2298,2961 2355,2960 2411,2960 2468,2960 2525,2959 2582,2959 2638,2959 2695,2959 2752,2958 2809,2958 2865,2958 2922,2958 2979,2958 3036,2958"/>
                <TextEquiv>
                    <Unicode>schon, nach oben ein herabgekommener Adel, der sich noch</Unicode>
                </TextEquiv>
            </TextLine>
            <TextLine id="r1l123" custom="readingOrder {index:122;}">
                <Coords points="704,2977 1895,2996 1894,2920 704,2937"/>
                <Baseline points="722,2982 779,2978 837,2977 895,2975 953,2973 1010,2973 1068,2972 1126,2971 1184,2971 1241,2971 1299,2971 1357,2971 1415,2971 1472,2971 1530,2971 1588,2971 1646,2970 1703,2969 1761,2968 1819,2966 1877,2964"/>
                <TextEquiv>
                    <Unicode>nicht verführt werden? dürfte Arthur Schnitzler fragen.</Unicode>
                </TextEquiv>
            </TextLine>
            <TextLine id="r1l124" custom="readingOrder {index:123;}">
                <Coords points="3054,3004 3123,3006 3156,2993 3294,3009 3340,2988 3383,3001 3382,2945 3297,2956 3281,2972 3248,2953 3054,2954"/>
                <Baseline points="3070,2995 3096,2995 3123,2994 3150,2995 3177,2996 3204,2996 3231,2997 3258,2997 3285,2996 3312,2995 3339,2992 3366,2989"/>
                <TextEquiv>
                    <Unicode>von Baum. zu ##</Unicode>
                </TextEquiv>
            </TextLine>
            <TextLine id="r1l125" custom="readingOrder {index:124;}">
                <Coords points="1881,3003 2838,3027 3058,3006 3058,2960 1880,2970"/>
                <Baseline points="1897,3005 1954,3006 2011,3007 2068,3007 2126,3007 2183,3008 2240,3008 2298,3007 2355,3007 2412,3007 2470,3006 2527,3006 2584,3005 2641,3005 2699,3004 2756,3004 2813,3003 2871,3002 2928,3002 2985,3002 3043,3001"/>
                <TextEquiv>
                    <Unicode>eine Gouvernante hält, aber ihr nichts zu essen geben will.</Unicode>
                </TextEquiv>
            </TextLine>
            <TextLine id="r1l126" custom="readingOrder {index:125;}">
                <Coords points="714,3023 1885,3031 1884,2968 713,2977"/>
                <Baseline points="732,3027 788,3025 845,3024 902,3023 959,3022 1015,3021 1072,3020 1129,3020 1186,3019 1242,3019 1299,3018 1356,3018 1413,3017 1469,3017 1526,3016 1583,3015 1640,3014 1696,3013 1753,3012 1810,3010 1867,3009"/>
                <TextEquiv>
                    <Unicode>Therese ist hübsch, unbehütet, der Vater sitzt im Narrenhaus,</Unicode>
                </TextEquiv>
            </TextLine>
            <TextLine id="r1l127" custom="readingOrder {index:126;}">
                <Coords points="3057,3043 3136,3053 3245,3042 3298,3058 3330,3045 3377,3051 3376,2998 3340,2989 3307,3002 3057,3004"/>
                <Baseline points="3074,3044 3100,3042 3126,3040 3152,3040 3178,3039 3204,3039 3230,3039 3256,3040 3282,3040 3308,3040 3334,3040 3361,3039"/>
                <TextEquiv>
                    <Unicode>aus Luderhaftig</Unicode>
                </TextEquiv>
            </TextLine>
            <TextLine id="r1l128" custom="readingOrder {index:127;}">
                <Coords points="1886,3056 3050,3058 3069,2998 1885,3020"/>
                <Baseline points="1903,3053 1960,3053 2017,3053 2075,3053 2132,3053 2190,3053 2247,3053 2305,3053 2362,3052 2420,3052 2477,3052 2534,3052 2592,3051 2649,3051 2707,3051 2764,3050 2822,3050 2879,3049 2937,3049 2994,3048 3052,3048"/>
                <TextEquiv>
                    <Unicode>Eine leichtsinnige Hutmacherfamilie und eine mehr als</Unicode>
                </TextEquiv>
            </TextLine>
            <TextLine id="r1l129" custom="readingOrder {index:128;}">
                <Coords points="701,3068 1885,3068 1885,3015 701,3028"/>
                <Baseline points="718,3071 775,3069 833,3068 890,3067 948,3066 1005,3065 1063,3065 1120,3064 1178,3064 1235,3063 1293,3063 1351,3063 1408,3062 1466,3062 1523,3061 1581,3061 1638,3060 1696,3059 1753,3058 1811,3056 1869,3054"/>
                <TextEquiv>
                    <Unicode>die Mutter, eine Dilettantin der Feder, strickt Romaue. Von</Unicode>
                </TextEquiv>
            </TextLine>
            <TextLine id="r1l130" custom="readingOrder {index:129;}">
                <Coords points="3060,3103 3132,3091 3159,3107 3175,3090 3195,3089 3241,3108 3257,3094 3389,3088 3388,3045 3348,3053 3282,3038 3187,3050 3059,3044"/>
                <Baseline points="3076,3092 3102,3089 3129,3088 3156,3087 3183,3086 3210,3086 3236,3086 3263,3085 3290,3085 3317,3084 3344,3083 3371,3081"/>
                <TextEquiv>
                    <Unicode>ganz einfach, wc</Unicode>
                </TextEquiv>
            </TextLine>
            <TextLine id="r1l131" custom="readingOrder {index:130;}">
                <Coords points="1889,3100 3060,3094 3060,3054 2967,3045 1889,3054"/>
                <Baseline points="1907,3098 1963,3099 2020,3099 2077,3100 2134,3100 2190,3100 2247,3100 2304,3099 2361,3099 2417,3099 2474,3098 2531,3098 2588,3097 2644,3097 2701,3096 2758,3096 2815,3095 2871,3095 2928,3094 2985,3094 3042,3094"/>
                <TextEquiv>
                    <Unicode>knickerische Baronin veranschaulichen in Schnitzlers Roman</Unicode>
                </TextEquiv>
            </TextLine>
            <TextLine id="r1l132" custom="readingOrder {index:131;}">
                <Coords points="714,3131 1885,3108 1884,3059 714,3079"/>
                <Baseline points="731,3117 787,3116 844,3116 901,3115 958,3114 1015,3114 1072,3113 1129,3113 1186,3112 1243,3111 1300,3111 1356,3110 1413,3109 1470,3109 1527,3108 1584,3107 1641,3105 1698,3104 1755,3103 1812,3101 1869,3100"/>
                <TextEquiv>
                    <Unicode>Lieblosigkeit umgeben, wird das liebebedürftige Töchterlein</Unicode>
                </TextEquiv>
            </TextLine>
            <TextLine id="r1l133" custom="readingOrder {index:132;}">
                <Coords points="3052,3133 3131,3145 3154,3131 3190,3151 3226,3137 3243,3147 3289,3136 3325,3145 3384,3125 3383,3089 3232,3097 3173,3088 3101,3103 3051,3100"/>
                <Baseline points="3069,3135 3096,3134 3123,3133 3150,3132 3177,3132 3204,3132 3231,3132 3258,3132 3285,3132 3312,3131 3339,3130 3366,3128"/>
                <TextEquiv>
                    <Unicode>und ihr ganzes</Unicode>
                </TextEquiv>
            </TextLine>
            <TextLine id="r1l134" custom="readingOrder {index:133;}">
                <Coords points="1882,3147 2901,3155 3026,3148 3062,3092 1881,3107"/>
                <Baseline points="1899,3146 1956,3146 2013,3146 2070,3147 2128,3147 2185,3147 2242,3147 2300,3147 2357,3147 2414,3147 2472,3147 2529,3147 2586,3146 2643,3146 2701,3145 2758,3144 2815,3143 2873,3141 2930,3139 2987,3137 3045,3135"/>
                <TextEquiv>
                    <Unicode>diese beiden Pendelpunkte, zwischen welchen das Wiener</Unicode>
                </TextEquiv>
            </TextLine>
            <TextLine id="r1l135" custom="readingOrder {index:134;}">
                <Coords points="711,3165 1665,3173 1888,3150 1888,3114 710,3119"/>
                <Baseline points="726,3160 783,3161 840,3161 897,3162 955,3162 1012,3162 1069,3162 1126,3161 1184,3160 1241,3160 1298,3159 1355,3158 1413,3156 1470,3155 1527,3154 1584,3153 1642,3152 1699,3151 1756,3150 1813,3150 1871,3149"/>
                <TextEquiv>
                    <Unicode>ein Opfer der Liebe oder was die Leutnants dafür halten.</Unicode>
                </TextEquiv>
            </TextLine>
            <TextLine id="r1l136" custom="readingOrder {index:135;}">
                <Coords points="3049,3191 3072,3198 3085,3184 3111,3184 3131,3194 3190,3180 3246,3189 3269,3179 3292,3199 3361,3182 3391,3191 3390,3122 3322,3146 3292,3133 3266,3147 3236,3127 3183,3141 3048,3132"/>
                <Baseline points="3067,3182 3092,3179 3118,3178 3143,3177 3169,3177 3194,3178 3220,3178 3245,3178 3271,3179 3296,3178 3322,3178 3347,3176 3373,3173"/>
                <TextEquiv>
                    <Unicode>Reihe von Fehl</Unicode>
                </TextEquiv>
            </TextLine>
            <TextLine id="r1l137" custom="readingOrder {index:136;}">
                <Coords points="1889,3198 3024,3197 3056,3134 1889,3155"/>
                <Baseline points="1906,3191 1962,3191 2019,3192 2076,3192 2133,3192 2189,3193 2246,3193 2303,3193 2360,3193 2416,3193 2473,3193 2530,3192 2587,3192 2643,3191 2700,3191 2757,3190 2814,3188 2870,3187 2927,3186 2984,3184 3041,3182"/>
                <TextEquiv>
                    <Unicode>Schicksal der armen Gouvernante schwingt. Es sind vielleicht</Unicode>
                </TextEquiv>
            </TextLine>
            <TextLine id="r1l138" custom="readingOrder {index:137;}">
                <Coords points="702,3208 1801,3219 1886,3205 1886,3149 702,3168"/>
                <Baseline points="719,3207 776,3206 834,3205 891,3204 949,3203 1006,3203 1064,3202 1121,3201 1179,3200 1236,3200 1294,3199 1352,3199 1409,3199 1467,3198 1524,3198 1582,3198 1639,3198 1697,3198 1754,3198 1812,3198 1870,3198"/>
                <TextEquiv>
                    <Unicode>Die Geschichte dauert einen lustigen Winter lang, dann geht</Unicode>
                </TextEquiv>
            </TextLine>
            <TextLine id="r1l139" custom="readingOrder {index:138;}">
                <Coords points="3055,3228 3105,3240 3236,3241 3302,3229 3318,3239 3351,3228 3384,3238 3383,3179 3242,3191 3199,3175 3159,3176 3127,3193 3087,3184 3054,3195"/>
                <Baseline points="3073,3227 3099,3226 3126,3226 3153,3225 3180,3225 3207,3226 3234,3225 3261,3225 3288,3224 3315,3223 3342,3221 3369,3219"/>
                <TextEquiv>
                    <Unicode>Begünstigte ei</Unicode>
                </TextEquiv>
            </TextLine>
            <TextLine id="r1l140" custom="readingOrder {index:139;}">
                <Coords points="1888,3249 3049,3235 3048,3186 3012,3179 1887,3196"/>
                <Baseline points="1905,3240 1961,3239 2017,3239 2074,3238 2130,3238 2187,3238 2243,3238 2299,3238 2356,3237 2412,3237 2469,3237 2525,3237 2581,3237 2638,3236 2694,3235 2751,3234 2807,3233 2863,3232 2920,3231 2976,3228 3033,3226"/>
                <TextEquiv>
                    <Unicode>zwei Dutzend Familien, die solcherart durchquert, und hier</Unicode>
                </TextEquiv>
            </TextLine>
            <TextLine id="r1l141" custom="readingOrder {index:140;}">
                <Coords points="703,3260 1837,3255 1893,3238 1893,3185 702,3218"/>
                <Baseline points="719,3254 776,3251 834,3250 892,3248 950,3247 1008,3246 1065,3245 1123,3245 1181,3245 1239,3245 1297,3245 1354,3245 1412,3245 1470,3244 1528,3244 1586,3244 1643,3244 1701,3243 1759,3242 1817,3241 1875,3239"/>
                <TextEquiv>
                    <Unicode>Therese, von Max betrogen, nach Wien und wird, was so</Unicode>
                </TextEquiv>
            </TextLine>
            <TextLine id="r1l142" custom="readingOrder {index:141;}">
                <Coords points="3060,3282 3158,3283 3185,3272 3195,3282 3251,3284 3309,3269 3323,3282 3376,3281 3374,3228 3256,3231 3246,3241 3230,3228 3207,3239 3141,3230 3131,3240 3058,3229"/>
                <Baseline points="3077,3271 3102,3273 3128,3273 3153,3274 3179,3274 3205,3274 3230,3274 3256,3273 3282,3271 3307,3269 3333,3267 3359,3264"/>
                <TextEquiv>
                    <Unicode>dann wieder ei</Unicode>
                </TextEquiv>
            </TextLine>
            <TextLine id="r1l143" custom="readingOrder {index:142;}">
                <Coords points="1880,3301 3054,3289 3021,3233 1880,3238"/>
                <Baseline points="1897,3283 1954,3282 2011,3282 2068,3281 2125,3281 2182,3281 2239,3280 2296,3280 2353,3279 2410,3279 2467,3279 2524,3278 2581,3278 2638,3278 2695,3277 2752,3277 2809,3276 2866,3275 2923,3275 2980,3274 3037,3273"/>
                <TextEquiv>
                    <Unicode>läge wohl das eigentliche Romanthema, das der Dichter freilich</Unicode>
                </TextEquiv>
            </TextLine>
            <TextLine id="r1l144" custom="readingOrder {index:143;}">
                <Coords points="709,3305 1811,3301 1893,3277 1893,3238 709,3262"/>
                <Baseline points="726,3297 783,3296 841,3295 898,3294 956,3293 1013,3292 1071,3292 1128,3292 1186,3291 1243,3291 1301,3291 1359,3291 1416,3290 1474,3290 1531,3289 1589,3289 1646,3288 1704,3287 1761,3286 1819,3284 1877,3282"/>
                <TextEquiv>
                    <Unicode>viele schlecht erzogene Mädchen werden: Erzieherin. Aber der</Unicode>
                </TextEquiv>
            </TextLine>
            <TextLine id="r1l145" custom="readingOrder {index:144;}">
                <Coords points="3052,3323 3079,3332 3164,3320 3187,3333 3253,3318 3391,3331 3390,3256 3304,3274 3051,3280"/>
                <Baseline points="3067,3319 3092,3320 3118,3320 3143,3320 3169,3320 3194,3319 3220,3319 3246,3319 3271,3318 3297,3317 3322,3315 3348,3314 3374,3312"/>
                <TextEquiv>
                    <Unicode>oder das ander</Unicode>
                </TextEquiv>
            </TextLine>
            <TextLine id="r1l146" custom="readingOrder {index:145;}">
                <Coords points="1888,3344 2927,3348 3062,3331 3061,3275 1887,3292"/>
                <Baseline points="1904,3332 1961,3332 2018,3331 2075,3331 2132,3331 2189,3330 2246,3330 2303,3330 2360,3329 2417,3329 2475,3328 2532,3327 2589,3327 2646,3326 2703,3326 2760,3325 2817,3325 2874,3324 2931,3323 2988,3323 3046,3322"/>
                <TextEquiv>
                    <Unicode>nur streift. Er kennzeichnet jeweils mit ein paar Strichen,</Unicode>
                </TextEquiv>
            </TextLine>
            <TextLine id="r1l147" custom="readingOrder {index:146;}">
                <Coords points="713,3357 1894,3334 1844,3291 713,3301"/>
                <Baseline points="728,3338 785,3339 843,3340 900,3341 958,3342 1015,3342 1073,3342 1130,3342 1188,3341 1245,3341 1303,3340 1360,3339 1418,3339 1475,3338 1533,3337 1590,3337 1648,3336 1705,3336 1763,3335 1820,3335 1878,3336"/>
                <TextEquiv>
                    <Unicode>Vater ihres unter den Kissen halb erstickten kleinen Franz ist!</Unicode>
                </TextEquiv>
            </TextLine>
            <TextLine id="r1l148" custom="readingOrder {index:147;}">
                <Coords points="708,3403 3369,3394 3249,3313 707,3360"/>
                <Baseline points="723,3402 854,3398 986,3394 1117,3392 1249,3389 1380,3388 1512,3386 1643,3385 1775,3384 1906,3383 2038,3382 2169,3381 2301,3381 2432,3380 2564,3378 2695,3377 2827,3375 2958,3374 3090,3371 3221,3368 3353,3365"/>
                <TextEquiv>
                    <Unicode>schon nicht mehr jener Salzburger Leutnaut, sondern ein zuweilen meisterhaft, die Personen, mit denen die fort¬ allem dürften</Unicode>
                </TextEquiv>
            </TextLine>
            <TextEquiv>
                <Unicode>Therese
box 6/2
35. Ine1e5.
p
Brode man eint Ansicht den en 2o, ckeiten d.s
Radikätgozalist
 fügungen bemerkt, die gleichfalls geeignet sein uönnen, die
22. und 29. April zu äußern wagt, muß man wohl gewisse
man Linksrep
Reibungsfläche zwischen den beiden Staaten zu ver¬
Umstände in hohem Grad berücksichtigen. Der wichtigste
ständnis. Und
ringern. So hat das Innenministerium allen Verwaltungs¬
ist, daß die Wahlart neu ist, oder vielmehr daß der franzö¬
weil ihre Prog
behörden in den Grenzgebieten die Weisung zuteil werden lassen,
sische Wähler zu einem Wahlsystem zurückkehrt, das man
ihre Organisatig
 die bulgarischen Emigranten, die sich noch in den
ihm abgewöhnt hat. Bei der enormen Zahl von Kandidaten
gearbeitet haber
Grenzgebieten aufhalten, sofort in das Landinnere
(es gibt ihrer mehr als 3800), ist es ganz unwahrscheinlich,
kämpfen die
abzuschieben, damit sie in den Grenzgebieten nicht Anlaß
daß schon im ersten Wahlgang bedeutsame Ergebnisse erzielt
stützten.
zu irgendeinem Konflikte geben. Die jugoslawische Regierung
werden. Ein gutinformierter Minister sagte mir gestern,
hat auch die Grenzsperre gegenüber Bulgarien ge¬
daß der erste Wahlgang voraussichtlich nicht mehr als
Die Ström
mildert, indem sie gestattet hat, daß die an der Grenze
150 Resultate bringen werde. Nehmen wir, um optimistisch
wohnenden Grundbesitzer die Grenze frei überschreiten können,
Außerdem
zu sein, an, daß es 200 sein werden. Dann wird man am
mit Ausnahme eines kleinen Grenzstreifens in Südserbien.
Gesamthei
29. April doch nicht weniger als 400 Abgeordnete in Stich¬
außerorde
wahl zu wählen haben.
schreitende Erzä
gewisser Kasimir Tobisch, eine Praterbekanntschaft. Nachdem
nimmt dieses unzeitige Gewimmer gleichsam nicht zur Kennt¬
wieder eine Ste
er ihr ein Kind gemacht hat, verschwindet auch er wieder aus
nis. Das Kind ist tot und soll tot sein. Hat sie es doch schon
macht auch and
ihrem Leben, worüber sie sich kaum noch wundert. Es scheint
vor seiner Geburt dreimal oder viermal umgebracht, und ob
sie sich bewegen
das Schicksal Theresens, daß sie von den Männern verlassen
nun einmal mehr, was liegt daran. So stopft sie es unter die
wiedersehen, den
wird. Sie bringt's zu nichts, nicht in der Liebe und erst recht
Kissen, sinkt in ihre Benommenheit zurück, schreckt wieder
und wendet sich
nicht in ihrem Beruf; sie wechselt den Platz wie den Lieb¬
empor, und ihr erster Gedanke ist nun: Jetzt ist es tot, ganz
Atmosphäre die
haber. Allerdings wird auch sie selten irgendwo warm, und
tot! Um sich davon zu überzeugen, schiebt sie die aufgetürmten
hat diese Metho#
wenn es geschieht, schickt man sie weg, etwa, weil man jetzt
Kissen weg. Da liegt das Kleine, bewegt die winzigen Finger
kennt. Ein Me
eine Französin für die schon heranwachsenden Kinder be¬
und niest. „Therese atmete tief, fühlte sich lächeln und hatte
er besser als alle
nötigt, oder die Familie den Sommer über ohne Couvernante
Tränen im Aug'.“ Sie zieht den Knaben weich an sich, sie
tur und zur an
auf Reisen geht, oder der Herr Bankdirektor die Zahlungen
gibt ihm zu trinken. „Morgenschein schwebte durch den
Raume ist. We
einstellt, oder die berühmte Pianistin mit der der gnädige
Raum. Geräusche des Tages drangen herauf, die Welt war
schieht es teils
Herr nicht eben glücklich verheiratet ist, zur Unzeit von einer
wach. Mein Kind! fühlt Therese: Mein Kind!“
nicht „Kunst nich
Konzertreise heimkehrt und, von ihren Abemeuern sich aus¬
Zwischen dieser Szene, der dichterisch bedeutendsten des
wie in einem P
ruhend, ihren Platz im Hause wieder einnimmt.
neuen Werkes, und dem Ende, das sich mit unerbittlich
Lebenstatsachen
arme Therese hat wirklich kein Glück im Leben, und hat sie
schmerzhafter Logik aus ihr entwickelt, liegen zwanzig Jahre.
ist der Roman
einmal Glück, so wird erst recht ein Unglück daraus.
In diesen zwei Jahrzehnten durchläuft Therese ein durch¬
Schule, wobein
Wenn man dem Erzähler in diesem zweiten Drittel der
schnittliches Erzieherinenschicksal. Schnitzler malt es grau
dreißig Jahren,
Erzählung einen Vorwurf machen darf, so ist es gewiß nicht
in grau, ohne den Versuch einer anderen Stilisierung als ins
weitem so natur
der allzu sorgloser Flüchtigkeit. Wir lernen mit Therese
Graue. Therese geht an den Folgen eines ersten Fehltrittes
der tieferliegend
„alle Widerwärtigkeiten und Häßlichkeiten bürgerlicher
zugrunde, als Mutter, wie sich später zeigen wird, und auch
des Lebensgang
Familien“ gründlich kennen und ob sie nun Eppich, Greitler
als Frau. Tochter eines der Paralyse verfallenden höheren
Leser veranschaf
] oder Rottmann heißen, es ist im Grunde immer derselbe eng¬
Offiziers, wird die in Salzburg Herangeblühte, achtzehn¬
eine Pappelalle#
herzige, dünkelhafte und sparsame Bourgeoistyp,
jährig, ven einem schmucken Leutnant, der sie auf dem
Seite sind die
Schnitzler nicht eben liebevoll abwandelt. Nach unten begrenzt
Domplatz ansprich; wie Faust das Gretchen, verführt.
der andern ihre
ihn etwa ein heraufgekommenes Kleinbürgertum, das sich
Warum wird sie verführt? fragt der Leser. Warum sollte sie
regelmäßig mit
schon, nach oben ein herabgekommener Adel, der sich noch
nicht verführt werden? dürfte Arthur Schnitzler fragen.
von Baum. zu ##
eine Gouvernante hält, aber ihr nichts zu essen geben will.
Therese ist hübsch, unbehütet, der Vater sitzt im Narrenhaus,
aus Luderhaftig
Eine leichtsinnige Hutmacherfamilie und eine mehr als
die Mutter, eine Dilettantin der Feder, strickt Romaue. Von
ganz einfach, wc
knickerische Baronin veranschaulichen in Schnitzlers Roman
Lieblosigkeit umgeben, wird das liebebedürftige Töchterlein
und ihr ganzes
diese beiden Pendelpunkte, zwischen welchen das Wiener
ein Opfer der Liebe oder was die Leutnants dafür halten.
Reihe von Fehl
Schicksal der armen Gouvernante schwingt. Es sind vielleicht
Die Geschichte dauert einen lustigen Winter lang, dann geht
Begünstigte ei
zwei Dutzend Familien, die solcherart durchquert, und hier
Therese, von Max betrogen, nach Wien und wird, was so
dann wieder ei
läge wohl das eigentliche Romanthema, das der Dichter freilich
viele schlecht erzogene Mädchen werden: Erzieherin. Aber der
oder das ander
nur streift. Er kennzeichnet jeweils mit ein paar Strichen,
Vater ihres unter den Kissen halb erstickten kleinen Franz ist!
schon nicht mehr jener Salzburger Leutnaut, sondern ein zuweilen meisterhaft, die Personen, mit denen die fort¬ allem dürften</Unicode>
            </TextEquiv>
        </TextRegion>
    </Page>
</PcGts>
