3296 4256
521 199 868 273 Therese
963 194 1389 302 box 6/2
310 196 885 324 35 442 29
192 872 1240 981 n vollkom=menden Jubilaum und
1709 909 2026 992 Dem kreinen L.
530 938 1677 1002 Wünsche für ein weiteres Gedeihenaus!“
1703 960 2865 1044 grünen Rasenfläche besteht, wehte eine frische Abenerem
1344 991 1665 1055 George Popoff.
202 981 524 1084 ESPERIA“
1707 1041 2876 1102 in das Zimmer, und die Sonne beleuchtete das feine,
188 1062 537 1115 tr. Hodernster Kom¬
193 1092 529 1140 üche. Kompl. Pension
1704 1081 2881 1154 gütige, vergeistigte Gesicht des Dichters. Wir sprachen
183 1123 528 1180 ig. Kabane. Prospekte.
1690 1103 2866 1195 über die Forsytes, über die so merkwürdige, bodenstän¬
2809 1187 2850 1242 —
184 1215 518 1289 und Lehrerinnen
541 1231 1693 1289 sicht Unterstützung genießen, damit ihr das letztte bißchen
1708 1235 2868 1292 und Namen einbüßen kann. Daß der Name eines „Fräu¬
235 1272 527 1337 oft vielleicht
539 1279 1692 1356 Menschenwürde nicht genommen werde, das in ihr lebt.
1709 1284 2881 1358 lein Mutter“, das durch ehrliches Streben eine Position
193 1315 526 1382 die feinfühlige
687 1330 1697 1392 Der Staat kann doch nicht jedem Fräulein
1710 1335 2872 1396 sich errang und Wählerin geworden ist, nun bis zur näch¬
179 1368 525 1431 har sofort wahr¬
540 1357 1697 1458 Mutter einen Mann und jedem illegitimen Kind einen
1700 1377 2881 1438 sten Wahl mit einem Schmutzfleck an der Wand kleben
177 1416 520 1477 Alusdruck bringt.
537 1420 903 1485 Vater geben...
1703 1434 2876 1477 muß, zum Gaudium der maliziösen Hausbewohner, er¬
184 1462 517 1529 sellschaft zu täu¬
1711 1489 2879 1547 gibt sich von selbst. Sind das die humanen Fortschritte,
691 1465 1699 1543 Das war die Rede eines Mannes! Also spre¬
178 1514 527 1574 grau auszugeben,
1702 1528 2871 1577 die freisinnigen Errungenschaften, die menschenfreund¬
538 1521 1706 1593 chen fast alle Männer. Selbst solche, die, wie Sie, lieber
180 1560 515 1620 n zu entgehen.
1714 1572 2880 1622 lichen Reformen? Was man tun soll? Ich habe die Ge¬
541 1578 1705 1645 alter Freund, meinen, daß Sie die „Lebensfrage der
191 1602 516 1670 okurzsichtig und
1715 1621 2881 1688 setze nicht gemacht und kann keine neuen machen. Ich
538 1626 1692 1678 Nationen“ mit Wärme erfassen, sind in der Theorie weit¬
180 1654 527 1717 ögen, in solchen
1695 1676 2872 1731 denke aber, daß man das französische: „Toute recherche
539 1676 1684 1754 herzig, in der Praxis aber engherzig. „Fräulein Mutter“
199 1700 519 1766 sweisen — kein
1704 1714 2876 1788 de la paternité est interdite“ bis zum letzten Buch¬
530 1722 1692 1789 soll die Wohltaten der Menschenliebe empfangen, die
201 1741 524 1816 wacht auch der
1705 1762 2873 1834 staben ausrotten, daß man Betörer und Verführer zur
529 1784 1697 1841 Männerwelt jedoch soll dabei keine Zugeständnisse ma¬
194 1794 514 1865 stattfinde. Der
1707 1807 2871 1889 Erfüllung ihrer menschlichen Pflichten zwingen könnte,
544 1832 1696 1890 chen und der Staat auf keine seiner Einrichtungen ver¬
192 1841 502 1906 amtliche Auf¬
1709 1865 2868 1914 daß es Mittel und Wege gäbe, um die ledige Mutter und
541 1877 1697 1926 zichten; mit anderen Worten, die ledige Mutter und
186 1889 522 1954 sie ein Fräulein
1698 1902 2873 1976 das uneheliche Kind derart zu schützen, daß dies wirklich
533 1921 1691 1974 das illegitime Kind sollen weiter leiden, der „natürliche
192 1941 514 2003 eliches ist. Was
1709 1959 2873 2010 und wahrhaftig Mutter= und Kinderschutz wäre, mit einem
532 1970 1690 2033 Vater“ — natürlich nicht. Man jammert allenthalben
175 1989 524 2050 Lualen zu leiden
1709 2007 2869 2059 Wort, daß man des schönen Wortes eingedenk sein sollte:
536 2026 1694 2088 über das Einkind= und Keinkindsystem und behauptet,
179 2036 518 2112 n sind und Tag
1699 2057 2886 2138 „Mit dem Kinde zugleich bildet die Mutter ihr heili¬
536 2077 1691 2131 daß die wichtigste Lebensfrage aller Nationen in der Er¬
182 2083 517 2147 ann nur eine
1713 2102 1945 2177 geres Ich.“
533 2124 1696 2181 starkung und Vermehrung der Bevölkerung ihre Lösung
189 2124 517 2199 ben fühlen und
1866 2129 2874 2221 Verzeihen Sie, teure Freundin, jetzt bewegen
532 2174 1694 2229 finden könne. Die ledige Mutter und das uneheliche
194 2178 522 2256 leider, — und
1698 2185 2881 2284 Sie sich im Luftreich der Theorien und verlieren den
527 2220 1683 2283 Kind bleiben aber geächtet. Warum müssen sie leiden?
1701 2240 2237 2302 festen Boden der Praxis.
527 2269 1698 2332 Sie sind doch nicht freiwillig, nicht aus freien Stücken
191 2272 515 2352 n, daß zahlreiche
1864 2281 2873 2349 Mein lieber Freund, sagte die greise Frau, sich
530 2319 1694 2373 in ihr Elend geraten, und daß sie ihr Los ertragen, ihrem
228 2331 516 2403 schon betonte,
1714 2350 2870 2409 erhebend, das eben ist kennzeichnend und traurig für
538 2372 1696 2431 jammervollen Leben kein Ende bereiten, ist oft erstaun¬
188 2387 516 2441 den Staat ver¬
1706 2403 2879 2465 unsere Gesellschaft und unsere Zeit, daß Sie, der Sie
530 2422 1689 2473 lich, oft bewundernswert. Was die Gesellschaft, was der
188 2425 527 2493 inderschutz mehr
1701 2438 2874 2504 doch dem gleichen Ziele zustreben, wie ich, meine selbst¬
532 2466 1688 2531 Staat tun soll und kann? fragen Sie, lieber Freund. Ich
179 2480 517 2541 din, dürfen, in¬
1705 2495 2879 2551 verständlichen Wünsche für unerfüllbare Phantasien hal¬
542 2527 1694 2577 gebe zu, daß der Staat nicht jedem sogenannten gefallenen
188 2525 526 2589 verkennen, daß
1703 2535 2876 2595 ten, während ich in Ihren praktischen Erwägungen
531 2560 1691 2626 Mädchen einen Gatten und jedem illegitimen Kind einen
192 2572 524 2653 roße Fortschritte
1712 2590 2876 2643 nichts anderes als theoretische Schaumschlägereien sehen
532 2615 1686 2676 Vater zu geben vermag. Aber eines kann er sicherlich, näm¬
1697 2631 2867 2678 kann. Wenn wir beide, treue alte Freunde, aber zu kei¬
530 2660 1681 2718 lich die bei jedem Anlaß wiederkehrenden amtlichen Vexa¬
194 2665 516 2743 der Humanität
1696 2673 2866 2739 nem Einverständnis gelangen, wie können wir fordern,
526 2711 1684 2776 tionen aus der Welt schaffen, die ein uneheliches Kind
202 2726 501 2796 wie in der so¬
1700 2733 2876 2790 daß trotz den schönen und rührenden Bemühungen der
530 2766 1684 2823 von der Wiege bis zum Grabe begleiten. Haben Sie be¬
183 2773 506 2839 ten „Fehltritte“
1697 2773 2874 2853 Dichter Gesellschaft und Staat die armen Geschöpfe zu
526 2811 1688 2884 merkt, daß in den letzten Tagen wieder einmal die Be¬
174 2822 521 2886 waltigt wurden)
1704 2823 2868 2880 sich emporheben sollen, die mit dem Namen: Fräulein
531 2856 1695 2917 hörden verfügten, die Namen aller Wähler müßten in
188 2870 516 2935 s bestraft? Soll
1700 2869 2866 2954 Mutter gezeichnet und geächtet unter uns wandeln, be¬
534 2909 1692 2960 den Häusern plakatiert werden, dazu das Alter der Wäh¬
177 2917 520 2982 entationen prei¬
1704 2926 2703 2999 schämend für sie, aber ebenso beschämend für uns.
536 2957 1702 3023 ler, die Namen der Eltern — ein förmlicher Steck¬
191 2961 517 3032 hrt man, ist die
1858 2962 2870 3032 Eine gute Frau! sagte sich der alte Herr, als ihn
532 2999 1686 3074 brief! —, so daß selbst ein Mensch, der vor 40 oder
182 3016 518 3075 on einem Mann
1710 3004 2866 3071 die Dame verließ, eine gute und edle Frau ist sie, und
531 3067 1691 3118 50 Jahren als uneheliches Kind geboren wurde und seit¬
190 3065 518 3124 en, allein in der
1703 3068 2797 3142 der liebe Himmel hat ihr Geist und Gemüt gegeben; —
525 3107 1683 3164 her durch Fleiß und Arbeit sich Ansehen und Namen er¬
184 3110 531 3172 Kinder erhalten
1697 3117 2411 3195 nur vielleicht in zu großen Dosen.
194 3165 1727 3230 ch in jeder Hin= warb, jetzt der boshaften Neugier preisgegeben, Ansehen!
