3436 4256
348 100 1078 161 Bolshevism and wrote his story in
355 150 1063 212 From Double Eagle to Red Flag.
341 185 1067 250 Now he increases the profits on the
342 225 1069 287 venture by turning the same story
348 263 1068 313 into fiction form; while his “true“
337 303 1065 356 story had some elements which sug¬
345 336 1076 393 gested the technique of the novel, his
340 377 1072 437 novel sounds very much like auto¬
339 414 1075 468 biography. He is not violently anti¬
346 446 1064 502 Soviet, but, like most Russians who
336 502 1064 550 write on the Revolution, he seems
344 515 1076 590 very bewildered and uncomprehend¬
336 571 454 631 ing.
384 599 1066 668 Orenburgsky is frankly Tsarist.
347 653 1080 706 Therefore, by the clarity of his
341 688 1068 738 ideas and the definiteness of his
348 723 1074 776 position, he has made a better job
347 772 1069 814 of it. He begins his revolutionary
343 805 1070 857 study with Stenka Razin and Puga¬
977 844 1070 888 the
341 851 973 896 chev, gives due attention to
337 876 1072 922 Revolution of 1905, and fills his
351 925 1066 968 canvas with carefully-observed Rus¬
342 954 1075 1026 sian types of all classes and charde¬
825 1030 1076 1094 Communist
388 1027 732 1089 The Diary of
339 1067 1062 1133 Schoolboy“ is a different pair of
710 1118 1068 1168 In its freshness,
338 1116 689 1168 boots altogether.
344 1150 1064 1196 its lively irreverence and slanginess,
336 1196 408 1241 it
417 1193 1073 1239 presents a better picture of
332 1230 1065 1278 school life in Soviet Russia than any
347 1271 1065 1328 which has appeared yet. It may or
343 1297 1063 1356 may not be the authentic diary of a
333 1338 1078 1389 Russian schoolboy, but if it is not,
343 1388 1061 1438 it is a work of something approach¬
332 1425 1072 1480 ing genius. Both Bolshevists and
343 1458 1076 1514 their bitterest opponents can find
342 1495 1081 1551 plenty of material in it for political
343 1534 1078 1590 argument; but, what is more impor¬
334 1562 1076 1635 tant to the purpose of the ordinary
332 1619 1071 1663 reader, it is a fascinating exposi¬
346 1661 1061 1711 tion of a character as funny as
338 1694 1074 1757 Tom Sawyer and far more interest¬
347 1736 457 1782 ing.
944 1746 1077 1820 very
356 1769 944 1824 Schnitzler's new novel Is
338 1812 1078 1862 much like his others—weary. ele¬
333 1856 1066 1911 gant, despondently romantic, fasti¬
342 1886 1075 1940 diously disgusted with life and with
862 1930 954 1976 18
965 1927 1064 1977 dis¬
343 1927 796 1978 all human creatures.
333 1956 1072 2021 tingulshed by the beauty of the
345 1993 1065 2056 Schnitzler styie, which does not
342 2039 1077 2093 scem to fade with the years; but tho
330 2078 1071 2133 ideas, the whole psychological equip¬
343 2120 1070 2159 ment are of the sort which expired
331 2161 1064 2212 about 1914. Therese is a poor gov¬
332 2199 1069 2242 erness who wanders from family to
330 2236 1064 2283 family, always being subjected to the
341 2277 1063 2317 amorous advances of her employers.
328 2317 1075 2373 never experiencing the glightest hint
340 2351 1073 2407 of kindness or comprehension on the
332 2392 1076 2459 part of anyone, and finally being
336 2441 1066 2491 strangled to death by her own illegi¬
339 2468 576 2532 timate son.
398 2495 1067 2557 Gewalt über das Feuer' is the
341 2538 1068 2601 third novel in Hans Friedrich
343 2589 1064 2638 Blunck’s trilogy on prehistoric man.
331 2626 1066 2690 It is the work of a powerful imagin¬
335 2668 985 2730 ation, written with great vigor.
1614 150 2151 219 35. Therese
2310 154 2660 241 box 6/2
1780 211 2148 256 VI
1949 679 2326 757 Seiaahaaaerera
1700 716 1808 780 M.
1687 739 2742 863 HARGUS SUISSE ET INTERNATIONTD¬
1931 805 2518 885 DE LA PRESSE S. A.
1842 853 2604 947 23, rue du Rhöne - Genéve
1716 869 2735 1010 TAdr. télegr.: Coupures-Genève — Tél. Stand 40.05
1713 973 2745 1096 (Bureau International de coupures de journaux
1871 1035 2660 1123 Traductions de et en toutes langues
1761 1145 2758 1267 Gerepondant dn tontes ie Grade ud
1746 1306 2191 1390 Extrai du Jaurnal:
2588 1314 2721 1399 dusg
2542 1371 2698 1475 wei
2358 1379 2471 1481 69
1760 1431 1967 1494 Adresse:
1772 1527 1929 1591 Date:
2524 1536 2704 1668 7628
2313 1589 2530 1746 „ 0
1808 1911 2718 2002 19 „Sonnabend, den 11. August 1928
1794 1980 1929 2040 111—
1800 2018 1878 2119 910
1894 2045 2745 2136 Arthur Schnitzler: Therese
1861 2122 2757 2184 Chronik eines Franenredels. Berlin, S. Fischer.
1881 2171 2780 2257 Natürlich kann zu diesem ncesten Roman Schnitz¬
1843 2236 2791 2289 zers nur ja sagen, wer zu Schnitzter ja sagt. Dieses
1846 2282 2794 2321 üngste ist das stärkste seiney Bücher und verführt
1833 2313 2786 2361 im ehesten zu dem bejahrten Verführer. Therese ist
1841 2364 2792 2399 eine epische Schwester der Doröthea Angermann, eine
1843 2400 2799 2445 jener vielleicht österreichischen, vielleicht gestrigen,
1839 2425 2799 2471 vielleicht überall und immer wesenden Gestalten, die
1841 2474 2789 2514 weniger handeln, als gehandelt werden. Statt eines
1833 2503 2794 2562 Schicksals haben sie allenfalls den Zufall, der ihr
1830 2551 2797 2589 Leben lenkt, statt der Tatkraft oder auch nur der
1829 2575 2798 2629 Denkkraft haben sie eine gewisse Trägheit, und soweit
1830 2618 2802 2670 sie einen Schwerpunkt besitzen, liegt er so hoch, daß er
1835 2660 2521 2721 kein stabiles Gleichgewicht garantiert.
1885 2697 2789 2751 „Therese“ ist der Roman eines mürben Menschen,
1828 2747 2791 2793 der immer Jagdbeute ist, ohne „Wild“ zu sein. Sie
1823 2767 2788 2823 entstammt einer kläglichen Schicht von Menschen, die
1833 2803 2802 2865 Europa dank des Geburtenblödsinns seit hundert
1824 2853 2801 2904 Jahren in steigendem Maße übervölkern. Es ist das
1823 2891 2799 2953 die Schicht der Ueberflüssigen. „Therese“ ist der
1825 2930 2800 2983 Roman einer Ueberflüssigen, ohne deshalb ein über¬
1835 2975 2794 3012 flüssiger Roman zu sein. Denn er hält die seelische,
1836 3002 2802 3051 gesellschaftliche und ökonomische Situation einer Men¬
1838 3033 2789 3095 schenklasse fest, die nicht bürgerlich, nicht proletarisch,
1826 3077 2794 3124 nicht problematisch, nicht geistlos ist, und die im Ver¬
1835 3111 2792 3161 schwinden ist, seit jeder Kuli sich organisiert. Diese
1826 3158 2801 3202 Menschenklasse denkt individualistisch und handelt
1831 3188 2802 3241 kollektivistisch, ist klein=bürger=lichternd, ist Zwischen¬
1825 3234 2797 3295 deck, ist immer dazwischen, so daß die Mühlsteine
1826 3268 2799 3330 gerade sie zermalmen. Diese Menschen gibt es sicher
1837 3310 2805 3363 nicht mehr als Gattung, aber hier und da kommt
1834 3339 2798 3400 mal so einer einzeln vor. Schnitzler also nennt ihn
1828 3380 2790 3439 „Therese“, faltet um ihn den Mantel einfachen, be¬
1832 3424 2787 3474 scheidenen Geschehens, läßt ihn kreisen, läßt seinen
1836 3460 2772 3531 Kreis von Menschen aller Art geschnitten werden —
1826 3506 2798 3554 ein Buch für müßige Herzen, für vergebliche Stunden.
1892 3536 2797 3591 Den Kenner interessiert die Sachlichkeit, die
1835 3566 2799 3627 strenge, knappe Reportage des „Berichts“ Ein
1828 3611 2796 3664 Roman von gestern, geschneidert nach der aller¬
1837 3641 2793 3718 neuesten literarischen Mode! Das ist, zumal wenn
1833 3688 2776 3738 es so virtuos gekonnt ist, auch für den von Reiz,
1839 3735 2781 3787 der für die Fälle und Zufälle von „Fräulein Therese
2397 3770 2432 3795 „*
1846 3770 2651 3837 & Sohn“ nicht viel Interesse eruorigen kann.
2369 3801 2824 3869 Arno Schirokauer. „
2273 3889 2806 3968 „  10.4
