3296 4256
490 201 840 284 Therese
285 205 847 325 35 4222.
985 194 1356 303 box 6/2
1177 413 1492 504 M.  essseseseene
1946 467 2086 534 W
1248 545 2176 666 Araus Sulse et International de ia Presse 3. 1.
1384 627 2038 720 23, Rue du Rhöne - GENEVE
1179 687 2215 796 1 Adr. télégr.: Coupures-Genéve — Tél. Stund 40.05
1219 748 2188 858 Bureau International de coupures de journaux.
1308 818 2087 891 Traductions de et en toutes langues.
1225 894 2159 1027 Correspondants dans toutes les grandes Willes.
1153 985 1856 1117 Ertratt du Jewmak.
1150 1126 1397 1205 Adresse:
1140 1200 1339 1289 Date:
1740 1248 1857 1351 B
1130 1744 2730 1862 LETTRES AUTRICMIENNES
1415 1896 2475 2013 GIHERESED
1112 2048 2868 2141 Une longue, une interminable promenade 1 des cours, des legons. Deux ans,: orne-S
1066 2111 1944 2182 parmi le crépuscule, sous la pluie qui
2688 2122 2890 2182 ren-IV
1941 2110 2634 2188 ment travaille peut-être — écol
1069 2172 1942 2222 tombe, égale, implacable, definitive. Une
1952 2168 2655 2234 tissage. Mais il a seize ans, il nren
2694 2164 2905 2250 e. n
1068 2213 1941 2268 promenade qui vous mène par de mornes
1949 2209 2816 2272 il découche, il disparait pour des péricn
1071 2268 1945 2322 chemins pour s'achever, dans la nuit plus
1946 2240 2900 2331 de plus en plus longues et la mère redoute# r
1067 2307 2821 2383 noire, sous de tristes murs: le chnetiere ses réapparitions exigeantes et menagantes,
1070 2360 2813 2431 d’un cöté, la maison de force de l'autre.  ou les impérieuses demandes d’argent appor¬
1067 2405 1932 2463 Telle est la lecture du dernier livre d’Arthur
1950 2415 2568 2469 tées par des voyous sinistres.
1074 2451 1620 2532 Schnitzler : & Thérese 9.
1983 2429 2887 2529 Thérese s'affole devant le désert de sa
1960 2503 2818 2566 vie, ah! sa faiblesse., ah! cette solitude!
1114 2503 1942 2587 *g Chronique de la vie d’une femme 2,
1948 2558 2811 2617 Ou sont les amoureux à qui olle s’attscha
1067 2556 1940 2630 dit lefsous-titre. Et l’auteur de g Mademoi¬
1944 2582 2876 2667 pour quelques jours ou pour quelques v
1070 2606 1935 2671 selle Elsd J a mis toute sa subtilité israelite
1948 2636 2886 2714 mois? Et les parents qu’elle suppléa dans
1068 2659 1931 2730 à cnregistrèr d'une plume égale les événe¬
1952 2691 2819 2756 leurs devoirs? Et tous ces enfants à qui
1074 2701 1935 2777 ments qui se juxtaposent comme des ha¬
1952 2738 2813 2811 elle donna le lait de sa maternité tandis
1065 2752 1937 2823 chures pour dessiner la vie de Thérèse.
1942 2790 2798 2862 qu'elle négligeait son propre fils? Une ter¬
1076 2797 1935 2859 L’accent est d’une monotonie parfois irri¬
1946 2847 2802 2913 reur monte en elle dans les nuits d’angoisse.
2794 2815 2877 2911 7
1078 2854 1941 2920 tante, jamais il ne s’éléve, jamais J ne
1946 2892 2818 2965 II se venge, ce petit, il n’est qu'un instru¬
1068 2902 1942 2952 s'abaisse. Pourtant, de cette grisaille, la fi¬
1950 2944 2863 3017 ment, elle est frappée en retour; c’est ellesc
1065 2954 1930 3012 gure de Thérèse finit par ressortir de ma¬
1958 2991 2229 3053 da coupable.
1066 3000 1931 3058 nière presque hallucinante. Une femme
1979 3010 2826 3118 Mais parmi ses nouvelles éléves, en voici
1068 3042 1940 3107 moyenne en tout, qui se dépeint par des
1936 3088 2801 3150 une à qui Thérèse a dunné son cccur trem¬
1064 3105 1938 3158 négatives. Une femme. La femme, peut-étre.
1947 3126 2807 3202 blant, plus réellement peut-être qu'elle ne
1064 3144 1712 3204 Une malheureuse, à coup sür.
1951 3184 2809 3235 l'a jamais donné. Souriante et mystérieuse,
1106 3200 1943 3266 Un père qui fut officier supérieur, une
1947 3234 2818 3282 Thilda est emmenée par un mari. II reste
1076 3242 1939 3312 mère de naissance aristocratique. Mais le
1955 3279 2812 3340 son père qui épousera Thèrese. Appui,
1066 3296 1944 3354 père fou, mais la mère femme de lettres.
1948 3339 2811 3399 respectabilité, large aisance. Hélas! Le
1065 3339 1937 3404 Therese, à scize ans, sort dans les nuits de
1939 3374 2813 3445 fiancé meurt trois semaines avant le maria¬
1066 3387 1944 3445 printemps, en quéte d’aventure, comme une
1947 3431 2808 3485 ge. & Aussi, mère, tu n'as pas de chance!##
1076 3435 1938 3497 chatte de dix mois. Quand l’ami d’enfance,
1947 3462 2808 3540 Scule parole de compréhension qu'ait ja¬
1071 3492 1934 3541 qui va faire sa médecine à Vienne, lui de¬
1937 3526 2462 3594 mais prononcée son fils.
1071 3525 1934 3601 mande de l’attendre six ans, elle premet,
1989 3555 2803 3632 Un joueur de violoncelle dans un music¬
1065 3580 1943 3646 car elle ment avec une sereine simplicité,
1936 3596 2812 3680 hall. Elle le reconnait.,, C’est Casimir. Qui
1071 3626 1936 3691 mais elle sait qu’elle n’attendra pas. II la
1945 3671 2802 3727 sait? Ne pourrait-il l’aider à porter le
1066 3677 1931 3737 quitte sur un baiser de flancé: cc soir-lä
1941 3696 2808 3779 poids de ce fils, qui est le sien aussi? II
1073 3722 1933 3788 encore n'a pas été ce qu’il fallait. Et quand
1942 3746 2805 3820 sent la biere aigre à présent. II re s’est
1072 3769 1939 3831 le beau lieutenant qui une fois deja lui a
1936 3810 2801 3870 jamais appelé Casimir. Quand il la connut,
1071 3814 1932 3887 parlé devant l’eglise l’accoste au retour des
1947 3864 2799 3908 il était déjà marié et pere de famille. Dans
1070 3866 1941 3924 mancuvres, tout son ötre s’écrie: g Enfin! 5
1941 3889 2804 3959 la boue, la nuit, la pluie froide, Thérèse
1069 3909 1443 3977 Pour une saison.
1941 3942 2801 4013 s’en va en riant convulsivement, s’en va vers
1108 3969 1926 4034 II Jui faut la grande ville. Elle réve
1942 3989 2805 4058 son destin qui est d’être étranglée par son
1066 4029 1931 4084 des rues animées ou les hommes la regar¬
1937 4047 2806 4119 chenapan de fils, lequel en veut à son pau¬
1070 4069 1930 4128 deront et lui parleront. La voilà partie
1941 4091 2185 4159 vre argent.
1069 4119 1938 4184 pour Vienne, vers l’ingrate carrièrc de gou¬
1985 4105 2811 4201 Avant de mourir, elle répete à l’ami de
1077 4172 1937 4211 vernante d’enfanis. Et des lors se dessine
