3532 4224
981 177 1368 281 box 6/2
506 194 864 266 Therese
278 191 859 308 35. 1e1223
2580 601 2820 700 Nr. 76
1821 603 2196 708 17. Nurz 1929
816 603 1438 718 Neues Wiener Tagblatt
260 618 390 713 ntag
1035 703 1377 778 EHTLA
665 682 886 767 ——
1614 707 2932 775 —“ französischen Westen zugewehten Einflüssen eine eigen¬
192 707 535 794 eit durch das
1706 753 2936 825 und einzigartige Kultur aufgebaut haben. Diese Kultur
194 766 527 838 dustriestacten
1703 812 2943 873 folgte der großen höfischen Periode; im Kern und
198 820 518 885 ischen Riesen,
1713 853 2939 924 Wesen, in Wirkungsausmaß und Wurzeltiefe war sie
224 866 523 924 aus und des
620 806 1294 948 Mehr Freude
1706 918 2942 966 weit mehr bürgerlich als sonstwo in der Berliner
198 905 511 971 keiten stecken¬
1699 952 2940 1012 Hohenzollern= oder in der Pariser Königs= und Kaiser¬
191 953 527 1019 ewobner des
739 930 1383 1039 am Österausflug
1706 1003 2943 1057 welt. Dennoch schauen die Franzosen von ihrer sicheren
197 999 519 1062 vielleicht die
852 1011 1584 1116 in einem Strickkleid
1704 1035 2964 1113 republikanischen Erde mit Andacht, Liebe und Stolz¬
189 1042 521 1112 Heutlicher als
1698 1085 2951 1162 auch zu den historischen Himmeln der Vergangenheit,
195 1079 520 1161 gt, sich heute
1034 1099 1174 1178 der
1707 1145 2941 1195 zum Gestirn des Sonnenkönigs und dem grandiosen
214 1135 513 1209 Wir wissen,
1707 1176 2947 1237 Kometen Napoleon auf. Und gerade bei uns sollten
198 1174 524 1237 n, daß nur
673 1131 1544 1282 „Lady“=Strickmode
203 1231 519 1284 ßes und ein¬
1702 1213 2939 1283 mit der politischen Umwälzung die kulturllen Köstlich¬
205 1269 524 1331 Arbeit und
647 1252 1348 1338 VII. Mariahilferstraße 114
1704 1271 2954 1331 keiten der alten Zeit verschwinden? Nein, Wienertum,
190 1316 526 1379 nöglicht, heil
1707 1321 2940 1382 wienerische Art und wienerische Kultur leben noch!
736 1317 1370 1401 IX. Nußdorferstraße 16
194 1356 517 1423 esonnene Be¬
855 1373 1306 1427 Neu eröffnet:
1704 1361 2941 1429 Sie verbargen sich bloß aus Feinfühligkeit in den
190 1409 512 1469 ilindustrie ist
976 1389 1589 1491 X. Favoritenstraße 114
1701 1408 2944 1476 Tagen der großen Umwälzung, um nicht mißverstanden
206 1452 525 1533 irtschaftlichen
1710 1468 2943 1519 zu werden. Jetzt nach zehn Jahren republikanischer
1703 1513 2940 1571 Festigung, sind Mißverständnisse nicht mehr möglich.
191 1526 527 1618 gerliche und
1707 1548 2947 1628 Der Strauß=Jubel wie Schnitzlers Therese“, der
212 1599 510 1657 sitzen. Un¬
1713 1586 2950 1669 Radetzky=Marsch und die Schubert=Feier, bei allen sind
501 1603 1710 1691 Offenbarung unsres besseren Wesensteiles. Man hat,
203 1640 515 1701 ktische Bühne
1700 1650 2940 1712 Symptome einer Geisteseinstellung, die jenseits aller
193 1677 1715 1745 is und der je nach Temperament und Kinderstube, das wienerische
1711 1690 2948 1744 Staats= und Verfassungsfragen liegr. Der politischen
500 1720 1710 1781 Wienertum während des letzten Jahrzehnts entweder
191 1730 521 1799 n gegenüber¬
1717 1732 2940 1809 Konsolidierung auf republikanischem Boden folgt eine
188 1767 1710 1830 Ihen Parteien mit herabsetzender Wut, mit unverständigem Haß tot¬
1706 1787 2946 1855 geistige, kulturelle Konsolidierung, die Wesen, Werte
194 1810 1709 1891 erhandlungs, geredet oder in schmerzlich bewegten Leitartikeln und
1707 1837 2947 1902 und Werke der Vergangenheit hochhält und von diesem
200 1866 1714 1942 Es geht auch Lokalfeuilletons bearaben, während jenseits von
1719 1881 2946 1941 sicheren Boden aus in organischer Entwicklung zum
194 1896 1716 1982 er Wirtschaft, Schreibtischen und Rednertribünen dieses Altwiener¬
1715 1935 2593 2011 Schaffen in der Zukunft hinüberleitet.
501 1951 1718 2007 tum wie Herr Swinegel in der Tierfabel, unversehens
214 1974 509 2036 aller Volks¬
497 1996 1720 2062 im Rücken der neuen und ganz neuen Zeit längst schon
208 2020 507 2081 uten selbst¬
213 2030 1714 2128 alle am Be= wieder eine fröhliche, unwiderstehliche Auferstehung ge¬
1710 2049 2943 2131 Das erste Festbankett des Vatikans.
248 2096 1725 2158 Existenzen feiert hat. Die Burgmusik ist natürlich mit der Burg
1742 2118 2911 2196 Telegramm des Neuen Wiener Tagblatts.
220 2130 1725 2209 r politischen aus dem Leben der kleinen und großen Wiener Kinder
496 2184 1723 2261 verschwunden. Allein wir haben seit Jahr und Tag
1786 2170 2952 2255 Rom, 16. März. Im Paramentsaale „des Vatikans, der
208 2205 514 2265 Frage, auch
207 2234 2944 2313 sung drängt, einen Burgmusikersatz des Bundesheeres, der täglich mit überaus wertvollen Gobelins geschmückt ist, findet Sonntag
212 2272 1713 2352 ampf gezerrt. bei der Wachablösung vor dem Kriegsministerium in
1713 2275 2940 2337 ein großes Frühstück statt, das der Heilige Stuhl den Mit¬
510 2311 1710 2377 Aktion tritt und dann wie eh und je von fröhlichen
1717 2328 2940 2392 gliedern der beim Vatikan akkreditierten Diplomaten anläßlich
210 2346 509 2405 ben. an das
508 2375 1714 2427 Mitgängern über die Ringstraße zu seiner Kaserne
1718 2360 2951 2429 der Aussöhnung zwischen Vatikan und Italien gibt. Mitten
213 2384 515 2458 in Probiem,
1716 2412 2959 2477 im Sual ist eine hufeneisenförmige Tafel aufgebaut, auf der
243 2415 1717 2481 ist, dessen begleitet wird. Nicht nur das österreichische Bundes¬
1705 2458 2946 2520 als Hauptschmuck der von Napoleon I. dem Papst Pius VII.
498 2464 1711 2523 heer auch die Wiener Revueschreiber haben die alten
212 2476 524 2548 Aufschwung
1720 2502 2946 2571 geschenkte bronzene, vergoldete Tafelaufsatz steht. Das
215 2508 1719 2585 spricht, wird Militärmärsche wiederaufgenommen in denen sich auf
1719 2554 2945 2632 Gedeck besteht aus altfranzösischem und altenglischem
501 2548 1718 2610 deutschem Orgelpunkt das ganze Musikantentum des
226 2574 502 2644 t= und Wahl¬
2196 2590 2948 2664 Bankett, dem Kardinal=Staats¬
1712 2583 2207 2665 Perzellan. An dem
513 2596 1720 2664 europäischen Ostens Magyarisches, Slawisches, Balka¬
247 2618 515 2683 die wirt¬
501 2634 2947 2717 nisches, zu einem hinreißenden Paneuropa der Kunstsse retär Gaspari in Vertretung des Papstes
188 2672 504 2732 Chaftspolitische
514 2678 2950 2758 aufbaut. Es gibt in Wien keine Revue mehr, in der ##cäsdieren wird, nehmen sechzig geladene Gäste teil.
198 2723 516 2784 eitfragen als
1706 2733 2963 2809 Vom Kardinal=Staatssekretariat sind auch Monsignore
202 2742 1723 2815 der Ziffern, so nicht ein alter Militärmarsch mitspielte, dessen musika¬
1724 2758 2717 2856 Borgnocini und Monsignore Pizzardo zugezogen.
214 2783 1722 2869 fraktion bald lische Defilierung ungleich größeren Beifall hervorruft
1799 2804 2954 2875 Nach den römischen Blättern zeigt das Menü dieses ersten
505 2839 1552 2919 als die Parade der nacktesten Revuegirlbeine.
250 2859 505 2918 wäre all¬
596 2862 2948 2946 Beispiele und beredte Anzeichen dafür, wie der großen Banketts des Vatikans folgende Zusammensetzung:
191 2892 514 2969 te der Wirt¬
1709 2904 2960 2990 Consommé Seezungefilet mit Reis, gebackenes Huhn mit ge¬
503 2922 1730 2991 Wiener zu seinem Wienertum heimfindet, g’bt es in
207 2945 516 3033 Beispil noch
1714 2947 2961 3012 mischtem Salat und Spargel, Gefrornes mit Backwerk, Käse
515 2972 1718 3040 Hülle und Fülle. Ein Film, der sich „Ungarische Rhap¬
1720 2999 2964 3069 und Obst. Weine: Marsala, weißer Capri, italienische Rotweine
502 3022 1722 3073 sodie" nennt, aber in einer himmelblauen k. u. k.
1729 3037 2132 3117 und Schaumweine.
496 3068 1733 3155 Ulanenuniform gipfelt, hatte stärkeren Zulauf als die
1800 3064 2949 3147 Wie die Blätter melden, soll der „Osservatore Romano“
214 3079 434 3177 nee.
507 3106 1731 3181 Augen der Henny Porten oder die Beine Charlie
1717 3127 2951 3197 aus dem italienischen Territorium in das Gebiet der
520 3160 1730 3226 Chaplins. Ist es nicht kennzeichnend, daß einer der
212 3153 514 3241 dertfü und¬
1733 3169 2956 3241 Vatikanischen Stadt übersiedeln. Auch heißt es, daß ein Teil
507 3202 1724 3269 feinsten Dichter dieser Stadt, Artur Schnitzler, der
224 3207 520 3295 Strauß' des
1723 3203 2956 3289 des Blattes von nun an in fremden Sprachen gedruckt
224 3258 1728 3324 . Trotz dieser wienerischeste von allen, im Jahre 1928 mit seiner
1722 3270 2956 3342 werden soll, um so den internationalen Charakter des Blattes
225 3300 1730 3387 seiner Söhne (Therese“ einen Roman veröffentlicht hat, der, als
1720 3309 2371 3395 mehr zum Ausdruck zu bringen.
238 3331 1726 3421 noch oder wäre ganz und gar nichts geschehen zeitlos in der
217 3389 1739 3459 vor einigen holdesten Leutnant Gustel= und Süßen=Mädel=Epoche
1799 3428 2873 3503 Verschlechterter Zustand Focht.
217 3435 1742 3517 Piener Musi=fliegt? Es wurzeln eben kostbarste Erinnerungen in
219 3486 1734 3554 kel zum Diri=dieser Periode und weiter zurück in der Johann und
1811 3491 2946 3559 Paris, 16. März. Die den Marschall Foch behandelnden
216 3528 1734 3615 hes, sondern Josef Strauß=Zeit, als die geistigen Energien eines
1726 3543 2950 3620 Aerzte, die angesichts des anhaltenden Nierenleidens des
216 3573 1731 3646 ichtliches Er= wirtschaftlich hochkommenden, mehr und mehr er¬
224 3648 2962 3702 ßergangenheit starkenden, reich und selbstbewußt gewordenen Bürger= Kranken in den letzten Tagen an einen chirurgischen Eingriff
214 3647 2957 3744 Enntnis, das tums aus bodenständiger Anmut und aus allen mög= gedacht hatten, haben nunmehr auf diese Operation verzichtet,
526 3736 2972 3784 lichen vom magyarischen Osten, vom slawischen da der Zustand Foch' sich so sehr verschlechtert hat, daß
213 3731 546 3800 erblichen er¬
227 3739 2967 3845 zur schönen Norden, vom italienischen Süden und weither vom eine Operation nicht ohne Gefahr durchgeführt werden kann. 7
1566 3870 1835 3937 Madarlagen:
632 3879 1009 3946 Nanking, 60/80 c
251 3878 570 3969 Polster. ##füllt.“
635 3883 1467 3978 (m Ranling, 120, 150 em . . . . . . 8 15.90, S 17.50
1515 3892 1827 3970 I. Tuchlauben 7 a;
240 3905 427 3982 Tuchente
1229 3933 1464 3993 S 16.90
1481 3942 1824 4005 III. Hauptstraße 88:
635 3952 1106 4011 lung, S 11.90, gebiumt
250 3955 414 4004 Steppd.
1493 3940 1904 4028 IV. Margaretenstrebe 20;
662 3960 1465 4044 stig, mit bester Afrikfüllung, pie Ben .. § 39.90
261 3984 368 4046 Mat¬
1344 3993 1462 4041 3.30
1515 4005 1851 4071 VI. Amerlingstraße 8:
689 4004 988 4059 Strspätqualiät..
1956 3963 2543 4091 PPAERNEUN N
709 4008 1462 4096 Sicht, mit allerfeinster weißer Leunenfüllung S 69.80
1080 4049 1450 4111 heen
719 4059 1022 4117 Anghorsen da Pat
