3296 4256
471 198 793 270 Therese
940 190 1326 285 box 6/2
233 192 811 301 36. Kanna
412 603 1624 643 Foundling Hospital; but this social worker shuddered at the
427 660 1622 707 picture of Theresa giving birth to her child in the miserable
419 698 1613 750 bedroom without any human being there to alleviate her suffer¬
415 746 1612 788 ing, or at least to bathe the child after the birth. Small won¬
423 788 1624 855 der that Theresa was moved to thoughts of murder while lying
415 834 1129 882 there staring at her newly-born son.
145 848 341 928 nd Mental
465 878 1612 927 It is along this part of Theresa’s chronicle that the case¬
425 931 1616 973 worker feels herself going to Theresa and giving her the ad¬
414 968 1621 1035 vice and friendship for which she begs the world. Actually,
416 1027 1625 1084 she receives in return only the amorous pleasures of transient
413 1071 1618 1113 lovers who leave her with a feeling of greater futility and
279 1068 331 1141 the
424 1109 645 1172 insecurity.
282 1136 332 1174 on
450 1159 1619 1214 Her occupation, that of a governess, serves to increase her
412 1209 1624 1269 feeling of alone-in-the-worldness. She goes from one family
242 1234 331 1312 day,
421 1258 1628 1304 to another trying to become an integral part of the group but
419 1309 1623 1362 always losing out, either because onc of the men in the family
421 1347 1622 1391 is attracted to her, or the mother becomes jealous of Theresa’s
165 1385 218 1450 tte
416 1391 1613 1451 hold on her child. Finally, she realizes that she cannot ex¬
423 1438 1361 1498 pect any amount of security in this relationship.
153 1442 332 1501 ercy 3253
457 1477 1615 1534 Schnitzler has written a masterly social case history.
414 1523 1615 1586 Theresa’s life at any period offers such an excellent point of
418 1584 1625 1638 departure for discussion, that it would secm excellent material
410 1614 1619 1677 for teaching purposes. Recently, Bad Girl was used as a prob¬
134 1606 269 1686 tion
413 1670 1616 1720 lem in a school of social work with a class of initiates. How
409 1721 1632 1768 much finer and greater a text this beautifully written chronicle
411 1765 710 1823 would afford.
460 1797 1619 1876 This caseworker cannot help flirting with the thought that
418 1859 1624 1914 had Theresa gone to the hospital to give birth to her child,
408 1910 1627 1954 she might have met an understanding social worker who could
413 1955 1623 2010 have assisted her in getting established with her child, and
397 2003 1622 2064 lessening to a great degree the tension and unhappiness she
416 2054 1615 2111 suffered. Nor can we altogether dismiss the idea that some¬
408 2092 1617 2140 where along her path, she might have been directed by chance
416 2145 1612 2194 to a children’s agency for advice regarding a foster home. Nor
416 2187 1623 2235 can we entirely accept the situation of the errant son, when
407 2238 1612 2294 he is arrested for the first tim We search in vain for some
153 2225 334 2299 tkins 0588
410 2286 1622 2339 casual reference to the proba on officer whom we feel sure
416 2328 984 2388 must come to the home and
999 2325 1606 2392 scuss with Theresa her delin¬
417 2379 646 2436 quent son.
993 2409 1615 2481 ie obscured by too much social
459 2410 967 2475 Perhaps our vision has b.
137 2430 267 2525 ob
999 2461 1616 2526 feel justified in demanding of
411 2464 929 2528 work. Somehow, though,
161 2514 275 2576 INC.
1023 2513 1614 2567 a higher level of understand¬
406 2507 932 2574 those who write our liter
992 2560 1622 2619 #e obvious facilities available.
419 2559 890 2621 ißg of social problems
1015 2601 1617 2668 of trying to decide what the
417 2608 924 2674 Anyhow, we do enjoy t
137 2653 317 2716 hich are
1000 2645 1608 2712 book would have been like, if
406 2655 924 2712 last half of Mr. Schnit
979 2697 1617 2767 had been available to Theresa.
409 2703 912 2763 the simplest social treat
132 2714 322 2778 burchases
135 2768 313 2815 han and
1179 2781 1571 2853 Enrrn G. Sturzn
129 2806 280 2862 and dis
906 2812 980 2893 11
445 2818 897 2898 Social Service Depart
153 2868 299 2934 Recom¬
462 2875 1159 2956 Universitz of Pennsgi ia Hospital
480 2982 1528 3069 Mr. Wells ! corporates the World
855 3051 1617 3122 by H. G. Wells. Doubledoy, Dovon. 200 Pr.
416 3051 856 3121 THE OPEN CONSPIRAC
142 3074 278 3152 DORS
447 3101 1122 3149 Price 82.00 postpaid of Surrey Graphie.
453 3128 1612 3190 LD horizons in thought are moving backward so rapidly
462 3185 1621 3244 that the eye of the timid observer is apt to squint a bit.
161 3206 309 3267 Magic,
420 3229 1617 3292 Certainly Mr. Wells, in this book, flies far enough to make
160 3245 301 3290 Games,
157 3279 321 3315 r small
415 3272 1623 3322 the most sophisticated watcher polish his glasses. Taking off
157 3309 300 3366 onal re¬
422 3319 1625 3371 from the familiar field of individualism in all lines, he sails
415 3356 1622 3405 away over all the hitherto daring schemes of lesser group
425 3403 1621 3451 action and comes to rest on the undiscovered continent of
413 3424 1626 3487 world group action, From that point, he turns and calls to
140 3436 317 3503 G CO.
421 3485 1615 3529 the rest of us to come on over and join him in The Open
425 3525 1620 3578 Conspiracy. It is very doubtful whether most of us will be
426 3565 1618 3615 able to see the solid ground under him or to hear his volce
432 3608 1617 3656 calling us. And many who hear will not care to move very
145 3587 243 3663 E
428 3646 817 3698 far in his direction.
148 3656 336 3701 (including
141 3689 345 3746 the Graphic)
469 3672 1616 3742 The essentials of The Open Conspiracy are: (1) recogni¬
423 3723 1623 3785 tion of all existing governments as merely provisional; (2) the
416 3767 1630 3834 minimizing and ultimate end of all conflicts between these gov¬
141 3766 360 3843 New Vork
424 3809 1606 3874 ernments, with their militant use of property and life; (3)
147 3825 344 3890 1-1-29
419 3864 1635 3916 replacement of all local and national ownership by a world
153 3909 951 3973 advertisements dlease mention THR SUkvEy)
356 3949 464 4016 452
1742 493 2395 616 EVENING P087
1782 572 2436 793 HEN VORT GITT
2987 806 3141 876 S
1864 802 2274 901 SEP 20 128
1815 910 3240 972 MHOSE who know Arthur Schnitzlerjwilling to nurse his ardors for six
2528 957 3231 1016 vears until he became a practicing
1857 945 1899 1016 1
1903 968 2515 1027 only as the creator of the philan¬
2528 995 3246 1055 physician. Once in Vienna, Theresa
1820 1014 2516 1062 dering Anatol and Max, as the brilliant
2533 1039 3147 1104 begins her career as a governess.
1811 1051 2517 1110 psychologist of the lighter forms of
2556 1082 3242 1144 Through Theresa's eyes Schnitzler
1826 1093 2524 1153 amatory adventure, as the skillful ra¬
2536 1124 3240 1183 passes Viennese society in review. To
2166 1134 2522 1187 conteur of a hun¬
2540 1146 3237 1220 state it thus baldly does no justice to
2183 1181 2515 1235 dred deft and so¬
2536 1206 3235 1266 the skill with which Schnitzler accom¬
2179 1220 2519 1276 phisticated tales in
2537 1248 3245 1309 panles this panoramic effect. Theresa
2172 1260 2520 1317 storv or dramatic
2535 1300 3244 1344 enters one home and another as she#
2182 1299 2531 1362 form, will have
2539 1321 3248 1395 seeks some stable form of existence and
2185 1341 2519 1403 their appreciation
2538 1374 3242 1430 some love which will persist longer
2180 1386 2523 1444 of this excellent
2180 1429 3245 1472 Viennese artistithan passion. With a few bold strokes
2537 1464 3242 1507 Schnitzler sketches in each family in
2178 1465 2541 1523 heightened and
2177 1502 3248 1565 their attitude con-turn. Hardly more than three or four
2187 1542 3248 1603 siderably changed pages are devoted to any of these
2178 1590 3251 1648 by Theresa“ (Si- homes in which Theresa is loyed, fé¬
2188 1632 3251 1690 mon & Schuster, jected, or accepted calmly. In this
2533 1675 3242 1727 manner Schnitzler introduces the
2168 1678 2526 1735 82.50). It is his
1891 1700 2151 1756 Bruce Gould
2544 1708 3252 1773 reader to all types of society, creating
2176 1714 2530 1779 first long novel in
1824 1764 3245 1809 twenty years. During this time he hasja gallery in which scores of recognlz¬
2547 1798 3256 1860 able portralts exist. This, however, is
1830 1802 2532 1865 published, among other things,  Frau¬
2539 1843 3255 1900 something which only the reader per¬
1831 1849 2528 1902 lein Eise,“ Beatrice,“Rhapsody“ and
2538 1876 3249 1937 celves. Theresa sees only that she is
1834 1889 2530 1945 Daybreak,“ all novelettes. All of these
2544 1920 3248 1976 used for astime like any household
1829 1938 2532 1991 were good, of course. As it happens,
2550 1968 3254 2021 utensil and then cast off when hei
1832 1978 2536 2048 we never read anything by Schnitzler
2533 1998 3244 2065 services are no longer indispensable
1829 2020 2267 2078 which didn't seem so.
2536 2038 3247 2105 Though many treat her with kindnes:
1857 2047 2538 2124 In Theresa“ Schnitzler has sur¬
2546 2093 3141 2150 she remains always an outsider.
1828 2109 2532 2162 passed himself. As if aware that his
2569 2119 3237 2187 Early in her career she acquires :
1834 2154 2541 2214 theme lifted him above the obligation
2549 2181 3237 2232 sen. She was too ignorant to rid her
1828 2197 2537 2250 t0 be clever and seintillating, Schnitz¬
2549 2224 3239 2279 self of the results of an unfortunatt
1836 2238 2534 2297 ler has related the life-story of
2540 2261 3256 2326 alllance. Moreoyer, she felt some innei
1831 2277 2540 2339 the governess, Theresa, with the calm¬
2552 2296 3248 2366 urge to become a mother. It provec
1830 2324 2543 2383 ness of the recording angel. The
2547 2343 3250 2394 stronger than the instinct of self¬
1836 2363 2537 2421 result is a terrifying human document,
2555 2396 3260 2443 preservation. She never knew the real
1827 2407 2527 2455 simple and subäime, as inevitable as
2549 2427 3265 2489 name of her child’s father, though she#
1829 2448 2534 2501 death, and, seemingly like death, the
2539 2462 3267 2531 saw him again when her son was
1837 2490 2537 2546 last word on the life of such unhappy,
2552 2517 3256 2569 grown. When she actually bore her
1845 2534 2536 2589 tragic, misdirected creatures as Theresa.
2554 2555 3249 2609 son in solitude she wished him to die
1881 2589 3257 2654 The subtitle of this novel is Pthe Later, when her son caused her death
1837 2634 3254 2696 chronicle of a woman's life.“ That istin a struggle to wrest some money from
1840 2670 2542 2726 accurate. The novel opens withthe
2538 2684 3261 2751 her, she felt that in some way she war
1845 2709 2540 2765 retirement of Lieutenant Hubert Fa¬
2547 2728 3036 2789 explating her mental sin.
1838 2762 2547 2799 blani, Theresa’s father, to Salzburg,
2578 2755 3255 2825 While she cared for other people':
1844 2795 2537 2845 shortly before he goes insane. Her
2557 2804 3248 2866 childrer, and neglected her Franz, she
1845 2844 2547 2891 mother, of somewhat dubious tempera¬
2550 2843 3241 2906 realized dimly that some form of ret
1846 2876 2541 2929 ment and morals, works out her ma¬
2557 2897 3247 2946 ribution was in store for her. It wal
1848 2924 2541 2982 terial and spiritual salvation by be¬
2557 2933 3249 2997 not, however, as much because Fran:
1840 2966 2540 3012 coming a cheap novelist, whose stories
2561 2976 3247 3032 was neglected as because he was thi
1844 3011 2543 3062 achieve a wide syndication. Schnitzler,
2563 3008 3257 3076 son of two such misfits that he wen
1844 3051 2544 3103 the artist, has a little fun at his own
2554 3062 3251 3117 from bad to worse on the streets, final
1846 3094 2550 3138 expense, perhaps, in recording how the
2559 3097 3256 3174 ly ending up in prison for stranglin
1849 3135 2550 3190 writing of this literary tripe worked a
2560 3148 2976 3210 his mother to death.
1849 3174 2552 3234 miracle in the widow’s rancid disposi¬
2588 3163 3244 3252 Once, Theresa nearly abhleved a com
1845 3209 2550 3286 tion. After writing these novels, says
2555 3227 3250 3293 promise with life, wherein a certail
1847 3261 2305 3322 Schnitzler, the mother:
2547 3272 3251 3334 content, if not happiness, was prom
2552 3303 3254 3359 ised her. The father of one of her pu
2007 3305 2539 3373 had rid herself of all the
1868 3339 2546 3398 sickly, confused and unclean parts
2560 3359 3255 3418 pils, first taking her as his mistres.
1872 3392 2546 3425 of her being, those things which had
2564 3402 3256 3458 decided to marry her. He was rich
1872 3426 2550 3463 so often pained Theresa, by putting
2562 3444 3227 3496 naturally generous, and, though of
1876 3456 2550 3497 them into her novels. Now, she had
1878 3488 2544 3533 become a charming and reasonable
2565 3473 3255 3545 gross and vulgar nature, rather mor
1870 3521 2545 3557 old lady, with whom she could get
2565 3516 3260 3584 ridiculous than disgusting. Schnitzle
1868 3557 2544 3619 on delightfully, and whom it was
2555 3570 3257 3623 sets down this character (who attend
1871 3585 2283 3642 even possible to love.
2567 3612 3250 3669 the cpera In a tophat for appearane
1888 3603 2548 3692 It is for this reason, perhaps, that
2565 3651 3262 3704 säke, but sneaks off to a tenth-rat
1849 3670 2554 3725 one often discovers that novelists of
2573 3691 3257 3748 vaudeville for enjoyment), with mas
1859 3723 2556 3774 wide, popular appeal. but no taste, are
2575 3740 3256 3787 terly finality, but without prejudice c
1862 3755 2560 3805 rather decent and amlable persons to
2562 3776 3248 3838 pointing. Herr Wohlschein died on th
1856 3804 2557 3857 meet. They prove more attractive per¬
2565 3802 3253 3869 eve of their marrlage, however, befor
1856 3847 2561 3900 sonally, at times, than their literary
2577 3864 3263 3914 he had time to make certain change
1862 3880 2562 3936 superiors, whose bad manners never
2574 3903 3251 3969 in his will by which Theresa woul
1852 3928 2561 3981 dissipate themselves in their excellent
2571 3947 2856 4016 have benefited.
1859 3966 2563 4026 works. Perhaps it Is for this reason
2591 3966 3251 4035 This was the height to whle
1864 4013 2564 4065 that most clubs and socleties are formed
2577 4019 3250 4083 Theresa was led and from which sh
1864 4057 2555 4110 by. the mediocrities among artists, who
2573 4070 3259 4126 was dashed by a Fate relentless eve
1867 4085 2563 4154 blackball the important workers in the
2572 4113 3248 4159 in the clear sight of human miser:
1869 4141 2558 4190 arts because of their nasty tempera¬
2564 4144 3265 4202 The pquer of this novel comes from th#
