3296 4256
517 140 858 207 Therese
1008 130 1377 223 box 6/2
302 137 859 236 39. nnn
2356 458 2967 576 THE NEW YORK
2970 507 3178 634 SUN,
424 554 875 728 Nezo
894 569 1794 745 Novels b
1842 598 2952 789 ) Schnitzler
2941 659 3178 798 6
301 976 980 1049 ATURDAY, OCTOBER
765 1004 1318 1095 1928.
2748 1046 2837 1123 Sannn
2110 1046 2198 1116 ae 1n
2941 1068 3037 1136 an
270 1094 1284 1260 nd Frank
1390 1223 3146 1287 Pletess Louts A1.
1104 1310 2377 1417 STUDIES OF HUMAN FRALLTY
1033 1489 2459 1572 Old Style and New—By Schnitzler and Thiess.
1496 1585 1995 1665 By H. W. BOYNTON.
1031 1646 2468 1698 THERESA. The Chronicle of adering. For he lacks the rather glow¬
1072 1681 1735 1735 Woman’s Life. By Arthur Schnitz¬
1751 1692 2468 1738 ering solemnity of most Teuton nov¬
1189 1717 1437 1762 Translated
1507 1721 1735 1772 William A.
1742 1729 2468 1771 Felists, Schnitzler, Wassermann et al.
1066 1733 1743 1812 Drake. Simon & Schuster. 82.50.
1745 1753 2393 1809 The theme of" Devil’s Shadow“
2405 1766 2461 1810 8
1741 1785 2341 1836 1Cserious“' enough in all conse
1043 1799 1743 1873 THE DEVIL'’S SHADOW. By Frank
1745 1819 2335 1874 But this study of it is shot th
1066 1856 1742 1897 Thiess. Translated from the Ger¬
1749 1854 2328 1905 with a redeeming radiance of
1058 1878 1732 1949 man by H. T. Lowe-Porter. Alfred A.
1748 1883 2327 1937 humor. The hero, or main pers
1060 1916 1311 1970 Knopf. 53.
1742 1916 2280 1961 one of the lads we met in“7
1742 1950 2264 2004 wayto Life,“ the absurd-patl
1751 1972 2233 2031 par Müller, with his petty v
2402 1969 2463 2044 9
1060 1961 1744 2055 Theresa“ is issued as Schnitzler’s
1747 2020 2222 2067 determination to lock fact
2395 2022 2456 2066 0e
1031 2016 1744 2096 first full-length novel in twenty
1741 2050 2224 2094 and his racia! sentime
1749 2078 2233 2126 Sehnsucht; his impatiene
2374 2064 2448 2127 art
1036 2075 1730 2147 years. Schnitzler is à little older
1745 2113 2458 2160 and compass and his inability to find
1021 2125 1734 2181 than Kipling, began to write at
1742 2149 2239 2195 or even to seek any port.
1029 2160 1746 2204 about the same time, and like him
1760 2175 2458 2227 Caspar Müller rebels against the
1031 2202 1731 2249 was an accepted master by the end
1744 2204 2450 2266 stuffiness of his middle class home.
1025 2241 1740 2296 of the century. In his continued
1739 2232 2469 2295 His father is a feeble martinet, bis
1741 2279 2450 2324 mother a Conventional fool. Caspar
1030 2269 1747 2327 productiveness he is more like Wells
1746 2311 2429 2355 Is resolved to be himself; and himself
1034 2318 1743 2373 or Hardy. Some of his early works
1744 2348 2431 2394 turns out to be, in any one’s eyes but
1032 2339 1732 2405 have already the status of classics,
1747 2379 2445 2431 his own. a paltry and even filthy be¬
1031 2398 1731 2444 while his later books continue to be
1747 2414 2445 2462 ing; thief, sponge, blackmaller, de¬
1025 2421 1732 2476 best sellers, at least in Austria. How
1736 2441 2445 2492 bauchee, pimp. The reviewer often
1020 2455 1733 2518 far has he developed with his time,
1747 2479 2442 2527 complains of publisher’s “blurbs.“
1029 2502 1731 2558 how Kir are the matter and quality
1739 2510 2281 2556 Here is a fine and adequate
2356 2518 2453 2563 ning
1020 2543 1746 2585 of his work affected by the political,
1741 2537 2221 2597 up of this book from its g
2378 2553 2467 2603 êt:
1754 2580 2222 2627 Caspar’s guiding lights
1029 2583 1733 2625 material and spiritual changes that
2356 2588 2458 2631 ney
1754 2602 2226 2664 and women; his adventure
2380 2619 2454 2659 Or.
1027 2618 1740 2666 have come about in Europe, and
1750 2647 2244 2689 tunism and blackmall are
2364 2649 2450 2695 stie
1031 2656 1727 2707 especially In Austria, since the war?
1738 2676 2455 2731 beyond belief; his devious schemes
1028 2680 1268 2739 Theresa“
1284 2691 1730 2741 gives no evidence.
1735 2712 2455 2761 lead him to every level of ihe world
1037 2730 1742 2787 There is nothing to date the book,
1744 2749 2446 2788 he inhabits. His life thus becomes a
1036 2767 1734 2814 however vaguely, but its lack of
1741 2775 2441 2834 study in the disintegration of moral
1030 2805 1737 2864 modernity. It might belong to the
1738 2817 2443 2864 values, and the result is an abtonish¬
1016 2839 1738 2891 period of an earlier study of femi¬
1742 2844 2442 2889 ingly vivid portrayal of an entire so¬
1737 2878 2442 2937 cial order, by turns bewildered, de¬
1025 2884 1736 2925 nine character, Bertha Garlan“
1747 2915 2438 2976 spairing and cynical, dancing on the
1033 2914 1739 2981 (1901), with which it may naturally
1737 2948 2275 2997 grave of its own aspirations.“
1020 2944 1328 3006 be compared.
1753 2960 2455 3042 Consumingly ironical are the closing
1053 2981 1725 3039 The surface resemblance is strong.
1734 2998 2443 3064 lines of the book. They are from a
1029 3033 1733 3073 In both books the theme is a well¬
1746 3048 2446 3087 letter written by Caspar to his mother
1024 3064 1728 3112 meaning woman who yearns and
1746 3085 2454 3127 at the moment when he is setting out!
1029 3093 1735 3152 seeks after happiness in love and
1747 3113 2451 3174 upon an enterprise which marks his
1745 3144 2454 3197 attainment of utter moral obliquity:
1026 3145 1728 3195 achieves only the excitements and
1738 3173 2366 3225 1 am as happy as a king
1023 3171 1729 3233 frustrations of sex. But there re¬
1744 3199 2455 3262 I am traveling first cabin, my ticket
1020 3217 1732 3257 mains a certaln feminine glamour
1746 3240 2011 3285 is paid for.
2017 3238 2453 3292 Marvelous food and
1027 3250 1735 3309 about Bertha Garlan, an aura of
1738 3267 2460 3329 glorious sunshine. What a century!
1031 3289 1733 3341 Victorian “charm.“ The author’s
1747 3313 2455 3362 We may well be proud of it. Life
1031 3335 1728 3376 tenderness for her finds utterance
1739 3333 2402 3393 is so glerious! Good-hv. good-by.“
1025 3353 1747 3421 in an emotional warmth, an almost
1758 3375 2449 3418 How is it that behind the nauseous
1025 3405 1722 3462 febrile sympathy whichTheresa'
1739 3397 2450 3454 fact of Caspar an eche of healing
1743 3444 2451 3479 laughter is faintly audible? The
1023 3433 1725 3500 quite lacks. "Bertha Garlan“ is a
1741 3477 2443 3519 fourth part of the tetralogy is to come.
1030 3482 1730 3524 nervous, flowing narrative, much
1745 3511 2445 3555 Will it show Caspar and his genera¬
1018 3506 1727 3574 broken hy dialogue and what is in
1740 3537 2461 3602 tion, grown older, in more hopeful
1021 3561 1732 3604 effect soliloquy. It is all told di¬
1732 3571 1876 3623 light?
1027 3596 1723 3642 rectly from the woman’s point of
1021 3631 1734 3681 view, directly out of her conscious¬
1025 3665 1763 3714 ness, with a Galsworthlan unfolding
1019 3709 1758 3768 of what goes on from moment #o#
1021 3737 1669 3804 moment in her mind and heart.
1255 3783 1528 3864 *Theresn.)
1045 3833 1758 3895 In manner and effect“Theresa“ is
1021 3884 1747 3941 quite other. A rather hard, dry, cir¬
1033 3918 1738 3962 cumstantial account, truly a “chron¬
1016 3947 1740 3983 icle'' of a life in which one is able to
1017 3985 1739 4036 discover little charm or dignity. On
1023 4019 1740 4056 the whole it is a chronicle of middle¬
1011 4044 1739 4086 aged frailtv by one who has outlived
1018 4080 1740 4126 even middle age. Schnitzler is sorry
1015 4107 1118 4145 Tor
1137 4109 1320 4146 s Theresa
1478 4120 1570 4145 son
