3484 4256
291 208 848 281 35. Therese
910 209 1377 307 box 6/2
520 267 863 324 „
1197 1210 1399 1267 Berader
665 1240 830 1301 etj.
539 1270 1393 1350 Ein Erich Peuckert, „Die Rosenkreutzer“ Ver¬
447 1306 1041 1386 lag Eugen Diederichs, Jena.
187 1419 1405 1493 tungswillen bis glück. Er will sie heiraten, die Tochter selbst
507 1463 1403 1519 hat es ihm geraten, schon wird alles vorbe¬
508 1515 1411 1571 reitet, als ihn ein plötzlicher Tod entführt
175 1508 488 1583 egeeltern unter¬
514 1555 1406 1618 und Therese, verlorener noch als früher, zu¬
187 1564 500 1631 er, von Station
511 1597 1403 1646 rückbleibt, unversorgt auch, da der Verstor¬
177 1611 502 1665 dund — von
511 1638 1410 1709 bene seine Absicht, sie in seinem Testament
187 1640 494 1711 enden Monaten
513 1679 1405 1744 sicherzustellen, wohl ausgesprochen, aber
201 1696 493 1761 felte Zeiten der
518 1727 962 1787 nicht ausgeführt hatte.
211 1741 504 1798 mehr als ein¬
550 1770 1398 1833 Ein kleines Legat ist alles, was ihr außer
187 1785 494 1846 kaufen, um nur
496 1812 1403 1875 dem Schmerz geblieben ist. Und das will ihr
510 1855 1419 1927 der Sohn abzwingen. Da sie sich weigert, ihm
212 1874 494 1935 entwickelt von
510 1900 1268 1959 ihr Letztes auszuliefern, erschlägt er sie.
216 1926 504 1984 Eigenschaften,
540 1936 1408 2005 Es ist nicht nötig zu sagen, daß Schnitzlers
190 1967 501 2033 bereiten und sie
518 1982 1405 2034 Menschen leben und wirklich sind. Wir alle
200 2014 496 2073 Pflegeeltern zu
501 2022 1401 2090 kennen und verehren seine große Gabe, das
195 2056 487 2111 ganz in einen
507 2071 1405 2136 Leben so zu schildern, wie es ist. Aber was in
216 2096 494 2154 mündet und
509 2124 1400 2176 diesem neuen Buch auffallend wirkt, ist die
190 2139 488 2202 Landesgerichtes
508 2158 1403 2212 bewußte Zurückhaltung, die er sich auferlegt
185 2186 492 2250 en und Monate
506 2211 1404 2264 hat. Was er gibt, ist wirklich eine Chronik
184 2231 500 2288 verkommt, desto
501 2247 1400 2303 und nur dort, wo es unumgänglich notwendig
234 2285 1408 2352 Schuld ihm erscheint, fügt er, über das tatsächliche Ge¬
188 2314 488 2376 stets vergeblich,
506 2340 1411 2406 schehen hinaus, noch die Schilderung des
197 2361 498 2419 Widerstand zu
506 2373 968 2441 seelischen Erlebens ein.
178 2400 497 2468 cht das schlechte
549 2415 1412 2484 Es ist ein Buch unserer Zeit. Ein Buch von
204 2447 501 2518 Haßgefühl bei
509 2457 1398 2524 der Lieblosigkeit und dem Egoismus der
509 2504 1400 2567 Lebenden. Ein Buch, in dem einer, der kein
177 2526 502 2605 chicksal der Ver¬
505 2551 1401 2614 Ankläger, nur ein Schilderer, ein Verständ¬
187 2592 506 2645 uten wenden zu
514 2598 1397 2645 nisvoller, zeigt, wie es wirklich ist. Unsenti¬
185 2635 501 2689 ater einer ihrer
522 2634 1394 2688 mental, mit gewollter Kühle. Und doch
180 2672 504 2734 stete jetzt bei sich
503 2690 1397 2742 zwischen jeder Zeile erkennen läßt, daß alles
183 2721 1391 2772 Mädchen, das in tausendmal schöner, besser und glücklicher sein
189 2766 1400 2823 iebe an Therese könnte, wenn nicht jeder Einzelne, eingekapselt
197 2807 499 2872 sie aufmerksam
521 2809 1403 2872 in sein eigenes, liebloses und egoistisches Ich,
200 2850 502 2908 früh heiratet,
502 2852 1399 2921 seinen Weg rücksichtslos und blind gegen jeden
182 2896 1062 2965 kdenen und der andern durchschreiten würde.
189 2932 517 3013 in Spätsommer¬
875 2943 1352 3017 Hanns Margulies.
2228 1253 2860 1326 Prager Abendblatt Nr. 115.
1990 1335 2896 1403 sche Sendung. Lehrer Scholz: Kunterbunt für Kin.
1984 1377 2894 1434 der. 19.15—20.00: Schallplatten. 20.00—22.20: Ss. nach
1777 1384 1956 1457 Jakobin“
1998 1399 2881 1465 Bratislava. 20.00—22.00: Uebertragung aus Kolin. Popu¬
1999 1429 2882 1494 läre Kompositionen Kmochs. 22.25—23.00: S. S. nus
1800 1439 1957 1515 (a. A.).
1987 1456 2886 1521 Brünn, Tanzfnusik. — Brünn (441). 12.15—13.15: Mit¬
1982 1484 2880 1558 tasgkonzert, 17.00—-18.00: Ein Stunde für die Jugend.
1981 1514 2874 1588 18.10—18.25: Deutsche Sendung. Lia Kroupa.
1986 1543 2878 1610 Konzertsängerin, am Klavier O. Hawran: Arien. 19.00
1979 1573 2872 1635 bis 20.00: Eine Stunde Romantik in Gesang und Musik.
1982 1598 2875 1666 Mitw.: St. Tauber (Gesang), Orchester des R.-J. 20.20
1980 1634 2867 1694 bis 22.00: Studentenmaiales ehemals .. Mitw.: Rud. Wal¬
1972 1660 2876 1730 ter, Oberregisseur des Nationalthealers (Rezitation), Ferd.
1968 1700 2869 1755 Pospisil (Gesang), Orchester des R.-J. 22.25—23.00: S. S.
1981 1722 2873 1797 nach Prag und Bratislava. Abendkonzert aus dem Café
1810 1717 1942 1787 er Be¬
1964 1744 2184 1792 Rosenbreier.
1806 1768 1938 1817 1 Neu¬
2027 1781 2210 1834 n
1799 1805 1943 1848 lolung.
1999 1813 2780 1901 ürthur Schnitzlers neuer Roman
1816 1843 1936 1905 thea¬
1814 1895 1939 1941 Georg
2251 1888 2559 1956 „Therese.“
1811 1918 1945 1982 lerum
2036 1922 2870 2006 Ein neuer Schnitzler, — ein anderer, ein ver¬
1812 1975 1935 2031 ung
1952 1976 2869 2046 wandelter Schnitzler. Wohl wurzeln die Gesichte
1813 2015 1931 2050 ngen
1958 2008 2860 2100 des österreichischesten aller Schriftsteller noch immer
1829 2042 1929 2083 msell
1837 2073 1934 2130 von
1947 2048 2855 2128 in dem ihm unvergeßlichen Wien der Vorkriegszeit,
1954 2083 2853 2174 aber der Zauber wienerischer Neuromantik, jenes
1803 2111 1930 2187 Sonn¬
1957 2124 2852 2217 Bonquet, gewunden aus dem Immergrün heller
1948 2169 2846 2253 Liebenswürdigkeit, Heiterkeit mit einem Hauch
1818 2209 1920 2267 uns
1943 2208 2855 2291 rührseliger Melancholie, biederer Weltanschauung
1945 2240 2847 2330 mit einem Tropfen nonchalanter Schlamperei,
1812 2297 1913 2343 von
1948 2283 2844 2366 Preislied des Leichtsinns mit dem breitesten choralen
1809 2335 1913 2389 folgt
1938 2324 2851 2410 Unterton, der Sprung von tändelndem Flirt bis
1797 2378 1903 2429 oper,
1946 2365 2793 2443 zum Hohelied der Liebe von Mensch zu Mensch, —
1795 2402 1909 2465 rlin,
1945 2407 2847 2485 all das ist wie für immer dahin. An dessen Stelle
1809 2452 1908 2502 eine
1941 2448 2849 2527 treten Strindbergsche Weltzerrissenheit, Ibsensche
1820 2490 1908 2543 iter
1935 2474 2840 2570 Problematik, Freudsche Destruktivität. „Chronik
1825 2534 1910 2584 irg
1929 2517 2839 2604 eines Frauenlebens“ wird das neue Werk genannt.
1821 2566 1911 2622 der
2017 2562 2842 2638 Grau in grau das schattenhafteste aller
1816 2610 1907 2667 ten
1922 2592 2838 2678 Bücher, dumpf und modrig der ganze Lebenslauf
1810 2648 1900 2697 ats
1928 2645 2836 2724 eines jungen, allzu jungen Mädchens, Tochter eines
1816 2686 1906 2749 ork
1930 2682 2837 2766 pensionierten Oberstleutnants, der im Irrenhause
1931 2723 2833 2795 stirbt, so unsagbar traurig und lichtlos die Mäd¬
1931 2768 2830 2844 chenjahre Theresens, deren Mutter, Verfasserin
1924 2798 2836 2882 belangloser Gartenlaubenromane, sich ihrem Kinde
1926 2846 2828 2919 zeitlebens verschließt, ihr Bruder, Arzt und deutsch¬
1918 2885 2831 2957 nationaler Politiker, der aus Gründen der Be¬
1926 2920 2820 2989 quemlichkeit und Billigkeit mit der Schwester bricht,
1916 2955 2816 3031 so in der Welt alleinstehend, auf sich selbst ange¬
1915 2994 2821 3070 wiesen, jahre= und jahrzehntelang als Erzieherin,
1832 3015 2822 3123 #. als Lehrerin ihr Leben fristend, kümmerlich, schlecht
1805 3066 1895 3111 —
2433 3096 2519 3247 S
