3296 4256
517 120 867 202 Therese
302 119 868 259 38. Aannn
1013 122 1390 225 box 6/2
1348 841 2226 958 THERESE OU LES AMOURS VIENNOISES.
2299 848 2517 961 463
1093 944 2505 1016 quand le livre s’achéve sur une scène d’horreur aussi tra¬
1085 1020 2500 1083 gique que les dernières pages de ('Idiot ou des Possédés et que
1077 1078 2509 1169 nous voyons l'affreux Franz tenter d’assassiner Thérèse pour la
1079 1125 1340 1202 dévaliser.
1142 1179 2496 1261 Sur le lit d’höpital ou on transporte la moribonde, ilnya
1081 1260 2505 1330 plus qu'un dernier souffle qui l’attache à la vie:ce n’est pas
1074 1305 2500 1392 une idée d’amour, c’est une idée d’expiation. Elle fait venir,
1073 1370 2500 1431 non un prêtre (ilya tout de mème ici quelque chose d’un pen
1070 1433 2495 1505 singulier pour une catholique, mème pécheresse comme Thé¬
1080 1488 2497 1551 rese), mais Alfred, son premier ami et son vieux confident,
1075 1552 2506 1631 pour disculper son fils et se débarrasser de ce qu’elle a sur le
1072 1608 2503 1664 cceur. Elle murmure: ell est innocent. II n’a fait que me
1069 1673 2500 1749 rendre ce queje lui ai fait. 9 Et cet aveu lui fait du bien: c’est
1079 1722 2496 1798 ce qui donne un sens à sa misérable vie, à tout ce qu'elle avait
1064 1769 2494 1858 souffert, à ce qui lui restait à souffrir. 6 Son fils lui était
1078 1841 2497 1906 rendu, elle trouvait enfin avec lui son véritable rapport: 11
1070 1904 2064 1964 était pour elle l’instrument d’une justice. „
1117 1952 2507 2027 Justice de Dieu, justice des faits? M. Schnitzler ne le dit
1069 2019 2486 2100 pas. Mais on ne peut qu'admirer dans ce grand esprit scep¬
1069 2074 2487 2130 tique et détaché, à travers la ruine de tant de préjugés, la sur¬
1079 2128 2497 2201 vivance de cette vieille mystique judaique, de ce mystérieux
1063 2198 2497 2279 calcul de compensations, de cette loi du talion qui accompagne
1066 2253 2488 2337 depuis l’origine les hommes de sa race. Legs moral quicons¬
1060 2314 2494 2387 titue peut-être l’unique solidité d’un monde d’illusions absurde
1072 2379 2493 2442 et dérisoire: et il semble, pour dernier mot, s’exhaler de sce
1066 2431 2495 2488 livre la plus vieille plainte du monde, le gémissement dilsraél,
1061 2492 2489 2565 le cri séculaire de Job, qu’il vaudrait mienx n’étre pas né, ou
1055 2547 2493 2644 T’axiome de l’Ecclésiaste, le glas désolé de la vie: Tanitas vant¬
1056 2598 1635 2679 tatum et omntd vanitas.
1926 2704 2361 2805 Lovis Guzer.
