3296 4256
1041 373 2641 434 from THE INNER SANCTUM of
1044 462 2650 564 SIMON and SCHUSTER
1040 567 2641 657 Publishers. 37 West 57th Street. Neu York
1484 1034 2195 1096 story of the original Savoyards, en¬
2265 1044 2970 1107 which presents and critically analyzes
1491 1091 2194 1140 titled The Compleat Gilbert and Sulli¬
707 1066 1433 1149 Blographies
2260 1093 2969 1156 the greatest games of the world’s
1496 1131 2199 1176 van, is by Issac Gornaznc, biographer
2261 1130 2588 1189 greatest players.
1495 1161 2202 1220 of MENCKEN, NArHAN, and HAvELoCk
1494 1199 2195 1257 ExLis. It will contain a vast amount
705 1142 1435 1284 Feature Spring
2480 1192 2971 1266 There will be another
2258 1177 2478 1269 44
1489 1234 2192 1301 of new material, sumptuously illus¬
2260 1257 2969 1305 Cross Word Puzzle Book—the ninth
1499 1275 1640 1335 trated.
2260 1290 2963 1328 in the home-wrecking series, now in
710 1257 1445 1371 Publications
2256 1321 2973 1379 its second chequered million, and
1475 1340 2200 1403 (2/202) Another important and
2266 1369 2961 1421 edited as of yore by Paosren Bunan¬
1496 1404 2203 1444 colorful biography will be HEAnsr,
2265 1397 2966 1447 ELLI, F. Gaxconv Haurswick, and
703 1416 1428 1491 Lives of Beethoven, Hearst,
1496 1441 2198 1488 An American Phenomenon, by Jonn
2267 1439 2973 1495 MARGARET PErHERBRIDCE. They are
1509 1473 2193 1524 K. WINKLER. Afragment of this study
2268 1477 2965 1533 also responsible for a new offering,
789 1483 1426 1537 Gilbert and Sullivan and
1493 1508 2202 1561 evoked widespread discussion when it
2263 1509 2966 1566 The Cryptogram Book, which brings
776 1532 1425 1604 Fascinating Women,
1486 1551 2197 1595 appeared in The Neie Vorker. It is a
2263 1552 2970 1611 the thrills of deciphering enemy codes
1492 1585 2197 1625 truthful presentation of a prodigious
2266 1592 2576 1642 into the parlor.
770 1587 1424 1669 Sacred and Profane,
1485 1620 2202 1682 and almost mythical figure of our time,
770 1643 1114 1718 Announced
1482 1667 2196 1707 one with “elements of P. T. Barnum
2250 1633 2973 1715 (D/2/2) Another SiMoN ANb Schus.
1487 1701 2204 1749 and Benvenuto Cellini.“ Hearst’s great
2261 1709 2966 1760 TER contribution to the gavety of
1486 1732 2195 1787 foeman in the early days of yellow
2268 1743 2965 1796 nations is The Pottleton Bridge Par¬
1490 1763 2201 1813 journalism, Joseph Pulitzer, was also
2270 1783 2973 1836 ties by Huen Turrz. Anew translation
704 1766 1418 1855 New Schnitzler
1490 1812 2203 1851 the subject of a Simon and Schuster
2265 1820 2968 1870 by MaariN Anmsrnong of the Spanish
1494 1845 2168 1913 biography, written by Don C. Seitz.
2263 1867 2964 1912 classic of Penno Awronio DE ALARCoN,
707 1873 1431 1953 Novel Scheduled
2267 1899 2966 1952 The Three Cornered Hat will be issued
1664 1908 2190 1981 ARTHUR ScHNiTzLea’s first
2268 1936 2973 1972 in an edition illustrated in colors by
1492 1967 2198 2018 full-length novel in many years will
2265 1975 2970 2026 Norman Tealby. From Germany
1490 2011 2191 2052 be published this Spring by Simon
715 1987 1422 2058 Simon and Schuster Offer
2265 2001 2962 2052 comes a biographical chronicle on
1485 2040 2202 2096 ANn SchusrEs, under the title Therese,
2315 2045 2966 2087 dies fair of all ages, entitled Fasci¬
782 2054 1426 2132 Largest List To Date,
1490 2083 2199 2133 the Story of A Woman’s Lise. The
2261 2087 2974 2126 nating Women, Sacred and Profane, by
1501 2116 2203 2179 acclaim of his recent novelettes, espe¬
2256 2121 2991 2167 FRaNz Brei, and from France a dis¬
778 2119 1414 2182 Tneluding Second Book
1498 2153 2195 2202 cially Fräulein Else, Rhapsody, and
2265 2155 2968 2216 tinguished novel by RoLAND DORCELES,
783 2167 1280 2246 by Aloysius Horn
1485 2196 2194 2242 Daybreak, indicates a widespread in¬
2265 2200 2642 2251 entitled Departure.
1491 2229 2196 2276 #terest in the new book, which was
1498 2269 2205 2332 finished by Schwirzuen just before
2250 2251 2963 2315 (D/2/2) New additions to the
1500 2304 1834 2371 Christmas.
2263 2316 2974 2365 SIMON ANn Schusres series of Pamph¬
711 2296 1428 2370 D2/D) Sinon ANn Schusren's
2261 2350 2964 2401 let Poets—twenty-five cent reprints—.
724 2359 1417 2397 1928 Spring List, just released, is the
1485 2343 2194 2432 (2/20/2) Wich The Story of Phil¬
2256 2383 2956 2438 include Conrad Aiken, edited by
719 2395 1387 2459 largest ever announced by this firm.
1491 2404 2196 2461 osophy by Wiel Dukanr entering its
2252 2418 2970 2473 Louis Unrkkmxven, Lizette Wood¬
1480 2453 2201 2512 third hundred thousand and its third
2262 2449 2965 2514 worth Reese, edited by Huches
937 2479 1430 2543 Dur new program,“ says
705 2456 924 2544 444
1488 2495 2187 2538 consecutive year as a best-seller, the
2262 2489 2959 2552 MEAnNs, Alfred Kreymborg, edited by
1491 2531 2184 2572 publishers, SimoN Ann Schusren, find
712 2517 1427 2583 a statement from The Inner Sanctum
2260 2528 2961 2584 Paut. RosENFELD, and Henry Wads¬
1490 2568 2189 2619 the book-sellers and the reading pub¬
709 2568 1425 2621 of Essandess, Prepresents a marked ex¬
2252 2579 2971 2634 worth Longfellom, edited by Entiorr.
709 2599 1418 2654 pansion of both our American and
1483 2608 2200 2655 lic eagerly awaiting the first two titles
716 2644 1425 2680 European publishing activities, but it
1478 2646 2203 2698 in The Philosophers Library, a series
2260 2625 2963 2686 (2/2/2) As a life-saver for the
1487 2679 2188 2725 of one-volume editions of the works
715 2680 1420 2736 still conforms to our policy of a small
2264 2684 2961 2732 hard-pressed American host and
1488 2726 2195 2766 of the greatest thinkers of all time,
710 2720 1417 2767 list to which we can effectively devote
2260 2717 2961 2772 hostess, SimoN Ann Schusren will pre¬
710 2759 1163 2812 our personal attention.?
1488 2755 2199 2808 edited by scholars of repute for both
2254 2757 2965 2803 sent this Spring an opus entitled
1489 2790 2190 2843 students and laymen. The Forks of
2264 2797 2973 2840 What'll We Do Nou? by Enwann
1490 2825 2187 2881 Schopenhauer will be edited by Wiel
2257 2837 2968 2877 Loncsraern and L. T. Hourow. This
716 2798 1429 2899 (222 Twenty-hree Simon und
1487 2863 2186 2928 Dunanr, and The Works of Plato by
2265 2875 2962 2919 volume is sub-titled 4 Thousand and
715 2888 1422 2930 Schuster books are scheduled for the
1489 2903 1778 2954 InwiN EnMAN.
2257 2910 2962 2963 One Nights Wüh America’s Greatest
710 2922 1417 2966 period between January and July, be¬
2252 2938 2959 3002 Party-Throwers, or What to Do till
707 2958 1414 3004 ginning with The Lise and Works of
1476 2944 1685 3027 600
1694 2961 2188 3030 Davin Pinski, noted Vid¬
2259 2981 2970 3025 The Milkman Comes. The favorite
711 2998 1414 3055 Aubrey Beurdslev, by Harpanz Mac¬
1481 3005 2188 3067 dish playwright, is represented on the
2252 3024 2955 3068 diversions of Heywood Broun, Frank
705 3026 1428 3102 Fauz., issued on Friday, January 13th.
1480 3055 2187 3103 Spring 1928 List by a novel Arnold
2260 3063 2960 3105 Crowninshield, Robert E. Sherwood,
1492 3089 2189 3138 Levenberg, Man of Peace. From
2275 3098 2964 3147 Herbert Bayard Swope, John Held, Jr.,
1498 3128 2191 3183 Vienna comes Bambi, the Story of a
925 3108 1426 3178 A new Taanza Honn book
711 3087 922 3182 440
2258 3138 2957 3192 and scores of others are set forth in
718 3154 1417 3217 will be published in June, edited. like
1482 3165 2193 3215 Lise in the Woods, by FELIX SALTEN,
2246 3167 2961 3222 this illuminating treatise. The bock,
1477 3207 2194 3252 novelist and literary associate of Max
710 3202 1426 3244 ihe first, hy Erneunena Lewis. There
2253 3212 2958 3262 incidentally, reveals the rules of New
1484 3240 2197 3282 Reinhardt. The central character is a
711 3239 1422 3301 will be an introduction by WILLIAM
2264 3247 2961 3315 Vork'’s newest rage, a game called In
716 3270 873 3329 MCFEE.
1472 3282 2182 3320 young deer, and the first reports on
2260 3279 2477 3338 Your Hat.
1481 3317 2188 3370 Salten’s novel have evoked compari¬
1487 3354 2188 3414 sons with artists so far apart as De¬
2249 3324 2953 3406 (D/20), Holding the Daily Mirror
714 3335 1409 3433 (00D) Among ihe oiher ouf¬
1485 3390 1849 3448 bussy and Kipling.
2305 3401 2954 3450 pto Nature, J. P. McEvov, author
712 3407 1419 3466 standing features of the Spring List
2254 3436 2947 3478 of The Potters, has written a new
712 3453 1415 3503 are biographies of Lunwic vAN BEE¬
1470 3429 2187 3510 (D/2/2) To the Sinos Ann Schus¬
2246 3454 2951 3520 novel of Americana entitled Show-Girl,
711 3489 1421 3529 THOVEN AnA GILBERT AND SULLIVAN.
1479 3501 2192 3556 TER roster of Champions, which now
2251 3506 2946 3548 and SimoN ANn Schusres will release
712 3526 1421 3580 The BiErnoveN opus is entitled
1486 3535 2191 3586 includes Sinnzy S. LEnz, world’s
2245 3544 2944 3587 it with a flourish on their Spring List.
737 3566 1416 3614 Kroing and is the work of SAMuEI.
1475 3570 2188 3632 champion auction bridge player and
2244 3580 2955 3620 The story moves with stoccato speed
836 3601 1419 3661 orr, musie critic of the New
1485 3610 2183 3663 WIL.LIAM T. TILDEN, America’s tennis
2244 3620 2955 3655 and is told through letters, telegrams,
716 3634 1417 3685 World, himself a concert pianist
1484 3649 2185 3684 champion, is now added the name of
2241 3658 2956 3707 tabloid interviews, confidential reports
701 3680 1418 3726 of note, and a scholar of attainments,
1489 3683 2194 3737 FnaNk J. Manshaul., United States
2255 3690 2952 3743 by private detectives, sales managers'
715 3722 1420 3768 who last year continued his Beethoven
1487 3725 2180 3772 chess champion, and author of a new
2239 3729 2947 3789 high pressure memos, and back-stage
712 3756 1432 3814 researches in Bonn and Vienna. The
1487 3769 2196 3823 work entitled Chess Masterpieces,
2239 3769 2725 3828 and night-club dialogues.
682 3948 728 3997 710
1705 3896 1930 3999 440
686 4007 1399 4084 For Immediate Release, January, 1928—a
