<?xml version="1.0" encoding="UTF-8" standalone="yes"?>
<PcGts xmlns="http://schema.primaresearch.org/PAGE/gts/pagecontent/2013-07-15" xmlns:xsi="http://www.w3.org/2001/XMLSchema-instance" xsi:schemaLocation="http://schema.primaresearch.org/PAGE/gts/pagecontent/2013-07-15 http://schema.primaresearch.org/PAGE/gts/pagecontent/2013-07-15/pagecontent.xsd">
    <Metadata>
        <Creator>prov=University of Rostock/Institute of Mathematics/CITlab/Gundram Leifert/gundram.leifert@uni-rostock.de:name=ONB_Newseye_GT_M1+(htr_id=10810)::::v=2.4.2
prov=University of Rostock/Institute of Mathematics/CITlab/Tobias Gruening/tobias.gruening@uni-rostock.de:name=de.uros.citlab.module.baseline2polygon.B2PSeamMultiOriented:v=2.4.2
prov=University of Rostock/Institute of Mathematics/CITlab/Tobias Gruening/tobias.gruening@uni-rostock.de:name=/mnt/transkribus/LA/DEA/URO/LA_news_onb_att.pb:de.uros.citlab.segmentation.CITlab_LA_ML:v=2.4.2
Transkribus</Creator>
        <Created>2019-10-07T10:23:36.674+02:00</Created>
        <LastChange>2019-10-07T17:41:35.457+02:00</LastChange>
        <TranskribusMetadata docId="223886" pageId="9491349" pageNr="97" tsid="16393829" status="IN_PROGRESS" userId="40391" imgUrl="https://files.transkribus.eu/Get?id=PMQLJIDTAYLSSCFXUQFTCUVK&amp;fileType=view" xmlUrl="https://files.transkribus.eu/Get?id=IKKLQJEGMTXYDICEFAAXRPUR" imageId="6181637"/>
    </Metadata>
    <Page imageFilename="223886_0097.jpeg" imageWidth="3296" imageHeight="4256">
        <ReadingOrder>
            <OrderedGroup id="ro_1711446394517" caption="Regions reading order">
                <RegionRefIndexed index="0" regionRef="r1"/>
                <RegionRefIndexed index="1" regionRef="r2"/>
                <RegionRefIndexed index="2" regionRef="r3"/>
            </OrderedGroup>
        </ReadingOrder>
        <TextRegion orientation="0.0" id="r1" custom="readingOrder {index:0;}">
            <Coords points="262,173 262,234 808,234 808,173"/>
            <TextLine id="r1l1" custom="readingOrder {index:0;}">
                <Coords points="484,205 625,211 660,198 687,211 755,198 778,210 801,206 800,158 764,164 706,151 653,165 613,141 595,148 579,140 552,153 521,135 483,139"/>
                <Baseline points="490,199 515,197 540,196 566,195 591,194 616,194 642,193 667,193 692,193 718,193 743,193 768,194 794,194"/>
                <TextEquiv>
                    <Unicode>Therese</Unicode>
                </TextEquiv>
            </TextLine>
            <TextLine id="r1l2" custom="readingOrder {index:1;}">
                <Coords points="255,219 325,208 386,233 434,216 488,244 612,227 720,250 812,242 815,196 672,210 446,197 344,136 258,167"/>
                <Baseline points="262,193 289,196 316,198 343,201 371,204 398,207 425,209 453,212 480,214 507,216 535,218 562,220 589,222 616,223 644,223 671,224 698,223 726,223 753,222 780,220 808,217"/>
                <TextEquiv>
                    <Unicode>35. Bn</Unicode>
                </TextEquiv>
            </TextLine>
            <TextEquiv>
                <Unicode>Therese
35. Bn</Unicode>
            </TextEquiv>
        </TextRegion>
        <TextRegion orientation="0.0" id="r2" custom="readingOrder {index:1;}">
            <Coords points="963,95 963,248 1327,248 1327,95"/>
            <TextLine id="r2l1" custom="readingOrder {index:0;}">
                <Coords points="958,187 1016,216 1035,200 1135,205 1156,185 1228,215 1267,201 1287,213 1333,198 1334,154 1295,135 1271,146 1186,137 1152,163 1082,147 1058,161 1025,157 999,135 958,157"/>
                <Baseline points="963,195 989,195 1015,195 1041,195 1067,196 1093,196 1119,197 1145,197 1171,198 1197,198 1223,198 1249,198 1275,198 1301,197 1327,196"/>
                <TextEquiv>
                    <Unicode>box 6/2</Unicode>
                </TextEquiv>
            </TextLine>
            <TextEquiv>
                <Unicode>box 6/2</Unicode>
            </TextEquiv>
        </TextRegion>
        <TextRegion orientation="0.0" id="r3" custom="readingOrder {index:2;}">
            <Coords points="1588,563 1588,4160 2722,4160 2722,563"/>
            <TextLine id="r3l1" custom="readingOrder {index:0;}">
                <Coords points="1699,602 2355,649 2352,599 1959,602 1704,545"/>
                <Baseline points="1706,586 1738,591 1770,595 1802,599 1834,602 1866,605 1898,609 1931,612 1963,615 1995,617 2027,619 2059,623 2091,625 2123,628 2156,630 2188,632 2220,635 2252,637 2284,640 2316,643 2349,646"/>
                <TextEquiv>
                    <Unicode>Ainenneennnnnnnen</Unicode>
                </TextEquiv>
            </TextLine>
            <TextLine id="r3l2" custom="readingOrder {index:1;}">
                <Coords points="2465,661 2502,666 2536,655 2602,682 2616,672 2631,680 2697,681 2729,673 2732,641 2654,647 2640,636 2629,640 2599,605 2566,617 2521,600 2470,599"/>
                <Baseline points="2472,656 2497,659 2522,661 2547,663 2572,665 2597,667 2622,669 2647,671 2672,674 2697,676 2722,678"/>
                <TextEquiv>
                    <Unicode>Ne.. 4. 1.</Unicode>
                </TextEquiv>
            </TextLine>
            <TextLine id="r3l3" custom="readingOrder {index:2;}">
                <Coords points="2565,716 2575,715 2581,710 2591,718 2601,717 2607,721 2611,718 2623,719 2625,673 2618,671 2602,681 2595,674 2585,676 2579,671 2576,673 2567,672"/>
                <Baseline points="2572,693 2618,695"/>
                <TextEquiv>
                    <Unicode>—</Unicode>
                </TextEquiv>
            </TextLine>
            <TextLine id="r3l4" custom="readingOrder {index:3;}">
                <Coords points="1754,726 2578,815 2669,799 2673,756 2583,711 2171,706 2075,670 2011,695 1760,653"/>
                <Baseline points="1760,733 1805,734 1850,736 1895,739 1940,742 1986,745 2031,748 2076,752 2121,756 2166,760 2212,765 2257,769 2302,773 2347,776 2392,780 2438,783 2483,786 2528,788 2573,790 2618,792 2664,792"/>
                <TextEquiv>
                    <Unicode>Mhut Mlste et intemalional de ig Pose 3. 1.</Unicode>
                </TextEquiv>
            </TextLine>
            <TextLine id="r3l5" custom="readingOrder {index:4;}">
                <Coords points="1893,791 2016,816 2115,811 2141,831 2280,820 2319,842 2475,843 2512,816 2423,785 2322,798 1896,752"/>
                <Baseline points="1900,786 1930,790 1960,795 1990,799 2020,802 2051,804 2081,807 2111,809 2141,811 2171,813 2202,814 2232,816 2262,818 2292,820 2322,822 2353,824 2383,827 2413,829 2443,831 2473,835 2504,839"/>
                <TextEquiv>
                    <Unicode>23, Nue du Rhöne - GENEVE</Unicode>
                </TextEquiv>
            </TextLine>
            <TextLine id="r3l6" custom="readingOrder {index:5;}">
                <Coords points="1720,844 2631,913 2696,908 2698,882 2625,838 2320,858 1724,790"/>
                <Baseline points="1727,833 1775,836 1823,839 1871,843 1919,846 1967,849 2015,852 2064,856 2112,859 2160,862 2208,866 2256,870 2304,873 2352,876 2401,880 2449,884 2497,887 2545,891 2593,895 2641,899 2690,903"/>
                <TextEquiv>
                    <Unicode>Adr. télégr.: Coupures-Genéve — Tél. Stand 40.05</Unicode>
                </TextEquiv>
            </TextLine>
            <TextLine id="r3l7" custom="readingOrder {index:6;}">
                <Coords points="1720,915 2509,996 2672,991 2675,961 1924,877 1722,888"/>
                <Baseline points="1726,909 1773,913 1820,917 1867,921 1914,924 1961,928 2008,932 2055,935 2102,939 2149,942 2196,946 2243,949 2290,952 2337,956 2384,959 2431,963 2478,967 2525,970 2572,973 2619,977 2667,981"/>
                <TextEquiv>
                    <Unicode>Bureau International de coupures de journaux.</Unicode>
                </TextEquiv>
            </TextLine>
            <TextLine id="r3l8" custom="readingOrder {index:7;}">
                <Coords points="1826,976 2582,1027 2548,995 2427,978 1830,935"/>
                <Baseline points="1833,968 1870,971 1907,973 1944,977 1981,980 2018,983 2055,986 2092,989 2129,992 2166,995 2204,999 2241,1002 2278,1005 2315,1008 2352,1011 2389,1013 2426,1017 2463,1019 2500,1021 2537,1024 2575,1026"/>
                <TextEquiv>
                    <Unicode>Traductions de et en toutes langues.</Unicode>
                </TextEquiv>
            </TextLine>
            <TextLine id="r3l9" custom="readingOrder {index:8;}">
                <Coords points="1717,1076 2655,1159 2583,1089 2509,1110 2464,1085 2343,1097 2309,1068 2247,1087 1720,1036"/>
                <Baseline points="1724,1071 1770,1076 1816,1080 1862,1084 1909,1088 1955,1092 2001,1096 2048,1099 2094,1103 2140,1106 2187,1110 2233,1113 2279,1117 2325,1120 2372,1123 2418,1127 2464,1131 2511,1135 2557,1139 2603,1143 2650,1147"/>
                <TextEquiv>
                    <Unicode>Correspondants dans toutes les grandes villes.</Unicode>
                </TextEquiv>
            </TextLine>
            <TextLine id="r3l10" custom="readingOrder {index:9;}">
                <Coords points="1647,1202 1746,1220 1821,1199 1862,1221 2082,1234 2088,1168 2012,1185 1990,1167 1966,1177 1896,1157 1825,1172 1803,1154 1652,1148"/>
                <Baseline points="1654,1186 1680,1188 1707,1190 1733,1192 1760,1194 1786,1197 1813,1200 1839,1202 1866,1205 1892,1208 1919,1210 1945,1212 1972,1214 1998,1215 2025,1216 2051,1217 2078,1217"/>
                <TextEquiv>
                    <Unicode>Extrait du Journal:</Unicode>
                </TextEquiv>
            </TextLine>
            <TextLine id="r3l11" custom="readingOrder {index:10;}">
                <Coords points="1636,1310 2084,1322 2541,1246 2537,1184 1973,1275 1632,1255"/>
                <Baseline points="1639,1277 1683,1287 1728,1294 1773,1299 1817,1303 1862,1306 1907,1307 1951,1307 1996,1306 2041,1304 2086,1300 2130,1296 2175,1292 2220,1286 2264,1279 2309,1272 2354,1264 2398,1256 2443,1247 2488,1239 2533,1229"/>
                <TextEquiv>
                    <Unicode>Achene: ge sin rade Sao</Unicode>
                </TextEquiv>
            </TextLine>
            <TextLine id="r3l12" custom="readingOrder {index:11;}">
                <Coords points="2341,1342 2373,1328 2411,1327 2443,1315 2463,1315 2469,1321 2482,1313 2491,1318 2518,1311 2514,1269 2438,1264 2412,1276 2387,1274 2364,1284 2334,1276"/>
                <Baseline points="2345,1323 2372,1319 2400,1316 2428,1313 2455,1311 2483,1308 2511,1305"/>
                <TextEquiv>
                    <Unicode>TOADOP</Unicode>
                </TextEquiv>
            </TextLine>
            <TextLine id="r3l13" custom="readingOrder {index:12;}">
                <Coords points="1626,1386 1640,1387 1652,1400 1676,1391 1698,1403 1716,1400 1733,1407 1750,1402 1763,1413 1778,1408 1795,1414 1799,1346 1735,1341 1707,1352 1684,1340 1674,1345 1638,1336 1628,1340"/>
                <Baseline points="1632,1385 1658,1384 1684,1385 1711,1387 1737,1389 1763,1391 1790,1393"/>
                <TextEquiv>
                    <Unicode>Date:</Unicode>
                </TextEquiv>
            </TextLine>
            <TextLine id="r3l14" custom="readingOrder {index:13;}">
                <Coords points="2173,1429 2209,1424 2217,1418 2229,1421 2244,1414 2250,1418 2256,1415 2287,1418 2285,1378 2278,1380 2251,1372 2226,1349 2216,1348 2207,1355 2202,1350 2169,1353"/>
                <Baseline points="2179,1415 2204,1412 2230,1409 2255,1408 2281,1411"/>
                <TextEquiv>
                    <Unicode>99</Unicode>
                </TextEquiv>
            </TextLine>
            <TextLine id="r3l15" custom="readingOrder {index:14;}">
                <Coords points="1959,1486 1987,1484 2008,1463 2035,1463 2064,1444 2088,1456 2122,1449 2174,1464 2169,1364 2132,1372 2080,1362 2058,1383 2017,1393 1998,1389 1977,1411 1955,1417"/>
                <Baseline points="1963,1453 1988,1451 2014,1449 2039,1445 2065,1443 2091,1441 2116,1439 2142,1441 2168,1444"/>
                <TextEquiv>
                    <Unicode>O MN 70</Unicode>
                </TextEquiv>
            </TextLine>
            <TextLine id="r3l16" custom="readingOrder {index:15;}">
                <Coords points="1581,1727 1609,1733 1638,1750 1663,1743 1753,1759 1750,1683 1722,1694 1707,1681 1692,1678 1675,1685 1633,1667 1624,1674 1607,1668 1593,1679 1579,1680"/>
                <Baseline points="1588,1733 1614,1733 1640,1731 1667,1729 1693,1727 1719,1727 1746,1731"/>
                <TextEquiv>
                    <Unicode>1929</Unicode>
                </TextEquiv>
            </TextLine>
            <TextLine id="r3l17" custom="readingOrder {index:16;}">
                <Coords points="1771,1767 1790,1765 1818,1789 1830,1786 1855,1764 1866,1771 1875,1767 1881,1773 1918,1773 1928,1768 1929,1717 1893,1727 1871,1720 1847,1729 1830,1723 1806,1735 1771,1729"/>
                <Baseline points="1777,1760 1806,1762 1835,1762 1864,1761 1893,1761 1922,1763"/>
                <TextEquiv>
                    <Unicode>—</Unicode>
                </TextEquiv>
            </TextLine>
            <TextLine id="r3l18" custom="readingOrder {index:17;}">
                <Coords points="1688,1860 2433,1851 2433,1822 2358,1787 1869,1817 1771,1792 1688,1813"/>
                <Baseline points="1694,1846 1730,1847 1767,1848 1803,1849 1840,1849 1877,1849 1913,1850 1950,1850 1987,1850 2023,1850 2060,1849 2097,1849 2133,1848 2170,1848 2207,1847 2243,1847 2280,1846 2317,1846 2353,1845 2390,1845 2427,1844"/>
                <TextEquiv>
                    <Unicode>UN·O GERSLAN NOVELS</Unicode>
                </TextEquiv>
            </TextLine>
            <TextLine id="r3l19" custom="readingOrder {index:18;}">
                <Coords points="1611,1973 2479,1964 2496,1917 1610,1930"/>
                <Baseline points="1617,1958 1660,1959 1704,1959 1747,1959 1791,1959 1835,1959 1878,1958 1922,1958 1966,1958 2009,1958 2053,1957 2097,1956 2140,1956 2184,1955 2228,1954 2271,1953 2315,1952 2359,1951 2402,1950 2446,1948 2490,1947"/>
                <TextEquiv>
                    <Unicode>ThEkrsa: Tan-Enkosienn or A WoafAN’s</Unicode>
                </TextEquiv>
            </TextLine>
            <TextLine id="r3l20" custom="readingOrder {index:19;}">
                <Coords points="1661,2008 2050,2001 2101,2028 2234,1994 2453,2010 2507,1988 2506,1951 1661,1965"/>
                <Baseline points="1667,1998 1708,1998 1750,1998 1792,1999 1833,1999 1875,1999 1917,1999 1958,1999 2000,1999 2042,1999 2084,1999 2125,1999 2167,1999 2209,1998 2250,1998 2292,1997 2334,1996 2375,1995 2417,1994 2459,1992 2501,1990"/>
                <TextEquiv>
                    <Unicode>Lirz. By Aurnon Scharrzuin. (Constable.</Unicode>
                </TextEquiv>
            </TextLine>
            <TextLine id="r3l21" custom="readingOrder {index:20;}">
                <Coords points="1667,2046 1687,2039 1771,2056 1804,2044 1850,2057 1938,2044 1938,2020 1921,2022 1900,2002 1888,2011 1842,2014 1801,2012 1791,2003 1783,2012 1755,2003 1667,2009"/>
                <Baseline points="1673,2038 1698,2038 1724,2038 1750,2039 1776,2040 1802,2040 1828,2041 1854,2041 1880,2041 1906,2041 1932,2039"/>
                <TextEquiv>
                    <Unicode>7s. 6d. net.)</Unicode>
                </TextEquiv>
            </TextLine>
            <TextLine id="r3l22" custom="readingOrder {index:21;}">
                <Coords points="1624,2102 2242,2086 2294,2108 2347,2081 2495,2085 2495,2054 2363,2043 2316,2073 2219,2022 2090,2066 1998,2044 1624,2063"/>
                <Baseline points="1630,2090 1675,2090 1720,2090 1765,2090 1810,2090 1856,2090 1901,2090 1946,2090 1991,2090 2036,2090 2082,2090 2127,2089 2172,2088 2217,2088 2262,2086 2308,2085 2353,2083 2398,2082 2443,2079 2489,2076"/>
                <TextEquiv>
                    <Unicode>Srerrzsworr. By Hennanx Husst, Trans¬</Unicode>
                </TextEquiv>
            </TextLine>
            <TextLine id="r3l23" custom="readingOrder {index:22;}">
                <Coords points="1666,2148 1881,2125 1999,2160 2128,2130 2425,2141 2508,2130 2508,2083 1666,2097"/>
                <Baseline points="1672,2132 1713,2131 1755,2130 1796,2129 1838,2129 1879,2129 1921,2128 1962,2128 2004,2128 2045,2129 2087,2129 2128,2129 2170,2129 2211,2128 2253,2128 2294,2127 2336,2127 2377,2126 2419,2124 2460,2122 2502,2120"/>
                <TextEquiv>
                    <Unicode>lated by Basn. Camenrof. (Secker.</Unicode>
                </TextEquiv>
            </TextLine>
            <TextLine id="r3l24" custom="readingOrder {index:23;}">
                <Coords points="1673,2179 1732,2183 1752,2169 1826,2182 1868,2170 1885,2184 1892,2178 1921,2187 1922,2136 1899,2133 1883,2145 1872,2134 1849,2145 1823,2138 1812,2145 1801,2136 1782,2144 1773,2135 1741,2147 1717,2135 1684,2146 1673,2141"/>
                <Baseline points="1679,2171 1705,2169 1731,2169 1757,2169 1783,2170 1810,2170 1836,2171 1862,2171 1888,2172 1915,2171"/>
                <TextEquiv>
                    <Unicode>78. 6d. net.)</Unicode>
                </TextEquiv>
            </TextLine>
            <TextLine id="r3l25" custom="readingOrder {index:24;}">
                <Coords points="1615,2241 2463,2225 2503,2180 1615,2188"/>
                <Baseline points="1621,2222 1664,2222 1708,2222 1752,2223 1796,2223 1840,2223 1883,2223 1927,2223 1971,2223 2015,2223 2059,2223 2102,2223 2146,2222 2190,2221 2234,2220 2278,2219 2321,2218 2365,2216 2409,2214 2453,2211 2497,2208"/>
                <TextEquiv>
                    <Unicode>If one wanted to give a mme to the type of</Unicode>
                </TextEquiv>
            </TextLine>
            <TextLine id="r3l26" custom="readingOrder {index:25;}">
                <Coords points="1620,2281 2162,2270 2211,2246 2496,2267 2502,2209 1619,2242"/>
                <Baseline points="1625,2263 1668,2263 1712,2263 1755,2263 1799,2263 1843,2263 1886,2263 1930,2263 1973,2263 2017,2262 2061,2262 2104,2261 2148,2261 2191,2260 2235,2259 2279,2259 2322,2258 2366,2256 2409,2255 2453,2254 2497,2253"/>
                <TextEquiv>
                    <Unicode>novel Arthur Sehnitzler lias been writing</Unicode>
                </TextEquiv>
            </TextLine>
            <TextLine id="r3l27" custom="readingOrder {index:26;}">
                <Coords points="1617,2307 2504,2299 2503,2265 2438,2253 1616,2271"/>
                <Baseline points="1623,2301 1666,2303 1710,2304 1754,2305 1797,2305 1841,2305 1885,2305 1928,2305 1972,2305 2016,2304 2060,2303 2103,2302 2147,2301 2191,2300 2234,2298 2278,2297 2322,2295 2365,2294 2409,2293 2453,2292 2497,2291"/>
                <TextEquiv>
                    <Unicode>during the last few years, it would be possible</Unicode>
                </TextEquiv>
            </TextLine>
            <TextLine id="r3l28" custom="readingOrder {index:27;}">
                <Coords points="1628,2346 2031,2356 2382,2326 2421,2347 2507,2302 1627,2314"/>
                <Baseline points="1634,2340 1677,2342 1720,2343 1764,2344 1807,2345 1850,2345 1894,2345 1937,2344 1980,2344 2024,2343 2067,2342 2110,2341 2154,2340 2197,2339 2240,2337 2284,2335 2327,2334 2370,2333 2414,2332 2457,2331 2501,2330"/>
                <TextEquiv>
                    <Unicode>to find a less descriptive label than</Unicode>
                </TextEquiv>
            </TextLine>
            <TextLine id="r3l29" custom="readingOrder {index:28;}">
                <Coords points="1618,2369 1734,2401 1867,2369 1944,2396 2498,2371 2497,2327 1618,2345"/>
                <Baseline points="1624,2369 1667,2372 1710,2375 1754,2378 1797,2380 1841,2381 1884,2382 1927,2382 1971,2382 2014,2382 2058,2381 2101,2380 2144,2379 2188,2378 2231,2376 2275,2374 2318,2372 2361,2370 2405,2368 2448,2366 2492,2364"/>
                <TextEquiv>
                    <Unicode>* Viennese.? It is from Vienna that we get</Unicode>
                </TextEquiv>
            </TextLine>
            <TextLine id="r3l30" custom="readingOrder {index:29;}">
                <Coords points="1619,2432 2500,2410 2475,2370 1619,2394"/>
                <Baseline points="1625,2421 1668,2421 1711,2421 1755,2421 1798,2421 1842,2421 1885,2420 1929,2420 1972,2419 2016,2419 2059,2418 2102,2418 2146,2417 2189,2416 2233,2415 2276,2414 2320,2412 2363,2411 2407,2409 2450,2408 2494,2406"/>
                <TextEquiv>
                    <Unicode>most of our ideas about psycho-analysis; and</Unicode>
                </TextEquiv>
            </TextLine>
            <TextLine id="r3l31" custom="readingOrder {index:30;}">
                <Coords points="1618,2477 2502,2458 2501,2409 1617,2431"/>
                <Baseline points="1623,2460 1666,2460 1710,2461 1753,2461 1797,2461 1841,2461 1884,2460 1928,2460 1972,2459 2015,2458 2059,2458 2103,2457 2146,2456 2190,2454 2234,2454 2277,2452 2321,2451 2365,2449 2408,2448 2452,2446 2496,2445"/>
                <TextEquiv>
                    <Unicode>it is from psycho-analysis that Schnitzler</Unicode>
                </TextEquiv>
            </TextLine>
            <TextLine id="r3l32" custom="readingOrder {index:31;}">
                <Coords points="1625,2502 2502,2497 2502,2462 1624,2468"/>
                <Baseline points="1631,2501 1674,2502 1717,2502 1760,2502 1804,2502 1847,2501 1890,2500 1933,2500 1977,2499 2020,2498 2063,2497 2106,2495 2150,2494 2193,2493 2236,2491 2279,2490 2323,2489 2366,2488 2409,2487 2452,2486 2496,2485"/>
                <TextEquiv>
                    <Unicode>appears of late to have got liis ileas about</Unicode>
                </TextEquiv>
            </TextLine>
            <TextLine id="r3l33" custom="readingOrder {index:32;}">
                <Coords points="1631,2550 2508,2530 2507,2497 2439,2487 1630,2508"/>
                <Baseline points="1637,2541 1680,2540 1723,2539 1766,2539 1809,2538 1853,2538 1896,2537 1939,2537 1982,2536 2025,2536 2069,2535 2112,2534 2155,2534 2198,2533 2241,2532 2285,2531 2328,2530 2371,2528 2414,2527 2457,2525 2501,2523"/>
                <TextEquiv>
                    <Unicode>people. Not that a novel like" Fräulein</Unicode>
                </TextEquiv>
            </TextLine>
            <TextLine id="r3l34" custom="readingOrder {index:33;}">
                <Coords points="1627,2588 2008,2571 2142,2592 2498,2561 2464,2527 2054,2539 2009,2562 1894,2539 1626,2551"/>
                <Baseline points="1633,2580 1678,2580 1723,2580 1768,2580 1813,2579 1859,2579 1904,2578 1949,2577 1994,2577 2039,2576 2085,2575 2130,2574 2175,2573 2220,2572 2265,2571 2311,2570 2356,2569 2401,2568 2446,2567 2492,2566"/>
                <TextEquiv>
                    <Unicode>Else,? for instance, contains a great amount</Unicode>
                </TextEquiv>
            </TextLine>
            <TextLine id="r3l35" custom="readingOrder {index:34;}">
                <Coords points="1631,2622 2506,2617 2505,2578 2471,2570 2259,2572 2195,2599 2077,2574 1631,2587"/>
                <Baseline points="1637,2618 1680,2618 1723,2617 1766,2617 1809,2616 1852,2616 1895,2616 1939,2615 1982,2615 2025,2615 2068,2614 2111,2614 2154,2613 2197,2612 2241,2611 2284,2610 2327,2609 2370,2607 2413,2606 2456,2604 2500,2602"/>
                <TextEquiv>
                    <Unicode>of psychological exposition. That is not</Unicode>
                </TextEquiv>
            </TextLine>
            <TextLine id="r3l36" custom="readingOrder {index:35;}">
                <Coords points="1627,2661 2504,2659 2503,2613 1626,2626"/>
                <Baseline points="1633,2659 1676,2659 1719,2658 1762,2657 1805,2657 1849,2656 1892,2656 1935,2656 1978,2655 2021,2655 2065,2655 2108,2654 2151,2653 2194,2653 2237,2652 2281,2650 2324,2649 2367,2647 2410,2644 2453,2641 2497,2638"/>
                <TextEquiv>
                    <Unicode>Schnitzler’s way: hie is an achnirable story¬</Unicode>
                </TextEquiv>
            </TextLine>
            <TextLine id="r3l37" custom="readingOrder {index:36;}">
                <Coords points="1619,2701 2382,2701 2493,2686 2509,2650 1619,2672"/>
                <Baseline points="1625,2700 1668,2698 1712,2697 1756,2696 1800,2695 1844,2695 1888,2694 1932,2694 1976,2693 2020,2693 2064,2693 2107,2693 2151,2692 2195,2692 2239,2691 2283,2690 2327,2689 2371,2688 2415,2686 2459,2684 2503,2682"/>
                <TextEquiv>
                    <Unicode>teller, and he seldom fails in this respect in</Unicode>
                </TextEquiv>
            </TextLine>
            <TextLine id="r3l38" custom="readingOrder {index:37;}">
                <Coords points="1629,2751 2377,2740 2482,2727 2509,2680 2138,2710 1628,2698"/>
                <Baseline points="1635,2737 1678,2736 1721,2736 1765,2735 1808,2735 1852,2734 1895,2734 1938,2734 1982,2733 2025,2733 2069,2733 2112,2732 2155,2732 2199,2731 2242,2730 2286,2729 2329,2728 2372,2726 2416,2724 2459,2722 2503,2720"/>
                <TextEquiv>
                    <Unicode>his regard for the render. But it has been</Unicode>
                </TextEquiv>
            </TextLine>
            <TextLine id="r3l39" custom="readingOrder {index:38;}">
                <Coords points="1634,2781 2346,2780 2486,2764 2509,2727 1633,2748"/>
                <Baseline points="1640,2776 1683,2775 1726,2774 1769,2774 1812,2773 1855,2773 1898,2772 1942,2772 1985,2771 2028,2771 2071,2770 2114,2770 2157,2769 2200,2768 2244,2767 2287,2766 2330,2765 2373,2763 2416,2761 2459,2759 2503,2756"/>
                <TextEquiv>
                    <Unicode>evident for some thie that his opinions and</Unicode>
                </TextEquiv>
            </TextLine>
            <TextLine id="r3l40" custom="readingOrder {index:39;}">
                <Coords points="1624,2815 2497,2819 2496,2771 2448,2762 1624,2779"/>
                <Baseline points="1630,2816 1673,2815 1716,2813 1759,2812 1802,2811 1845,2810 1888,2810 1931,2809 1974,2809 2017,2808 2060,2808 2103,2807 2146,2807 2189,2806 2232,2805 2275,2804 2318,2803 2361,2802 2404,2800 2447,2798 2491,2796"/>
                <TextEquiv>
                    <Unicode>his interest in people have alike been deeply</Unicode>
                </TextEquiv>
            </TextLine>
            <TextLine id="r3l41" custom="readingOrder {index:40;}">
                <Coords points="1635,2867 2057,2847 2238,2871 2499,2850 2518,2806 1635,2827"/>
                <Baseline points="1641,2856 1684,2855 1728,2854 1771,2853 1815,2852 1858,2851 1902,2851 1945,2850 1989,2849 2032,2849 2076,2848 2120,2847 2163,2847 2207,2846 2250,2845 2294,2844 2337,2843 2381,2842 2424,2841 2468,2840 2512,2838"/>
                <TextEquiv>
                    <Unicode>coloured by the conclusions of Freucan</Unicode>
                </TextEquiv>
            </TextLine>
            <TextLine id="r3l42" custom="readingOrder {index:41;}">
                <Coords points="1627,2913 1644,2916 1671,2897 1709,2914 1739,2901 1771,2921 1818,2903 1844,2914 1859,2905 1875,2909 1889,2905 1889,2864 1863,2870 1814,2859 1797,2869 1772,2856 1760,2867 1733,2855 1691,2867 1659,2855 1626,2869"/>
                <Baseline points="1632,2900 1657,2895 1682,2893 1707,2891 1732,2891 1757,2891 1782,2891 1807,2892 1832,2892 1857,2892 1883,2891"/>
                <TextEquiv>
                    <Unicode>psychology.</Unicode>
                </TextEquiv>
            </TextLine>
            <TextLine id="r3l43" custom="readingOrder {index:42;}">
                <Coords points="1657,2929 1739,2960 2523,2927 2522,2884 2316,2912 1657,2914"/>
                <Baseline points="1663,2931 1705,2935 1748,2938 1791,2941 1833,2942 1876,2944 1919,2944 1961,2944 2004,2944 2047,2943 2090,2943 2132,2941 2175,2940 2218,2938 2260,2937 2303,2935 2346,2932 2388,2931 2431,2930 2474,2928 2517,2927"/>
                <TextEquiv>
                    <Unicode>* Theresa,' which origimally appeared last</Unicode>
                </TextEquiv>
            </TextLine>
            <TextLine id="r3l44" custom="readingOrder {index:43;}">
                <Coords points="1624,2994 2445,2984 2513,2975 2512,2938 1623,2962"/>
                <Baseline points="1629,2986 1672,2985 1716,2985 1760,2984 1804,2984 1848,2983 1892,2983 1936,2983 1980,2982 2024,2981 2068,2981 2111,2980 2155,2979 2199,2978 2243,2977 2287,2976 2331,2975 2375,2974 2419,2973 2463,2971 2507,2969"/>
                <TextEquiv>
                    <Unicode>year, is a preeise and delicate study of</Unicode>
                </TextEquiv>
            </TextLine>
            <TextLine id="r3l45" custom="readingOrder {index:44;}">
                <Coords points="1635,3031 2516,3005 2515,2975 2380,2974 1634,3000"/>
                <Baseline points="1641,3026 1684,3025 1727,3025 1771,3024 1814,3024 1858,3023 1901,3023 1944,3022 1988,3022 2031,3021 2075,3021 2118,3020 2161,3019 2205,3018 2248,3018 2292,3016 2335,3015 2378,3013 2422,3011 2465,3009 2509,3006"/>
                <TextEquiv>
                    <Unicode>character, so impartial in manner as to seein</Unicode>
                </TextEquiv>
            </TextLine>
            <TextLine id="r3l46" custom="readingOrder {index:45;}">
                <Coords points="1635,3070 2446,3061 2511,3019 1635,3031"/>
                <Baseline points="1641,3065 1684,3064 1727,3063 1770,3063 1813,3062 1857,3062 1900,3062 1943,3062 1986,3062 2029,3061 2073,3061 2116,3061 2159,3060 2202,3059 2245,3058 2289,3057 2332,3055 2375,3053 2418,3050 2461,3047 2505,3043"/>
                <TextEquiv>
                    <Unicode>rather cynical from beginning to end. The</Unicode>
                </TextEquiv>
            </TextLine>
            <TextLine id="r3l47" custom="readingOrder {index:46;}">
                <Coords points="1629,3098 1922,3114 2505,3085 2504,3063 2404,3047 1628,3070"/>
                <Baseline points="1635,3101 1678,3101 1721,3101 1764,3100 1807,3100 1851,3100 1894,3099 1937,3099 1980,3099 2023,3098 2067,3098 2110,3097 2153,3096 2196,3096 2239,3094 2283,3094 2326,3092 2369,3091 2412,3089 2455,3087 2499,3085"/>
                <TextEquiv>
                    <Unicode>Unovel is by no means a short one, but it is</Unicode>
                </TextEquiv>
            </TextLine>
            <TextLine id="r3l48" custom="readingOrder {index:47;}">
                <Coords points="1632,3136 2523,3134 2522,3099 2470,3091 1632,3119"/>
                <Baseline points="1639,3140 1682,3140 1726,3139 1770,3139 1814,3139 1858,3138 1902,3138 1946,3137 1990,3136 2034,3136 2078,3135 2121,3135 2165,3134 2209,3133 2253,3132 2297,3131 2341,3130 2385,3129 2429,3128 2473,3127 2517,3125"/>
                <TextEquiv>
                    <Unicode>written almost as concisely as a elinical report.</Unicode>
                </TextEquiv>
            </TextLine>
            <TextLine id="r3l49" custom="readingOrder {index:48;}">
                <Coords points="1637,3174 2339,3182 2483,3168 2511,3140 1636,3147"/>
                <Baseline points="1643,3177 1686,3177 1729,3178 1772,3178 1815,3178 1858,3177 1901,3177 1944,3176 1987,3176 2030,3175 2074,3174 2117,3173 2160,3172 2203,3171 2246,3170 2289,3169 2332,3168 2375,3167 2418,3166 2461,3165 2505,3163"/>
                <TextEquiv>
                    <Unicode>Theresa Fabiani, when we lirst meet her, is</Unicode>
                </TextEquiv>
            </TextLine>
            <TextLine id="r3l50" custom="readingOrder {index:49;}">
                <Coords points="1629,3228 2501,3217 2517,3177 1629,3195"/>
                <Baseline points="1635,3222 1678,3221 1722,3221 1766,3220 1810,3219 1854,3218 1897,3218 1941,3217 1985,3215 2029,3215 2073,3213 2116,3212 2160,3211 2204,3210 2248,3209 2292,3208 2335,3206 2379,3205 2423,3203 2467,3202 2511,3201"/>
                <TextEquiv>
                    <Unicode>n girl of sixteen, living in Salzburg with her</Unicode>
                </TextEquiv>
            </TextLine>
            <TextLine id="r3l51" custom="readingOrder {index:50;}">
                <Coords points="1633,3269 2506,3256 2513,3216 1632,3227"/>
                <Baseline points="1639,3258 1682,3258 1725,3258 1769,3258 1812,3257 1856,3256 1899,3255 1942,3255 1986,3254 2029,3253 2073,3252 2116,3251 2159,3250 2203,3249 2246,3248 2290,3247 2333,3246 2376,3246 2420,3245 2463,3245 2507,3244"/>
                <TextEquiv>
                    <Unicode>parents. Her father, &amp; retired Army oflicer,</Unicode>
                </TextEquiv>
            </TextLine>
            <TextLine id="r3l52" custom="readingOrder {index:51;}">
                <Coords points="1633,3307 2153,3305 2283,3278 2416,3300 2517,3279 2517,3257 1632,3269"/>
                <Baseline points="1639,3294 1682,3295 1726,3295 1769,3295 1813,3294 1857,3294 1900,3294 1944,3293 1987,3292 2031,3292 2075,3291 2118,3290 2162,3289 2205,3288 2249,3287 2293,3286 2336,3285 2380,3284 2423,3282 2467,3281 2511,3280"/>
                <TextEquiv>
                    <Unicode>is slowly becoming insane; her mother, n</Unicode>
                </TextEquiv>
            </TextLine>
            <TextLine id="r3l53" custom="readingOrder {index:52;}">
                <Coords points="1632,3343 2392,3336 2520,3305 2519,3281 2453,3277 1632,3313"/>
                <Baseline points="1638,3336 1681,3335 1725,3335 1769,3335 1813,3334 1857,3334 1900,3333 1944,3333 1988,3332 2032,3331 2076,3330 2119,3329 2163,3328 2207,3327 2251,3326 2295,3324 2338,3323 2382,3321 2426,3319 2470,3317 2514,3316"/>
                <TextEquiv>
                    <Unicode>sillg, dissolute crcature, is exchanging the</Unicode>
                </TextEquiv>
            </TextLine>
            <TextLine id="r3l54" custom="readingOrder {index:53;}">
                <Coords points="1633,3395 1788,3371 2519,3376 2518,3334 1632,3358"/>
                <Baseline points="1639,3378 1682,3376 1726,3375 1769,3374 1813,3372 1857,3372 1900,3371 1944,3370 1988,3369 2031,3369 2075,3368 2119,3367 2162,3367 2206,3366 2250,3365 2293,3365 2337,3363 2381,3362 2424,3361 2468,3360 2512,3358"/>
                <TextEquiv>
                    <Unicode>part of a reader of sentinental novels for that</Unicode>
                </TextEquiv>
            </TextLine>
            <TextLine id="r3l55" custom="readingOrder {index:54;}">
                <Coords points="1631,3425 2216,3403 2305,3428 2514,3405 2514,3375 1631,3388"/>
                <Baseline points="1637,3415 1680,3414 1724,3413 1767,3412 1811,3412 1854,3411 1898,3410 1941,3409 1985,3409 2028,3408 2072,3407 2116,3407 2159,3406 2203,3405 2246,3405 2290,3403 2333,3402 2377,3401 2420,3400 2464,3399 2508,3398"/>
                <TextEquiv>
                    <Unicode>pf a writer of thei. Theresa’s parentage, it</Unicode>
                </TextEquiv>
            </TextLine>
            <TextLine id="r3l56" custom="readingOrder {index:55;}">
                <Coords points="1639,3457 2529,3436 2453,3401 1639,3419"/>
                <Baseline points="1646,3454 1689,3453 1733,3453 1777,3452 1821,3451 1865,3450 1909,3450 1952,3449 1996,3449 2040,3448 2084,3448 2128,3447 2172,3447 2216,3446 2259,3445 2303,3444 2347,3443 2391,3441 2435,3441 2479,3438 2523,3437"/>
                <TextEquiv>
                    <Unicode>is at once eleur toithe render, promises</Unicode>
                </TextEquiv>
            </TextLine>
            <TextLine id="r3l57" custom="readingOrder {index:56;}">
                <Coords points="1632,3490 2317,3497 2345,3474 2513,3478 2513,3451 1631,3449"/>
                <Baseline points="1639,3496 1682,3495 1725,3494 1769,3493 1812,3492 1856,3491 1899,3491 1942,3490 1986,3489 2029,3488 2073,3487 2116,3486 2159,3485 2203,3484 2246,3483 2290,3482 2333,3481 2376,3480 2420,3479 2463,3478 2507,3476"/>
                <TextEquiv>
                    <Unicode>Hothing good. She becoines mnore or less</Unicode>
                </TextEquiv>
            </TextLine>
            <TextLine id="r3l58" custom="readingOrder {index:57;}">
                <Coords points="1638,3561 1683,3533 1849,3527 2466,3532 2517,3519 2516,3474 1637,3508"/>
                <Baseline points="1643,3533 1686,3532 1729,3531 1773,3530 1816,3529 1860,3528 1903,3527 1946,3526 1990,3525 2033,3524 2077,3523 2120,3522 2163,3522 2207,3521 2250,3519 2294,3518 2337,3517 2380,3516 2424,3514 2467,3512 2511,3510"/>
                <TextEquiv>
                    <Unicode>engagedto Alfred Nuellhenn, a Foung medical</Unicode>
                </TextEquiv>
            </TextLine>
            <TextLine id="r3l59" custom="readingOrder {index:58;}">
                <Coords points="1637,3572 2515,3565 2514,3516 1637,3550"/>
                <Baseline points="1643,3570 1686,3570 1729,3569 1772,3569 1816,3568 1859,3568 1902,3567 1946,3566 1989,3566 2032,3565 2076,3564 2119,3563 2162,3562 2205,3562 2249,3561 2292,3560 2335,3559 2379,3558 2422,3557 2465,3556 2509,3555"/>
                <TextEquiv>
                    <Unicode>student, witl##t feeling the slightest passion</Unicode>
                </TextEquiv>
            </TextLine>
            <TextLine id="r3l60" custom="readingOrder {index:59;}">
                <Coords points="1630,3615 2519,3599 2518,3566 2465,3558 1629,3584"/>
                <Baseline points="1635,3609 1678,3609 1722,3608 1766,3608 1810,3608 1854,3607 1898,3606 1942,3606 1986,3605 2030,3604 2074,3603 2117,3602 2161,3601 2205,3600 2249,3599 2293,3598 2337,3597 2381,3596 2425,3595 2469,3594 2513,3593"/>
                <TextEquiv>
                    <Unicode>Nor him, and is hmnensely relieved when he</Unicode>
                </TextEquiv>
            </TextLine>
            <TextLine id="r3l61" custom="readingOrder {index:60;}">
                <Coords points="1631,3653 2429,3632 2507,3653 2517,3600 1630,3629"/>
                <Baseline points="1637,3651 1680,3650 1724,3649 1768,3648 1811,3647 1855,3646 1899,3646 1942,3645 1986,3644 2030,3644 2074,3643 2117,3642 2161,3641 2205,3640 2248,3640 2292,3638 2336,3638 2379,3637 2423,3635 2467,3634 2511,3632"/>
                <TextEquiv>
                    <Unicode>goes to Vienna, It is not long, however,</Unicode>
                </TextEquiv>
            </TextLine>
            <TextLine id="r3l62" custom="readingOrder {index:61;}">
                <Coords points="1633,3684 2513,3687 2521,3653 1632,3656"/>
                <Baseline points="1639,3690 1682,3689 1726,3688 1770,3688 1814,3687 1858,3686 1901,3685 1945,3685 1989,3684 2033,3683 2077,3682 2120,3681 2164,3680 2208,3679 2252,3678 2296,3677 2339,3676 2383,3674 2427,3673 2471,3671 2515,3669"/>
                <TextEquiv>
                    <Unicode>before she is also bored and lonely; and in</Unicode>
                </TextEquiv>
            </TextLine>
            <TextLine id="r3l63" custom="readingOrder {index:62;}">
                <Coords points="1647,3734 2476,3727 2521,3712 2521,3685 1646,3693"/>
                <Baseline points="1653,3728 1696,3727 1739,3727 1782,3726 1825,3725 1868,3725 1911,3724 1954,3723 1997,3722 2040,3721 2084,3721 2127,3720 2170,3719 2213,3718 2256,3717 2299,3716 2342,3715 2385,3714 2428,3713 2471,3712 2515,3711"/>
                <TextEquiv>
                    <Unicode>ithis frame ol mind she meets a young oflicer,</Unicode>
                </TextEquiv>
            </TextLine>
            <TextLine id="r3l64" custom="readingOrder {index:63;}">
                <Coords points="1645,3769 2469,3765 2518,3730 1644,3733"/>
                <Baseline points="1651,3766 1694,3765 1737,3765 1780,3765 1823,3764 1866,3764 1909,3763 1952,3762 1995,3761 2038,3761 2081,3760 2124,3759 2167,3758 2210,3757 2253,3756 2296,3754 2339,3753 2382,3752 2425,3751 2468,3749 2512,3748"/>
                <TextEquiv>
                    <Unicode>is innnedliately attracted to himn and almost</Unicode>
                </TextEquiv>
            </TextLine>
            <TextLine id="r3l65" custom="readingOrder {index:64;}">
                <Coords points="1642,3814 2527,3783 2526,3761 2444,3753 1641,3767"/>
                <Baseline points="1647,3805 1690,3804 1734,3803 1778,3803 1821,3802 1865,3802 1909,3801 1952,3801 1996,3801 2040,3800 2084,3800 2127,3799 2171,3798 2215,3798 2258,3797 2302,3795 2346,3794 2389,3792 2433,3791 2477,3789 2521,3786"/>
                <TextEquiv>
                    <Unicode>innnediately seduced bye Him. Tlns, thie first.</Unicode>
                </TextEquiv>
            </TextLine>
            <TextLine id="r3l66" custom="readingOrder {index:65;}">
                <Coords points="1647,3847 2502,3838 2520,3795 1646,3815"/>
                <Baseline points="1653,3841 1696,3842 1739,3842 1782,3842 1825,3842 1868,3841 1911,3841 1954,3840 1997,3839 2040,3838 2084,3837 2127,3836 2170,3835 2213,3834 2256,3833 2299,3832 2342,3831 2385,3829 2428,3828 2471,3827 2515,3827"/>
                <TextEquiv>
                    <Unicode>lof her love affairs, is hmmlled with the coolest</Unicode>
                </TextEquiv>
            </TextLine>
            <TextLine id="r3l67" custom="readingOrder {index:66;}">
                <Coords points="1643,3899 2525,3872 2524,3835 2486,3832 1643,3859"/>
                <Baseline points="1649,3882 1692,3882 1736,3882 1779,3881 1823,3881 1866,3880 1910,3880 1953,3879 1997,3878 2040,3877 2084,3876 2127,3876 2171,3875 2214,3874 2258,3873 2301,3871 2345,3870 2388,3869 2432,3868 2475,3867 2519,3866"/>
                <TextEquiv>
                    <Unicode>detaehment; one is persumntled of the truth</Unicode>
                </TextEquiv>
            </TextLine>
            <TextLine id="r3l68" custom="readingOrder {index:67;}">
                <Coords points="1645,3916 2521,3909 2520,3875 2490,3869 1644,3899"/>
                <Baseline points="1651,3920 1694,3920 1737,3919 1780,3919 1823,3919 1867,3918 1910,3917 1953,3917 1996,3916 2039,3915 2083,3915 2126,3914 2169,3913 2212,3912 2255,3911 2299,3910 2342,3908 2385,3907 2428,3906 2471,3904 2515,3902"/>
                <TextEquiv>
                    <Unicode>of the entire episode, hiowever, by thie wag in</Unicode>
                </TextEquiv>
            </TextLine>
            <TextLine id="r3l69" custom="readingOrder {index:68;}">
                <Coords points="1647,3973 2515,3961 2523,3910 1646,3929"/>
                <Baseline points="1653,3960 1696,3959 1739,3958 1782,3957 1826,3956 1869,3956 1912,3955 1955,3955 1999,3954 2042,3953 2085,3953 2128,3953 2172,3952 2215,3951 2258,3950 2301,3949 2345,3948 2388,3947 2431,3945 2474,3943 2518,3941"/>
                <TextEquiv>
                    <Unicode>hich the girl, althongh she loses her tender¬</Unicode>
                </TextEquiv>
            </TextLine>
            <TextLine id="r3l70" custom="readingOrder {index:69;}">
                <Coords points="1642,4003 2354,4001 2517,3983 2517,3960 1641,3973"/>
                <Baseline points="1647,3996 1690,3996 1733,3996 1776,3995 1819,3995 1863,3994 1906,3994 1949,3993 1992,3993 2035,3992 2079,3991 2122,3990 2165,3990 2208,3989 2251,3988 2295,3987 2338,3986 2381,3986 2424,3985 2467,3983 2511,3982"/>
                <TextEquiv>
                    <Unicode>ness for her lover, retamns her passion for hiln.</Unicode>
                </TextEquiv>
            </TextLine>
            <TextLine id="r3l71" custom="readingOrder {index:70;}">
                <Coords points="1637,4042 2496,4036 2521,3997 1636,3998"/>
                <Baseline points="1643,4034 1686,4034 1730,4033 1773,4032 1817,4032 1861,4031 1904,4031 1948,4030 1991,4030 2035,4030 2079,4029 2122,4028 2166,4028 2209,4027 2253,4027 2297,4026 2340,4025 2384,4024 2427,4023 2471,4021 2515,4020"/>
                <TextEquiv>
                    <Unicode>Finallg abandened, she runs nway to Viennn</Unicode>
                </TextEquiv>
            </TextLine>
            <TextLine id="r3l72" custom="readingOrder {index:71;}">
                <Coords points="1639,4079 2515,4069 2525,4031 1638,4041"/>
                <Baseline points="1645,4073 1688,4072 1732,4071 1776,4070 1819,4069 1863,4069 1907,4068 1950,4068 1994,4068 2038,4068 2082,4067 2125,4067 2169,4067 2213,4066 2256,4065 2300,4064 2344,4063 2387,4062 2431,4061 2475,4058 2519,4056"/>
                <TextEquiv>
                    <Unicode>and gets work as a governess. Agum she is</Unicode>
                </TextEquiv>
            </TextLine>
            <TextLine id="r3l73" custom="readingOrder {index:72;}">
                <Coords points="1645,4117 2310,4115 2500,4103 2523,4068 1644,4086"/>
                <Baseline points="1651,4108 1694,4108 1737,4108 1780,4108 1824,4108 1867,4108 1910,4108 1954,4107 1997,4107 2040,4107 2084,4106 2127,4105 2170,4104 2213,4103 2257,4103 2300,4101 2343,4100 2387,4099 2430,4097 2473,4095 2517,4093"/>
                <TextEquiv>
                    <Unicode>betraged by a sellish, thearrical, rendy-witted</Unicode>
                </TextEquiv>
            </TextLine>
            <TextLine id="r3l74" custom="readingOrder {index:73;}">
                <Coords points="1642,4141 2520,4135 2512,4099 1642,4119"/>
                <Baseline points="1649,4150 1692,4149 1735,4149 1778,4149 1821,4148 1865,4148 1908,4147 1951,4147 1994,4146 2037,4146 2081,4145 2124,4145 2167,4144 2210,4144 2253,4143 2297,4142 2340,4141 2383,4141 2426,4140 2469,4139 2513,4137"/>
                <TextEquiv>
                    <Unicode>#fellow, Kasmur Tobiseh-an neute chracter</Unicode>
                </TextEquiv>
            </TextLine>
            <TextEquiv>
                <Unicode>Ainenneennnnnnnen
Ne.. 4. 1.
—
Mhut Mlste et intemalional de ig Pose 3. 1.
23, Nue du Rhöne - GENEVE
Adr. télégr.: Coupures-Genéve — Tél. Stand 40.05
Bureau International de coupures de journaux.
Traductions de et en toutes langues.
Correspondants dans toutes les grandes villes.
Extrait du Journal:
Achene: ge sin rade Sao
TOADOP
Date:
99
O MN 70
1929
—
UN·O GERSLAN NOVELS
ThEkrsa: Tan-Enkosienn or A WoafAN’s
Lirz. By Aurnon Scharrzuin. (Constable.
7s. 6d. net.)
Srerrzsworr. By Hennanx Husst, Trans¬
lated by Basn. Camenrof. (Secker.
78. 6d. net.)
If one wanted to give a mme to the type of
novel Arthur Sehnitzler lias been writing
during the last few years, it would be possible
to find a less descriptive label than
* Viennese.? It is from Vienna that we get
most of our ideas about psycho-analysis; and
it is from psycho-analysis that Schnitzler
appears of late to have got liis ileas about
people. Not that a novel like" Fräulein
Else,? for instance, contains a great amount
of psychological exposition. That is not
Schnitzler’s way: hie is an achnirable story¬
teller, and he seldom fails in this respect in
his regard for the render. But it has been
evident for some thie that his opinions and
his interest in people have alike been deeply
coloured by the conclusions of Freucan
psychology.
* Theresa,' which origimally appeared last
year, is a preeise and delicate study of
character, so impartial in manner as to seein
rather cynical from beginning to end. The
Unovel is by no means a short one, but it is
written almost as concisely as a elinical report.
Theresa Fabiani, when we lirst meet her, is
n girl of sixteen, living in Salzburg with her
parents. Her father, &amp; retired Army oflicer,
is slowly becoming insane; her mother, n
sillg, dissolute crcature, is exchanging the
part of a reader of sentinental novels for that
pf a writer of thei. Theresa’s parentage, it
is at once eleur toithe render, promises
Hothing good. She becoines mnore or less
engagedto Alfred Nuellhenn, a Foung medical
student, witl##t feeling the slightest passion
Nor him, and is hmnensely relieved when he
goes to Vienna, It is not long, however,
before she is also bored and lonely; and in
ithis frame ol mind she meets a young oflicer,
is innnedliately attracted to himn and almost
innnediately seduced bye Him. Tlns, thie first.
lof her love affairs, is hmmlled with the coolest
detaehment; one is persumntled of the truth
of the entire episode, hiowever, by thie wag in
hich the girl, althongh she loses her tender¬
ness for her lover, retamns her passion for hiln.
Finallg abandened, she runs nway to Viennn
and gets work as a governess. Agum she is
betraged by a sellish, thearrical, rendy-witted
#fellow, Kasmur Tobiseh-an neute chracter</Unicode>
            </TextEquiv>
        </TextRegion>
    </Page>
</PcGts>
