<?xml version="1.0" encoding="UTF-8" standalone="yes"?>
<PcGts xmlns="http://schema.primaresearch.org/PAGE/gts/pagecontent/2013-07-15" xmlns:xsi="http://www.w3.org/2001/XMLSchema-instance" xsi:schemaLocation="http://schema.primaresearch.org/PAGE/gts/pagecontent/2013-07-15 http://schema.primaresearch.org/PAGE/gts/pagecontent/2013-07-15/pagecontent.xsd">
    <Metadata>
        <Creator>prov=University of Rostock/Institute of Mathematics/CITlab/Gundram Leifert/gundram.leifert@uni-rostock.de:name=ONB_Newseye_GT_M1+(htr_id=10810)::::v=2.4.2
prov=University of Rostock/Institute of Mathematics/CITlab/Tobias Gruening/tobias.gruening@uni-rostock.de:name=de.uros.citlab.module.baseline2polygon.B2PSeamMultiOriented:v=2.4.2
prov=University of Rostock/Institute of Mathematics/CITlab/Tobias Gruening/tobias.gruening@uni-rostock.de:name=/mnt/transkribus/LA/DEA/URO/LA_news_onb_att.pb:de.uros.citlab.segmentation.CITlab_LA_ML:v=2.4.2
Transkribus</Creator>
        <Created>2019-10-07T10:23:27.911+02:00</Created>
        <LastChange>2019-10-07T17:12:32.232+02:00</LastChange>
        <TranskribusMetadata docId="223886" pageId="9491204" pageNr="60" tsid="16392662" status="IN_PROGRESS" userId="40391" imgUrl="https://files.transkribus.eu/Get?id=ERRACTWSQMXNLNUHIKTDOQSP&amp;fileType=view" xmlUrl="https://files.transkribus.eu/Get?id=IMZRFTYJEOFBRZCGXQEFLRHC" imageId="6181492"/>
    </Metadata>
    <Page imageFilename="223886_0060.jpeg" imageWidth="3296" imageHeight="4256">
        <ReadingOrder>
            <OrderedGroup id="ro_1711446366529" caption="Regions reading order">
                <RegionRefIndexed index="0" regionRef="r1"/>
                <RegionRefIndexed index="1" regionRef="r2"/>
            </OrderedGroup>
        </ReadingOrder>
        <TextRegion orientation="0.0" id="r1" custom="readingOrder {index:0;}">
            <Coords points="308,183 308,241 861,241 861,183"/>
            <TextLine id="r1l1" custom="readingOrder {index:0;}">
                <Coords points="527,214 869,216 869,166 814,170 770,157 749,169 726,152 682,159 526,126"/>
                <Baseline points="536,208 561,207 586,207 611,206 636,206 661,205 686,205 711,205 736,204 761,204 786,204 811,205 836,205 861,205"/>
                <TextEquiv>
                    <Unicode>Therese</Unicode>
                </TextEquiv>
            </TextLine>
            <TextLine id="r1l2" custom="readingOrder {index:1;}">
                <Coords points="297,222 485,216 572,261 635,250 729,274 810,243 860,256 853,198 623,211 503,203 414,150 300,167"/>
                <Baseline points="308,203 335,205 362,207 389,209 417,211 444,214 471,216 499,219 526,221 553,223 581,225 608,227 635,229 662,230 690,231 717,231 744,231 772,231 799,229 826,227 854,224"/>
                <TextEquiv>
                    <Unicode>35. Aar nnnunc</Unicode>
                </TextEquiv>
            </TextLine>
            <TextEquiv>
                <Unicode>Therese
35. Aar nnnunc</Unicode>
            </TextEquiv>
        </TextRegion>
        <TextRegion orientation="0.0" id="r2" custom="readingOrder {index:1;}">
            <Coords points="1020,176 1020,3368 2565,3368 2565,176"/>
            <TextLine id="r2l1" custom="readingOrder {index:0;}">
                <Coords points="1012,223 1086,233 1197,210 1244,230 1288,233 1318,219 1341,232 1393,210 1393,173 1348,147 1321,154 1242,140 1182,169 1113,168 1041,148 1013,156"/>
                <Baseline points="1020,204 1046,205 1072,205 1098,206 1124,207 1150,208 1176,209 1202,210 1228,211 1254,211 1280,212 1306,211 1332,210 1358,209 1384,206"/>
                <TextEquiv>
                    <Unicode>box 6/2</Unicode>
                </TextEquiv>
            </TextLine>
            <TextLine id="r2l2" custom="readingOrder {index:1;}">
                <Coords points="1151,961 1165,962 1178,977 1197,987 1227,985 1253,963 1274,966 1277,908 1253,905 1244,910 1227,897 1209,901 1188,886 1174,897 1165,891 1155,893"/>
                <Baseline points="1159,956 1185,958 1212,959 1238,961 1265,962"/>
                <TextEquiv>
                    <Unicode>460</Unicode>
                </TextEquiv>
            </TextLine>
            <TextLine id="r2l3" custom="readingOrder {index:2;}">
                <Coords points="1550,977 1746,987 1786,1009 1866,979 1945,1008 2028,976 2054,993 2091,981 2126,1010 2179,1000 2181,912 2020,913 1916,946 1712,906 1551,940"/>
                <Baseline points="1560,969 1590,970 1621,971 1651,972 1682,972 1712,973 1743,974 1773,975 1804,975 1834,976 1865,977 1895,977 1926,978 1956,978 1987,979 2017,979 2048,979 2078,979 2109,979 2139,979 2170,979"/>
                <TextEquiv>
                    <Unicode>REYUE DES DEUX MONDEs.</Unicode>
                </TextEquiv>
            </TextLine>
            <TextLine id="r2l4" custom="readingOrder {index:3;}">
                <Coords points="1145,1054 2444,1093 2571,1073 2572,1022 2389,986 1849,1031 1146,998"/>
                <Baseline points="1154,1042 1224,1046 1294,1049 1365,1052 1435,1054 1506,1056 1576,1058 1646,1059 1717,1059 1787,1060 1858,1060 1928,1061 1998,1061 2069,1061 2139,1061 2210,1061 2280,1062 2350,1063 2421,1063 2491,1065 2562,1066"/>
                <TextEquiv>
                    <Unicode>heureux n’importe ou, quelque part d’ou il ne reviendra plus.</Unicode>
                </TextEquiv>
            </TextLine>
            <TextLine id="r2l5" custom="readingOrder {index:4;}">
                <Coords points="1230,1114 2557,1139 2510,1071 1231,1070"/>
                <Baseline points="1240,1102 1305,1106 1370,1109 1436,1112 1501,1115 1567,1117 1632,1119 1697,1120 1763,1121 1828,1122 1894,1122 1959,1123 2024,1123 2090,1123 2155,1122 2221,1122 2286,1122 2351,1122 2417,1121 2482,1121 2548,1121"/>
                <TextEquiv>
                    <Unicode>Ainsi Thérèse conjure le sort et tente de désarmer le passé.</Unicode>
                </TextEquiv>
            </TextLine>
            <TextLine id="r2l6" custom="readingOrder {index:5;}">
                <Coords points="1151,1167 2575,1181 2575,1143 2457,1130 1151,1132"/>
                <Baseline points="1159,1161 1229,1164 1299,1166 1369,1168 1440,1169 1510,1171 1580,1172 1651,1174 1721,1175 1791,1176 1862,1176 1932,1177 2002,1178 2072,1178 2143,1179 2213,1179 2283,1179 2354,1180 2424,1180 2494,1180 2565,1181"/>
                <TextEquiv>
                    <Unicode>IIlui semble un moment qu'elle va y réussir, parvenir enlin à</Unicode>
                </TextEquiv>
            </TextLine>
            <TextLine id="r2l7" custom="readingOrder {index:6;}">
                <Coords points="1145,1228 2573,1244 2574,1180 2004,1215 1146,1180"/>
                <Baseline points="1155,1218 1225,1221 1295,1224 1366,1226 1436,1228 1507,1230 1577,1232 1648,1234 1718,1235 1789,1237 1859,1237 1929,1238 2000,1239 2070,1239 2141,1240 2211,1240 2282,1239 2352,1239 2423,1239 2493,1238 2564,1237"/>
                <TextEquiv>
                    <Unicode>vivre en paix pour ses vieux jours. Wohlschein se charge</Unicode>
                </TextEquiv>
            </TextLine>
            <TextLine id="r2l8" custom="readingOrder {index:7;}">
                <Coords points="1160,1290 2436,1318 2563,1304 2564,1249 1161,1235"/>
                <Baseline points="1169,1279 1238,1281 1307,1283 1376,1285 1446,1287 1515,1289 1584,1290 1654,1291 1723,1292 1792,1293 1862,1294 1931,1295 2000,1295 2069,1296 2139,1296 2208,1297 2277,1297 2347,1298 2416,1298 2485,1299 2555,1300"/>
                <TextEquiv>
                    <Unicode>d’embarquer le chenapan, après quoi deux ou trois petits</Unicode>
                </TextEquiv>
            </TextLine>
            <TextLine id="r2l9" custom="readingOrder {index:8;}">
                <Coords points="1166,1370 2551,1377 2573,1306 1972,1330 1167,1284"/>
                <Baseline points="1175,1340 1244,1341 1313,1342 1383,1344 1452,1345 1522,1346 1591,1347 1661,1348 1730,1349 1800,1351 1869,1352 1938,1353 2008,1353 2077,1354 2147,1354 2216,1355 2286,1355 2355,1355 2425,1354 2494,1354 2564,1353"/>
                <TextEquiv>
                    <Unicode>vorages d’affaires, et puis la noce à la Pentecöle. Tout parait</Unicode>
                </TextEquiv>
            </TextLine>
            <TextLine id="r2l10" custom="readingOrder {index:9;}">
                <Coords points="1155,1405 2560,1422 2478,1367 1156,1370"/>
                <Baseline points="1165,1399 1234,1401 1303,1403 1372,1404 1442,1406 1511,1407 1580,1408 1650,1409 1719,1410 1788,1410 1858,1411 1927,1411 1996,1411 2065,1412 2135,1412 2204,1412 2273,1412 2343,1412 2412,1412 2481,1412 2551,1411"/>
                <TextEquiv>
                    <Unicode>sarranger, le ciel se rassérène. Un matin, un coup de télé¬</Unicode>
                </TextEquiv>
            </TextLine>
            <TextLine id="r2l11" custom="readingOrder {index:10;}">
                <Coords points="1153,1469 2499,1492 2569,1438 1153,1418"/>
                <Baseline points="1162,1458 1231,1458 1301,1459 1371,1460 1441,1461 1511,1462 1581,1464 1651,1466 1721,1467 1791,1468 1861,1470 1930,1471 2000,1473 2070,1474 2140,1474 2210,1475 2280,1475 2350,1475 2420,1475 2490,1474 2560,1472"/>
                <TextEquiv>
                    <Unicode>phone: Wohlschein est mort, on vient de le trouver dans son</Unicode>
                </TextEquiv>
            </TextLine>
            <TextLine id="r2l12" custom="readingOrder {index:11;}">
                <Coords points="1155,1528 2318,1557 2569,1539 2570,1483 1156,1470"/>
                <Baseline points="1164,1513 1233,1515 1303,1516 1373,1518 1443,1520 1513,1521 1582,1523 1652,1524 1722,1526 1792,1527 1862,1528 1931,1529 2001,1530 2071,1530 2141,1531 2211,1531 2280,1531 2350,1531 2420,1531 2490,1531 2560,1531"/>
                <TextEquiv>
                    <Unicode>lit, emporté par une crise cardiaque, II n’a méme pas eu le</Unicode>
                </TextEquiv>
            </TextLine>
            <TextLine id="r2l13" custom="readingOrder {index:12;}">
                <Coords points="1150,1573 1216,1595 1495,1583 1586,1606 1650,1586 1743,1614 1814,1592 1815,1543 1747,1529 1668,1558 1528,1525 1462,1547 1220,1521 1151,1539"/>
                <Baseline points="1158,1567 1190,1568 1222,1570 1255,1571 1287,1573 1320,1574 1352,1575 1384,1575 1417,1576 1449,1577 1482,1577 1514,1578 1546,1578 1579,1578 1611,1579 1644,1579 1676,1579 1708,1580 1741,1580 1773,1580 1806,1580"/>
                <TextEquiv>
                    <Unicode>temps de faire un testament.</Unicode>
                </TextEquiv>
            </TextLine>
            <TextLine id="r2l14" custom="readingOrder {index:13;}">
                <Coords points="1219,1633 2334,1675 2561,1666 2562,1617 1219,1591"/>
                <Baseline points="1228,1627 1294,1630 1360,1633 1426,1635 1492,1638 1559,1639 1625,1641 1691,1642 1757,1643 1823,1643 1890,1644 1956,1644 2022,1645 2088,1645 2154,1645 2221,1645 2287,1646 2353,1646 2419,1647 2485,1647 2552,1648"/>
                <TextEquiv>
                    <Unicode>Et la solitude recommence, cette fois définitive, plus grise,</Unicode>
                </TextEquiv>
            </TextLine>
            <TextLine id="r2l15" custom="readingOrder {index:14;}">
                <Coords points="1157,1705 2560,1702 2497,1659 1506,1677 1158,1636"/>
                <Baseline points="1166,1690 1235,1692 1304,1694 1373,1695 1443,1696 1512,1697 1581,1699 1651,1699 1720,1700 1789,1701 1859,1701 1928,1702 1997,1702 2066,1703 2136,1703 2205,1704 2274,1705 2344,1705 2413,1706 2482,1707 2552,1707"/>
                <TextEquiv>
                    <Unicode>plus navrante, plus inulile que jamais. Un jour, après une</Unicode>
                </TextEquiv>
            </TextLine>
            <TextLine id="r2l16" custom="readingOrder {index:15;}">
                <Coords points="1158,1757 2561,1763 2561,1724 2470,1709 1158,1714"/>
                <Baseline points="1166,1749 1235,1751 1304,1752 1373,1754 1443,1755 1512,1756 1581,1758 1651,1758 1720,1759 1789,1760 1859,1760 1928,1760 1997,1761 2066,1761 2136,1761 2205,1761 2274,1761 2344,1760 2413,1760 2482,1760 2552,1760"/>
                <TextEquiv>
                    <Unicode>longue éclipse, elle voit reparaitre son fils et, comme d’habi¬</Unicode>
                </TextEquiv>
            </TextLine>
            <TextLine id="r2l17" custom="readingOrder {index:16;}">
                <Coords points="1152,1819 2546,1839 2568,1790 1152,1773"/>
                <Baseline points="1161,1807 1230,1809 1300,1810 1370,1811 1440,1812 1510,1813 1580,1814 1649,1815 1719,1816 1789,1816 1859,1817 1929,1818 1999,1818 2069,1819 2138,1819 2208,1820 2278,1820 2348,1820 2418,1820 2488,1820 2558,1820"/>
                <TextEquiv>
                    <Unicode>tude, commence par un monvement de peur devant ce gibier</Unicode>
                </TextEquiv>
            </TextLine>
            <TextLine id="r2l18" custom="readingOrder {index:17;}">
                <Coords points="1148,1870 2449,1907 2572,1884 2573,1835 1149,1817"/>
                <Baseline points="1158,1861 1228,1864 1298,1866 1368,1867 1439,1869 1509,1870 1579,1871 1649,1872 1720,1873 1790,1874 1860,1874 1930,1875 2001,1875 2071,1876 2141,1876 2211,1876 2282,1877 2352,1877 2422,1878 2492,1879 2563,1880"/>
                <TextEquiv>
                    <Unicode>de prison. Mais l’apache se borne à s'’asseoir sans rien dire, et</Unicode>
                </TextEquiv>
            </TextLine>
            <TextLine id="r2l19" custom="readingOrder {index:18;}">
                <Coords points="1149,1942 2542,1957 2562,1904 1150,1890"/>
                <Baseline points="1158,1918 1227,1920 1297,1922 1367,1924 1437,1925 1506,1927 1576,1928 1646,1929 1716,1930 1785,1931 1855,1932 1925,1933 1995,1934 2064,1935 2134,1935 2204,1936 2274,1937 2343,1938 2413,1938 2483,1939 2553,1940"/>
                <TextEquiv>
                    <Unicode>puis doucement, d’une voix qui réveille en elle des sentiments</Unicode>
                </TextEquiv>
            </TextLine>
            <TextLine id="r2l20" custom="readingOrder {index:19;}">
                <Coords points="1149,1991 2440,2022 2569,2008 2570,1953 1149,1942"/>
                <Baseline points="1158,1981 1228,1982 1298,1983 1368,1984 1438,1985 1508,1986 1578,1987 1648,1988 1718,1989 1788,1991 1859,1992 1929,1993 1999,1993 2069,1994 2139,1995 2209,1995 2279,1996 2349,1996 2419,1996 2489,1996 2560,1995"/>
                <TextEquiv>
                    <Unicode>qu'elle avait crus éteints, il lui échappe cette parole qui résume</Unicode>
                </TextEquiv>
            </TextLine>
            <TextLine id="r2l21" custom="readingOrder {index:20;}">
                <Coords points="1156,2050 2026,2073 2088,2046 2025,2010 1156,1994"/>
                <Baseline points="1164,2035 1209,2037 1255,2039 1301,2040 1347,2041 1393,2042 1438,2043 1484,2043 1530,2044 1576,2044 1622,2045 1667,2045 1713,2045 1759,2046 1805,2046 1851,2046 1896,2047 1942,2047 1988,2048 2034,2049 2080,2049"/>
                <TextEquiv>
                    <Unicode>sa philosophie et leur commune misère:</Unicode>
                </TextEquiv>
            </TextLine>
            <TextLine id="r2l22" custom="readingOrder {index:21;}">
                <Coords points="1218,2098 2319,2134 2390,2112 2391,2070 1218,2074"/>
                <Baseline points="1227,2094 1284,2096 1342,2098 1400,2100 1457,2101 1515,2102 1573,2104 1630,2105 1688,2107 1746,2108 1804,2109 1861,2110 1919,2111 1977,2112 2034,2113 2092,2113 2150,2114 2207,2114 2265,2114 2323,2114 2381,2114"/>
                <TextEquiv>
                    <Unicode>6 Toinon plus, maman, tu n'as pas en de chance. )</Unicode>
                </TextEquiv>
            </TextLine>
            <TextLine id="r2l23" custom="readingOrder {index:22;}">
                <Coords points="1206,2179 2323,2195 2554,2181 2555,2135 1207,2118"/>
                <Baseline points="1216,2155 1282,2157 1349,2158 1415,2160 1482,2161 1548,2162 1615,2164 1681,2165 1748,2167 1814,2168 1881,2169 1947,2170 2014,2171 2080,2172 2147,2173 2213,2174 2280,2174 2346,2174 2413,2174 2479,2174 2546,2174"/>
                <TextEquiv>
                    <Unicode>C’est leseul mot humain que le malheurenx ait prononcé.</Unicode>
                </TextEquiv>
            </TextLine>
            <TextLine id="r2l24" custom="readingOrder {index:23;}">
                <Coords points="1149,2228 2558,2247 2559,2180 1149,2170"/>
                <Baseline points="1157,2214 1226,2215 1296,2217 1365,2218 1435,2219 1505,2220 1574,2222 1644,2223 1714,2224 1783,2225 1853,2226 1923,2227 1992,2228 2062,2228 2132,2229 2201,2230 2271,2231 2341,2231 2410,2232 2480,2233 2550,2233"/>
                <TextEquiv>
                    <Unicode>Et un Hot de pitié monte au cceur de Thérèse peur ce misé¬</Unicode>
                </TextEquiv>
            </TextLine>
            <TextLine id="r2l25" custom="readingOrder {index:24;}">
                <Coords points="1145,2275 2480,2316 2558,2302 2559,2247 1145,2226"/>
                <Baseline points="1153,2273 1222,2274 1292,2276 1362,2277 1432,2278 1502,2280 1572,2281 1641,2282 1711,2283 1781,2284 1851,2285 1921,2286 1991,2287 2061,2288 2130,2289 2200,2289 2270,2290 2340,2291 2410,2291 2480,2291 2550,2291"/>
                <TextEquiv>
                    <Unicode>rable, qui est sa eréature, qui n’a pas demandé à naitre, et qui</Unicode>
                </TextEquiv>
            </TextLine>
            <TextLine id="r2l26" custom="readingOrder {index:25;}">
                <Coords points="1147,2342 2555,2374 2533,2303 1148,2300"/>
                <Baseline points="1157,2338 1226,2337 1295,2337 1365,2338 1434,2338 1504,2339 1573,2339 1643,2340 1712,2341 1782,2342 1851,2343 1920,2344 1990,2345 2059,2346 2129,2347 2198,2348 2268,2349 2337,2350 2407,2351 2476,2351 2546,2352"/>
                <TextEquiv>
                    <Unicode>peut-être, au fond, ne vaut pas moins qu un autre. &amp; Si j'avais</Unicode>
                </TextEquiv>
            </TextLine>
            <TextLine id="r2l27" custom="readingOrder {index:26;}">
                <Coords points="1153,2403 2547,2427 2548,2376 2476,2359 1154,2357"/>
                <Baseline points="1162,2397 1230,2397 1299,2397 1368,2398 1437,2398 1506,2399 1575,2399 1643,2400 1712,2400 1781,2401 1850,2401 1919,2402 1988,2403 2057,2404 2125,2405 2194,2406 2263,2408 2332,2409 2401,2411 2470,2413 2539,2416"/>
                <TextEquiv>
                    <Unicode>été une autre mère, il aurait é1é un autre hommen, se dit-elle,</Unicode>
                </TextEquiv>
            </TextLine>
            <TextLine id="r2l28" custom="readingOrder {index:27;}">
                <Coords points="1141,2460 2553,2474 2553,2435 2433,2412 1141,2404"/>
                <Baseline points="1150,2454 1219,2454 1289,2454 1359,2454 1428,2454 1498,2455 1568,2455 1637,2456 1707,2457 1777,2458 1847,2459 1916,2460 1986,2461 2056,2462 2125,2463 2195,2464 2265,2465 2334,2466 2404,2467 2474,2468 2544,2469"/>
                <TextEquiv>
                    <Unicode>et elle se ronge de douleur et de remords. Surtout un souvenir</Unicode>
                </TextEquiv>
            </TextLine>
            <TextLine id="r2l29" custom="readingOrder {index:28;}">
                <Coords points="1139,2514 2555,2539 2555,2490 2377,2474 1140,2460"/>
                <Baseline points="1149,2513 1218,2514 1288,2514 1358,2514 1428,2515 1498,2515 1568,2516 1637,2516 1707,2517 1777,2518 1847,2519 1917,2519 1987,2520 2057,2521 2126,2522 2196,2523 2266,2524 2336,2524 2406,2525 2476,2526 2546,2527"/>
                <TextEquiv>
                    <Unicode>la poursuit: le souvenir de ce qui s’était passé dans cette nuit</Unicode>
                </TextEquiv>
            </TextLine>
            <TextLine id="r2l30" custom="readingOrder {index:29;}">
                <Coords points="1149,2591 2518,2603 2556,2540 1149,2530"/>
                <Baseline points="1157,2570 1226,2571 1295,2572 1365,2572 1434,2573 1504,2574 1573,2574 1643,2575 1712,2576 1782,2577 1851,2577 1920,2578 1990,2578 2059,2579 2129,2580 2198,2581 2268,2582 2337,2583 2407,2584 2476,2585 2546,2587"/>
                <TextEquiv>
                    <Unicode>de son accouchement, dans la chambre, sur le lit sanglant ou</Unicode>
                </TextEquiv>
            </TextLine>
            <TextLine id="r2l31" custom="readingOrder {index:30;}">
                <Coords points="1146,2643 2501,2669 2549,2594 1146,2592"/>
                <Baseline points="1154,2630 1223,2631 1292,2631 1361,2632 1431,2632 1500,2633 1569,2633 1638,2633 1708,2634 1777,2634 1846,2635 1915,2636 1985,2637 2054,2637 2123,2638 2192,2640 2262,2641 2331,2642 2400,2644 2469,2646 2539,2648"/>
                <TextEquiv>
                    <Unicode>elle venait de mettre un homme au monde dans un abime de</Unicode>
                </TextEquiv>
            </TextLine>
            <TextLine id="r2l32" custom="readingOrder {index:31;}">
                <Coords points="1139,2688 2245,2725 2526,2718 2546,2663 1139,2653"/>
                <Baseline points="1148,2686 1217,2687 1286,2688 1356,2689 1425,2689 1495,2690 1564,2691 1633,2692 1703,2692 1772,2693 1842,2694 1911,2695 1980,2695 2050,2696 2119,2697 2189,2698 2258,2699 2327,2699 2397,2700 2466,2701 2536,2702"/>
                <TextEquiv>
                    <Unicode>désespoir, ale geste qu'elle n’avait pas achevé, la tentation</Unicode>
                </TextEquiv>
            </TextLine>
            <TextLine id="r2l33" custom="readingOrder {index:32;}">
                <Coords points="1142,2764 2565,2765 2486,2713 1143,2689"/>
                <Baseline points="1152,2746 1222,2747 1292,2748 1362,2749 1432,2749 1503,2750 1573,2750 1643,2751 1713,2751 1783,2751 1854,2752 1924,2753 1994,2753 2064,2754 2134,2755 2205,2756 2275,2758 2345,2759 2415,2761 2485,2763 2556,2766"/>
                <TextEquiv>
                    <Unicode>qu'elle avait eue plutôt qu'elle n’y avait cédé, l’instant ou,</Unicode>
                </TextEquiv>
            </TextLine>
            <TextLine id="r2l34" custom="readingOrder {index:33;}">
                <Coords points="1141,2804 2440,2837 2441,2782 2238,2763 1142,2765"/>
                <Baseline points="1150,2798 1214,2801 1278,2803 1342,2804 1406,2805 1470,2806 1534,2807 1598,2808 1662,2809 1726,2809 1790,2810 1854,2810 1918,2811 1982,2812 2046,2813 2110,2813 2174,2815 2238,2816 2302,2818 2366,2820 2431,2822"/>
                <TextEquiv>
                    <Unicode>T’espace d’une seconde, elle avait été une meurtrière 9.</Unicode>
                </TextEquiv>
            </TextLine>
            <TextLine id="r2l35" custom="readingOrder {index:34;}">
                <Coords points="1213,2875 2554,2899 2507,2833 1214,2812"/>
                <Baseline points="1222,2861 1288,2861 1354,2862 1420,2862 1486,2863 1553,2864 1619,2864 1685,2865 1751,2866 1817,2867 1884,2869 1950,2870 2016,2871 2082,2872 2148,2873 2215,2874 2281,2875 2347,2876 2413,2877 2479,2878 2546,2879"/>
                <TextEquiv>
                    <Unicode>Ilyalà une idée familière à M. Schnitzler, un des thèmes</Unicode>
                </TextEquiv>
            </TextLine>
            <TextLine id="r2l36" custom="readingOrder {index:35;}">
                <Coords points="1149,2939 2407,2963 2546,2946 2547,2902 1149,2885"/>
                <Baseline points="1157,2922 1226,2922 1295,2921 1364,2921 1433,2921 1502,2921 1571,2922 1640,2923 1709,2924 1778,2925 1847,2926 1916,2927 1985,2929 2054,2930 2123,2931 2192,2933 2261,2934 2330,2936 2399,2937 2468,2938 2537,2940"/>
                <TextEquiv>
                    <Unicode>sur lesquels est construite son cuvre: c’est l’importance des</Unicode>
                </TextEquiv>
            </TextLine>
            <TextLine id="r2l37" custom="readingOrder {index:36;}">
                <Coords points="1136,2996 2394,3023 2557,2980 1246,2922 1136,2959"/>
                <Baseline points="1144,2981 1214,2980 1284,2979 1354,2979 1424,2980 1495,2980 1565,2981 1635,2982 1705,2983 1775,2984 1846,2985 1916,2987 1986,2988 2056,2989 2126,2991 2197,2992 2267,2993 2337,2994 2407,2994 2477,2994 2548,2994"/>
                <TextEquiv>
                    <Unicode>pensées, la valeur unique de la conscience. Peu s’en faut qu’elle</Unicode>
                </TextEquiv>
            </TextLine>
            <TextLine id="r2l38" custom="readingOrder {index:37;}">
                <Coords points="1137,3048 2548,3079 2549,3023 2417,3009 1138,3001"/>
                <Baseline points="1146,3040 1215,3040 1285,3040 1354,3040 1424,3040 1494,3040 1563,3041 1633,3042 1703,3042 1772,3043 1842,3044 1912,3045 1981,3046 2051,3048 2121,3049 2190,3051 2260,3052 2330,3054 2399,3056 2469,3058 2539,3060"/>
                <TextEquiv>
                    <Unicode>ne soit pour lui toute la réali'é (à pen près comme elle est</Unicode>
                </TextEquiv>
            </TextLine>
            <TextLine id="r2l39" custom="readingOrder {index:38;}">
                <Coords points="1140,3113 2448,3142 2553,3080 1141,3066"/>
                <Baseline points="1150,3098 1219,3098 1289,3098 1359,3098 1428,3099 1498,3100 1568,3100 1637,3101 1707,3102 1777,3103 1847,3104 1916,3105 1986,3106 2056,3107 2125,3109 2195,3110 2265,3111 2334,3113 2404,3114 2474,3115 2544,3116"/>
                <TextEquiv>
                    <Unicode>pour un Schopenhauer), et c’est ce qui donne á'ses écrits tant</Unicode>
                </TextEquiv>
            </TextLine>
            <TextLine id="r2l40" custom="readingOrder {index:39;}">
                <Coords points="1142,3173 2504,3194 2549,3150 1142,3120"/>
                <Baseline points="1151,3158 1220,3157 1289,3157 1359,3156 1428,3156 1498,3157 1567,3157 1637,3157 1706,3158 1776,3159 1845,3160 1914,3161 1984,3162 2053,3164 2123,3165 2192,3167 2262,3168 2331,3171 2401,3172 2470,3174 2540,3176"/>
                <TextEquiv>
                    <Unicode>de résonnance et de profondeur. Déjà dans son premier roman,</Unicode>
                </TextEquiv>
            </TextLine>
            <TextLine id="r2l41" custom="readingOrder {index:40;}">
                <Coords points="1137,3236 2563,3233 2521,3185 1138,3183"/>
                <Baseline points="1146,3214 1216,3214 1286,3214 1357,3215 1427,3215 1498,3216 1568,3216 1638,3217 1709,3218 1779,3218 1850,3219 1920,3220 1990,3221 2061,3222 2131,3223 2202,3224 2272,3226 2342,3227 2413,3228 2483,3230 2554,3232"/>
                <TextEquiv>
                    <Unicode>cette question revient à toutes les pages: on se rappelle cet</Unicode>
                </TextEquiv>
            </TextLine>
            <TextLine id="r2l42" custom="readingOrder {index:41;}">
                <Coords points="1130,3294 2526,3309 2552,3251 1131,3248"/>
                <Baseline points="1140,3274 1210,3275 1280,3275 1350,3276 1420,3277 1490,3277 1560,3278 1631,3279 1701,3280 1771,3280 1841,3281 1911,3282 1981,3283 2051,3285 2122,3286 2192,3287 2262,3289 2332,3290 2402,3292 2472,3294 2543,3296"/>
                <TextEquiv>
                    <Unicode>endroit on Anna donne le jour à un petit qui ne vit pas; il</Unicode>
                </TextEquiv>
            </TextLine>
            <TextLine id="r2l43" custom="readingOrder {index:42;}">
                <Coords points="1139,3355 1999,3340 2459,3384 2559,3380 2560,3311 1140,3281"/>
                <Baseline points="1148,3337 1218,3338 1288,3338 1358,3339 1428,3340 1498,3340 1568,3341 1639,3341 1709,3342 1779,3343 1849,3343 1919,3344 1989,3345 2059,3346 2130,3346 2200,3348 2270,3349 2340,3350 2410,3351 2480,3353 2551,3354"/>
                <TextEquiv>
                    <Unicode>nouvre les yeux que pour les fermer, n’arrive au monde que</Unicode>
                </TextEquiv>
            </TextLine>
            <TextEquiv>
                <Unicode>box 6/2
460
REYUE DES DEUX MONDEs.
heureux n’importe ou, quelque part d’ou il ne reviendra plus.
Ainsi Thérèse conjure le sort et tente de désarmer le passé.
IIlui semble un moment qu'elle va y réussir, parvenir enlin à
vivre en paix pour ses vieux jours. Wohlschein se charge
d’embarquer le chenapan, après quoi deux ou trois petits
vorages d’affaires, et puis la noce à la Pentecöle. Tout parait
sarranger, le ciel se rassérène. Un matin, un coup de télé¬
phone: Wohlschein est mort, on vient de le trouver dans son
lit, emporté par une crise cardiaque, II n’a méme pas eu le
temps de faire un testament.
Et la solitude recommence, cette fois définitive, plus grise,
plus navrante, plus inulile que jamais. Un jour, après une
longue éclipse, elle voit reparaitre son fils et, comme d’habi¬
tude, commence par un monvement de peur devant ce gibier
de prison. Mais l’apache se borne à s'’asseoir sans rien dire, et
puis doucement, d’une voix qui réveille en elle des sentiments
qu'elle avait crus éteints, il lui échappe cette parole qui résume
sa philosophie et leur commune misère:
6 Toinon plus, maman, tu n'as pas en de chance. )
C’est leseul mot humain que le malheurenx ait prononcé.
Et un Hot de pitié monte au cceur de Thérèse peur ce misé¬
rable, qui est sa eréature, qui n’a pas demandé à naitre, et qui
peut-être, au fond, ne vaut pas moins qu un autre. &amp; Si j'avais
été une autre mère, il aurait é1é un autre hommen, se dit-elle,
et elle se ronge de douleur et de remords. Surtout un souvenir
la poursuit: le souvenir de ce qui s’était passé dans cette nuit
de son accouchement, dans la chambre, sur le lit sanglant ou
elle venait de mettre un homme au monde dans un abime de
désespoir, ale geste qu'elle n’avait pas achevé, la tentation
qu'elle avait eue plutôt qu'elle n’y avait cédé, l’instant ou,
T’espace d’une seconde, elle avait été une meurtrière 9.
Ilyalà une idée familière à M. Schnitzler, un des thèmes
sur lesquels est construite son cuvre: c’est l’importance des
pensées, la valeur unique de la conscience. Peu s’en faut qu’elle
ne soit pour lui toute la réali'é (à pen près comme elle est
pour un Schopenhauer), et c’est ce qui donne á'ses écrits tant
de résonnance et de profondeur. Déjà dans son premier roman,
cette question revient à toutes les pages: on se rappelle cet
endroit on Anna donne le jour à un petit qui ne vit pas; il
nouvre les yeux que pour les fermer, n’arrive au monde que</Unicode>
            </TextEquiv>
        </TextRegion>
    </Page>
</PcGts>
