3532 4256
530 180 856 252 Therese
299 179 863 278 35: Aennnen
992 176 1382 262 box 6/2
919 971 1857 1080 Argus Suisse et International de la Presa-B. N
1066 1059 1687 1142 23, Rue du Rhöne - GENEVE
879 1110 1860 1199 Adr. télégr Coupures-Genéve — Tél. Stand 40.05
889 1179 1839 1279 Bureau International de coupures de journaux.
990 1241 1760 1325 Traductions de et en toutes langues.
880 1416 1882 1537 Die Literarische Welt, Berlin
918 1552 2033 1642 Ausschnitt aus der Nummer vom: 1 5. JUN 1928
1441 1686 2574 1777 Der neue Roman von Arthur Schnitzler
1225 1758 1899 1847 ARTHUR SCHNITZLER: THIERESE
2015 1761 2873 1839 glaubt, und das Mädchen weiß schmerzlich,
2018 1823 2883 1876 dlaß es ihm untreu werden wird, trotzdem es
1318 1816 1814 1893 S. ag, Berlin
2028 1862 2888 1914 dadurch sein Leben zerslört. Warum? Der
1165 1876 1995 1922 Ein Roman, wie jedér frühere Schnitzler:
2018 1903 2889 1945 Vater, früher Offizier, stirbt im Irrenhaus,
1145 1912 1991 1977 Kultur der Sprache, spphlichen Ton in der
2016 1941 2883 1990 die Mutter, halb kindisch geworden, schreibi
1142 1957 1993 2004 Schilderung, feine Psychdlogidfas Thema, das
2019 1983 2871 2030 Kitschromane, das Leben ist bitter — Schnilz¬
1130 1992 1998 2058 par excellence seins ist: ein Frauenschicksal,
2018 2019 2885 2062 lerscher Fatalismus —, und im Unterbewußt¬
1135 2038 1978 2087 ein Zug von Fatalismus über dem ganzen —
2022 2058 2878 2124 sein eben die Emanzipation: weg von so
1137 2071 1993 2120 und doch durch den Inhall von allen früheren
2016 2094 2891 2158 romantischen Begriffen der Treue. Während
1144 2115 2001 2167 Werken des Autors verschieden, wie das
2021 2147 2870 2192 sie seinen Zukunftsplänen lauscht, an ihn ge¬
1149 2149 2000 2193 Heute und Gestern vom Vorgestern verschieden
2013 2182 2895 2223 lehnt dasitzt, weiß sie, daß sie Geliebte
879 2194 1999 2253 ist. Wo die andern aufhören, beginnt Therese.
2019 2219 2883 2278 eines andern sein wird, verworfen, ledige
1171 2227 2003 2294 Berla Garlan war leidenschaftlicher Angriff
2015 2263 2882 2312 Mutter — nichts läßt sich dagegen tun, Und
859 2275 1999 2334 ralte à forfalt gegen eine verfaulte Moral, eine Aussage über
2024 2299 2882 2340 das Schicksal erfüllt sich schwer und unab¬
1139 2328 1987 2369 die Natur des Weiblichen, Anklage und For¬
2012 2339 2876 2394 wendbar; nicht gesellschaftlich sinkt sie, dort
1140 2362 1992 2407 derung nach einer erotischen Freiheit, die der
2022 2377 2878 2429 ist ihre letzte Freiheit anerkannt — nicht für
1129 2398 2005 2449 Mann längst hatte. Kampf zwischen Moral und
2014 2406 2884 2465 uns, denn wir empfinden um so wärmer für
1139 2439 1994 2489 Veranlagung, Sollen und Wollen war Inhalt,
2023 2457 2883 2512 sie, je mehr sie diesem und jenem und einem
1144 2479 2008 2531 Steigerung und Katastrophe — Fortsetzung ist
2017 2499 2881 2553 dritten Geliebte war, sondern in ihren eigenen
1137 2515 1304 2569 Therese.
2020 2522 2880 2595 Ansprüchen an das Leben. Anfangs wollte sie
1167 2552 1983 2615 Was dort Ziel war, ist hier erfüllte Voraus¬
2025 2578 2876 2628 von einem Manne geliebt werden, dann nur
1129 2606 1992 2660 setzung. Dort war es ein einziger Fehltritt,
2014 2617 2879 2670 von einer Schüierin, nur vom eigenen Sohn,
1138 2643 1987 2688 um den es ging — hier sind es viele, um
2022 2650 2877 2707 endlich will sie nur allein und unbehelligt
1133 2689 2001 2731 die es nicht geht. Das Problem „Freiheit
2020 2695 2875 2755 leben, 8o sinkt sie selbst da, wo sie vorüber¬
1138 2723 1992 2782 oder nicht“ kann nicht mehr Kernpunkt
2023 2725 2876 2792 gehend gesellschaftlich steigt, bis der Sohn
1127 2767 1984 2805 eines Romans sein, da das Leben diese Frei¬
2021 2766 2391 2831 sie im Haß tötet.
1137 2810 1997 2860 heit längst fast legalisiert hat. Fragt es sich
2054 2794 2883 2880 Im Gegensalz zu früheren Romanen Jehlt
1128 2843 1987 2888 nur, ob die gepriesene, geforderte und endlich
2011 2862 2872 2919 hier die inhaltliche Spannung, das Gepeitschle,
1127 2885 1983 2937 zugebilligte Freiheit jene Frau glücklich macht,
2006 2899 2880 2946 die verkrampfte Steigerung, alles ist nur ein
1130 2931 1984 2980 die weder zur Intellektuellen noch zur Sports¬
2007 2942 2879 2996 gleichmäßiges Fallen. Kapitel um Kapitel schil¬
1136 2951 1989 3016 mnaschine wurde, sondern Frau blieb. (Diese
2012 2978 2882 3035 dert fast dasselbe, nur am Schluß merkt man,
1134 3007 1990 3053 beiden Auswege übrigens waren in der Vor¬
2010 3020 2880 3079 daß sie einander doch nicht völlig gleichen,
1127 3031 1989 3088 kriegszeit, in der der Roman in Wien spielt,
2004 3065 2884 3112 sondern Thereses Schicksal um eine weitere
1131 3074 1902 3139 ja auch noch ziemlich ungebräuchlich.)
2003 3099 2861 3140 Nuance verdüstert haben. Das erscheint zu¬
1151 3131 1980 3178 Mit 16 Jahren ist Therese ein Kind ohne
2014 3130 2872 3192 erst als eine Schwäche; aber sie erhebt den
1130 3169 1983 3212 Kindlichkeit, ohne Illusionen, ohne romantische
2017 3164 2873 3222 Roman dieser kleinen Hauslehrerin zu einem
1125 3203 1979 3250 Hoffnungen für die Zukunft. Ober die Schwär¬
2001 3214 2872 3268 Dokument des Gestern, und, wenngleich die
1132 3245 1985 3281 mereien eines Jugendfreundes, der sie nach
2004 3248 2881 3313 Dekorationen gewechselt haben und Offiziere
1132 3281 1983 3336 beendigtem Studium heiraten will, lächelt sie
2003 3288 2867 3345 und Praterrummel heute wohl fehlen, noch
1136 3316 1981 3372 lächelt mit einem stillen Zug von Resig¬
2001 3333 2861 3371 zu einem Dokument des Heute. Das Zugesländ¬
1123 3355 1979 3411 nation und Ernst und Kennen des Lebens.
2013 3368 2869 3422 nis, das selbst die erotische Freiheit, die
1126 3397 1981 3444 Er träumt, sie weiß. Bezeichnend genug: frü¬
2007 3414 2857 3464 Berla Garlan nun glücklich für Therese er¬
1119 3445 1977 3498 her war der Mann der sachlich-brutale, die
2005 3447 2877 3509 kämpft hat, auch nicht das Alleinseligmachende
1125 3477 1986 3535 Frau die romantische, jetzt haben sie die
2000 3494 2863 3546 ist, sondern sehr wohl ein Leben auf ein
1128 3522 1989 3570 Rollen gewechselt. Da ist der Bruch mit dem
2003 3526 2867 3582 lotes Gleis führen kann, und daß es daneben
1133 3562 1982 3622 Vorgestern: nicht der Mann verspricht, das
2003 3573 2860 3626 noch genug andere Nöte gibt, ist Gewinn.
1127 3598 1980 3653 Mädchen glaubt und der Mann wird untreu,
2002 3604 2860 3671 Und mit dieser Wahrheit gewinnl das Kunst¬
1115 3650 2155 3719 sondern der Mann verspricht, der Mann werk.
2517 3647 2836 3710 Boris SILRER
