<?xml version="1.0" encoding="UTF-8" standalone="yes"?>
<PcGts xmlns="http://schema.primaresearch.org/PAGE/gts/pagecontent/2013-07-15" xmlns:xsi="http://www.w3.org/2001/XMLSchema-instance" xsi:schemaLocation="http://schema.primaresearch.org/PAGE/gts/pagecontent/2013-07-15 http://schema.primaresearch.org/PAGE/gts/pagecontent/2013-07-15/pagecontent.xsd">
    <Metadata>
        <Creator>prov=University of Rostock/Institute of Mathematics/CITlab/Gundram Leifert/gundram.leifert@uni-rostock.de:name=ONB_Newseye_GT_M1+(htr_id=10810)::::v=2.4.2
prov=University of Rostock/Institute of Mathematics/CITlab/Tobias Gruening/tobias.gruening@uni-rostock.de:name=de.uros.citlab.module.baseline2polygon.B2PSeamMultiOriented:v=2.4.2
prov=University of Rostock/Institute of Mathematics/CITlab/Tobias Gruening/tobias.gruening@uni-rostock.de:name=/mnt/transkribus/LA/DEA/URO/LA_news_onb_att.pb:de.uros.citlab.segmentation.CITlab_LA_ML:v=2.4.2
Transkribus</Creator>
        <Created>2019-10-07T10:23:31.689+02:00</Created>
        <LastChange>2019-10-07T17:24:35.690+02:00</LastChange>
        <TranskribusMetadata docId="223886" pageId="9491274" pageNr="76" tsid="16393145" status="IN_PROGRESS" userId="40391" imgUrl="https://files.transkribus.eu/Get?id=VLAEMQEQXKOMFFBZBJLJXCOS&amp;fileType=view" xmlUrl="https://files.transkribus.eu/Get?id=NATDVIIDZZERLJSRLAGTTYSK" imageId="6181562"/>
    </Metadata>
    <Page imageFilename="223886_0076.jpeg" imageWidth="3296" imageHeight="4256">
        <ReadingOrder>
            <OrderedGroup id="ro_1711446377897" caption="Regions reading order">
                <RegionRefIndexed index="0" regionRef="r1"/>
                <RegionRefIndexed index="1" regionRef="r2"/>
                <RegionRefIndexed index="2" regionRef="r3"/>
            </OrderedGroup>
        </ReadingOrder>
        <TextRegion orientation="0.0" id="r1" custom="readingOrder {index:0;}">
            <Coords points="307,229 307,291 856,291 856,229"/>
            <TextLine id="r1l1" custom="readingOrder {index:0;}">
                <Coords points="299,256 393,278 498,254 864,264 863,218 649,219 595,194 532,205 492,242 381,191 299,234"/>
                <Baseline points="307,252 334,254 361,255 389,257 416,258 444,259 471,259 499,259 526,259 554,259 581,258 608,258 636,256 663,255 691,254 718,253 746,252 773,251 801,251 828,250 856,249"/>
                <TextEquiv>
                    <Unicode>35. Therese</Unicode>
                </TextEquiv>
            </TextLine>
            <TextLine id="r1l2" custom="readingOrder {index:1;}">
                <Coords points="509,296 540,286 622,299 679,290 734,310 811,287 858,304 858,265 849,263 673,269 509,257"/>
                <Baseline points="517,272 542,275 568,277 594,279 619,280 645,281 671,281 696,280 722,280 748,280 773,279 799,278 825,278 851,279"/>
                <TextEquiv>
                    <Unicode>„</Unicode>
                </TextEquiv>
            </TextLine>
            <TextEquiv>
                <Unicode>35. Therese
„</Unicode>
            </TextEquiv>
        </TextRegion>
        <TextRegion orientation="0.0" id="r2" custom="readingOrder {index:1;}">
            <Coords points="973,154 973,314 1379,314 1379,154"/>
            <TextLine id="r2l1" custom="readingOrder {index:0;}">
                <Coords points="966,276 1056,267 1104,284 1136,265 1160,277 1219,258 1331,288 1387,262 1387,212 1241,195 1154,222 1047,202 1002,239 966,240"/>
                <Baseline points="973,264 998,261 1023,259 1049,258 1074,257 1099,257 1125,258 1150,258 1176,259 1201,260 1226,260 1252,261 1277,261 1302,260 1328,259 1353,258 1379,254"/>
                <TextEquiv>
                    <Unicode>box 6/2</Unicode>
                </TextEquiv>
            </TextLine>
            <TextEquiv>
                <Unicode>box 6/2</Unicode>
            </TextEquiv>
        </TextRegion>
        <TextRegion orientation="0.0" id="r3" custom="readingOrder {index:2;}">
            <Coords points="2035,429 2035,4005 3287,4005 3287,429"/>
            <TextLine id="r3l1" custom="readingOrder {index:0;}">
                <Coords points="2032,460 3020,474 3224,455 3224,406 2728,382 2627,425 2539,389 2032,422"/>
                <Baseline points="2039,454 2097,454 2156,453 2215,453 2274,453 2333,454 2392,455 2451,455 2510,456 2569,457 2628,458 2686,458 2745,459 2804,459 2863,459 2922,459 2981,458 3040,457 3099,455 3158,453 3217,450"/>
                <TextEquiv>
                    <Unicode>plexity those which confront the Indian And-British people to¬</Unicode>
                </TextEquiv>
            </TextLine>
            <TextLine id="r3l2" custom="readingOrder {index:1;}">
                <Coords points="2029,511 3232,527 3211,454 2029,468"/>
                <Baseline points="2036,498 2095,499 2154,500 2214,500 2273,501 2333,501 2392,502 2452,502 2511,502 2571,502 2630,502 2689,502 2749,502 2808,502 2868,502 2927,502 2987,502 3046,502 3106,502 3165,502 3225,502"/>
                <TextEquiv>
                    <Unicode>day. Happily, on Both sides therefate Englishmen and Indians</Unicode>
                </TextEquiv>
            </TextLine>
            <TextLine id="r3l3" custom="readingOrder {index:2;}">
                <Coords points="2033,547 3221,549 3221,517 3065,507 2033,513"/>
                <Baseline points="2041,547 2099,547 2158,547 2216,547 2275,547 2334,547 2392,547 2451,548 2510,548 2568,548 2627,548 2686,548 2744,548 2803,548 2862,548 2920,548 2979,548 3038,547 3096,547 3155,546 3214,546"/>
                <TextEquiv>
                    <Unicode>of great insight and great disinterestedness who may yet play¬</Unicode>
                </TextEquiv>
            </TextLine>
            <TextLine id="r3l4" custom="readingOrder {index:3;}">
                <Coords points="2037,594 3237,615 3237,543 2037,559"/>
                <Baseline points="2045,593 2104,594 2163,594 2222,595 2281,595 2341,595 2400,595 2459,594 2518,594 2577,594 2637,593 2696,593 2755,593 2814,592 2873,592 2933,592 2992,591 3051,591 3110,591 3169,591 3229,591"/>
                <TextEquiv>
                    <Unicode>their effective partl in showing how peoples of different colors</Unicode>
                </TextEquiv>
            </TextLine>
            <TextLine id="r3l5" custom="readingOrder {index:4;}">
                <Coords points="2033,653 2994,661 3164,653 3224,608 2033,614"/>
                <Baseline points="2041,642 2099,642 2158,641 2217,641 2276,641 2334,641 2393,641 2452,641 2511,641 2569,641 2628,641 2687,641 2746,641 2804,641 2863,640 2922,640 2981,640 3039,639 3098,639 3157,638 3216,637"/>
                <TextEquiv>
                    <Unicode>and cultures may become genuine partners in the fine but un¬</Unicode>
                </TextEquiv>
            </TextLine>
            <TextLine id="r3l6" custom="readingOrder {index:5;}">
                <Coords points="2028,704 2983,689 2972,646 2027,652"/>
                <Baseline points="2035,685 2082,687 2129,688 2176,689 2223,690 2270,690 2317,690 2364,690 2411,689 2458,688 2505,687 2552,686 2599,685 2646,684 2693,683 2740,682 2787,682 2834,682 2881,682 2928,682 2975,683"/>
                <TextEquiv>
                    <Unicode>discovered art off international self-government.</Unicode>
                </TextEquiv>
            </TextLine>
            <TextLine id="r3l7" custom="readingOrder {index:6;}">
                <Coords points="2782,751 2903,746 2960,768 2993,768 3014,751 3040,763 3092,750 3146,757 3191,743 3191,704 3143,692 3104,714 3075,690 3048,689 3012,703 2994,694 2964,716 2931,702 2890,715 2821,699 2782,721"/>
                <Baseline points="2789,740 2815,741 2841,741 2867,741 2894,741 2920,741 2946,741 2972,740 2999,740 3025,739 3051,739 3077,738 3104,738 3130,737 3156,737 3183,737"/>
                <TextEquiv>
                    <Unicode>EnwARD C. CAaTER</Unicode>
                </TextEquiv>
            </TextLine>
            <TextLine id="r3l8" custom="readingOrder {index:7;}">
                <Coords points="2070,786 2085,784 2107,806 2142,796 2181,810 2216,798 2241,809 2310,799 2331,809 2340,807 2341,738 2299,730 2222,749 2070,750"/>
                <Baseline points="2078,785 2103,786 2129,787 2154,788 2180,789 2205,789 2231,789 2256,789 2282,789 2307,789 2333,788"/>
                <TextEquiv>
                    <Unicode>The Inquiry</Unicode>
                </TextEquiv>
            </TextLine>
            <TextLine id="r3l9" custom="readingOrder {index:8;}">
                <Coords points="2287,875 2936,876 2971,861 2971,804 2873,827 2762,800 2706,830 2533,825 2473,789 2392,822 2286,813"/>
                <Baseline points="2294,860 2327,860 2361,861 2394,861 2428,862 2461,862 2495,862 2528,863 2562,863 2595,863 2629,863 2662,863 2696,863 2729,863 2763,862 2796,862 2830,861 2863,860 2897,859 2930,858 2964,857"/>
                <TextEquiv>
                    <Unicode>Fred Eastman, Pioneer</Unicode>
                </TextEquiv>
            </TextLine>
            <TextLine id="r3l10" custom="readingOrder {index:9;}">
                <Coords points="2030,916 3239,908 3116,863 2030,881"/>
                <Baseline points="2037,909 2096,908 2156,908 2216,908 2276,908 2335,908 2395,908 2455,907 2515,907 2574,907 2634,907 2694,907 2754,907 2813,907 2873,907 2933,907 2993,907 3052,907 3112,907 3172,906 3232,906"/>
                <TextEquiv>
                    <Unicode>MODERN RELIGIOUS DRAMA, collested by Fred Eastman. Holt.</Unicode>
                </TextEquiv>
            </TextLine>
            <TextLine id="r3l11" custom="readingOrder {index:10;}">
                <Coords points="2065,944 2855,956 2855,915 2787,908 2065,920"/>
                <Baseline points="2073,938 2111,939 2150,939 2189,940 2227,940 2266,941 2305,941 2343,941 2382,941 2421,941 2460,941 2498,941 2537,941 2576,940 2614,940 2653,940 2692,940 2730,939 2769,939 2808,939 2847,938"/>
                <TextEquiv>
                    <Unicode>324 pp. Price 83.00 postpaid of Jurren Graphic.</Unicode>
                </TextEquiv>
            </TextLine>
            <TextLine id="r3l12" custom="readingOrder {index:11;}">
                <Coords points="2043,998 3183,1000 3240,941 2043,949"/>
                <Baseline points="2051,993 2110,992 2169,990 2228,989 2287,988 2346,988 2405,987 2464,987 2523,986 2582,986 2642,986 2701,986 2760,986 2819,986 2878,986 2937,985 2996,985 3055,984 3114,983 3173,982 3233,981"/>
                <TextEquiv>
                    <Unicode>URED EASTMAN pioneered when he went to the Chicago</Unicode>
                </TextEquiv>
            </TextLine>
            <TextLine id="r3l13" custom="readingOrder {index:12;}">
                <Coords points="2055,1047 3239,1042 3239,1005 3143,990 2055,993"/>
                <Baseline points="2063,1031 2121,1032 2179,1033 2238,1033 2296,1034 2355,1034 2413,1034 2472,1034 2530,1034 2589,1034 2647,1034 2705,1034 2764,1034 2822,1034 2881,1033 2939,1033 2998,1032 3056,1032 3115,1032 3173,1031 3232,1030"/>
                <TextEquiv>
                    <Unicode>1 Theological Seminary to take the Department of Religious</Unicode>
                </TextEquiv>
            </TextLine>
            <TextLine id="r3l14" custom="readingOrder {index:13;}">
                <Coords points="2033,1086 3170,1095 3239,1046 2033,1050"/>
                <Baseline points="2041,1081 2100,1081 2160,1081 2219,1082 2279,1082 2338,1082 2398,1082 2457,1082 2517,1082 2576,1082 2636,1082 2695,1082 2755,1081 2814,1081 2874,1081 2933,1080 2993,1079 3052,1078 3112,1077 3171,1076 3231,1075"/>
                <TextEquiv>
                    <Unicode>Drama. The writer is of the opinion that up to that time</Unicode>
                </TextEquiv>
            </TextLine>
            <TextLine id="r3l15" custom="readingOrder {index:14;}">
                <Coords points="2035,1116 3246,1127 3202,1080 2035,1104"/>
                <Baseline points="2043,1129 2102,1129 2162,1129 2222,1129 2282,1129 2341,1129 2401,1129 2461,1129 2521,1128 2580,1128 2640,1128 2700,1127 2760,1127 2819,1126 2879,1125 2939,1125 2999,1124 3058,1123 3118,1122 3178,1121 3238,1120"/>
                <TextEquiv>
                    <Unicode>only one or two educational institutions had ever given credit</Unicode>
                </TextEquiv>
            </TextLine>
            <TextLine id="r3l16" custom="readingOrder {index:15;}">
                <Coords points="2039,1184 3012,1191 3237,1182 3237,1145 2039,1149"/>
                <Baseline points="2046,1176 2105,1176 2164,1177 2223,1177 2282,1177 2341,1177 2400,1177 2460,1176 2519,1176 2578,1175 2637,1175 2696,1174 2755,1173 2814,1173 2874,1172 2933,1171 2992,1171 3051,1170 3110,1170 3169,1170 3229,1170"/>
                <TextEquiv>
                    <Unicode>in their graduate departments for the study of drama as an</Unicode>
                </TextEquiv>
            </TextLine>
            <TextLine id="r3l17" custom="readingOrder {index:16;}">
                <Coords points="2044,1223 3244,1230 3209,1175 2044,1191"/>
                <Baseline points="2051,1221 2110,1221 2169,1222 2228,1222 2288,1222 2347,1222 2406,1222 2465,1222 2525,1221 2584,1221 2643,1221 2702,1221 2762,1220 2821,1220 2880,1220 2939,1220 2999,1219 3058,1219 3117,1219 3176,1219 3236,1219"/>
                <TextEquiv>
                    <Unicode>aid to and an expression of religion. Now that the idea is</Unicode>
                </TextEquiv>
            </TextLine>
            <TextLine id="r3l18" custom="readingOrder {index:17;}">
                <Coords points="2043,1277 3209,1284 3246,1229 2043,1241"/>
                <Baseline points="2051,1271 2110,1270 2169,1269 2229,1269 2288,1268 2348,1268 2407,1268 2466,1268 2526,1268 2585,1268 2645,1268 2704,1267 2763,1267 2823,1267 2882,1267 2942,1267 3001,1266 3060,1266 3120,1265 3179,1264 3239,1263"/>
                <TextEquiv>
                    <Unicode>proving its worth, many schools and seminaries are beginning</Unicode>
                </TextEquiv>
            </TextLine>
            <TextLine id="r3l19" custom="readingOrder {index:18;}">
                <Coords points="2035,1316 2814,1329 2814,1277 2035,1289"/>
                <Baseline points="2043,1314 2081,1315 2119,1315 2157,1315 2195,1315 2234,1315 2272,1315 2310,1315 2348,1315 2386,1315 2425,1315 2463,1315 2501,1315 2539,1315 2577,1314 2616,1314 2654,1314 2692,1313 2730,1312 2768,1312 2807,1311"/>
                <TextEquiv>
                    <Unicode>to offer courses of this genera. nature.</Unicode>
                </TextEquiv>
            </TextLine>
            <TextLine id="r3l20" custom="readingOrder {index:19;}">
                <Coords points="2077,1367 3239,1363 3215,1320 2966,1305 2890,1335 2077,1332"/>
                <Baseline points="2084,1361 2141,1360 2198,1360 2256,1360 2313,1360 2370,1360 2428,1361 2485,1361 2542,1362 2600,1362 2657,1363 2714,1363 2772,1363 2829,1363 2886,1363 2944,1363 3001,1362 3058,1361 3116,1359 3173,1358 3231,1355"/>
                <TextEquiv>
                    <Unicode>Eastman pioneered also in writing a new definition of re¬</Unicode>
                </TextEquiv>
            </TextLine>
            <TextLine id="r3l21" custom="readingOrder {index:20;}">
                <Coords points="2035,1416 3232,1415 3231,1372 3182,1366 2034,1378"/>
                <Baseline points="2042,1408 2101,1408 2160,1409 2219,1409 2278,1409 2337,1410 2396,1410 2455,1410 2514,1410 2573,1410 2633,1409 2692,1409 2751,1408 2810,1408 2869,1407 2928,1406 2987,1405 3046,1404 3105,1403 3164,1401 3224,1400"/>
                <TextEquiv>
                    <Unicode>ligious drama. It is, he says, not Biblical drama, nor mis¬</Unicode>
                </TextEquiv>
            </TextLine>
            <TextLine id="r3l22" custom="readingOrder {index:21;}">
                <Coords points="2050,1468 3189,1465 3235,1417 2050,1425"/>
                <Baseline points="2058,1458 2116,1457 2175,1456 2233,1455 2292,1455 2350,1455 2409,1455 2467,1455 2526,1455 2584,1455 2643,1456 2701,1456 2760,1456 2818,1456 2877,1456 2935,1456 2994,1455 3052,1454 3111,1453 3169,1452 3228,1450"/>
                <TextEquiv>
                    <Unicode>sionary drama, nor dramatized Bible stories, nor church prop¬</Unicode>
                </TextEquiv>
            </TextLine>
            <TextLine id="r3l23" custom="readingOrder {index:22;}">
                <Coords points="2043,1510 3244,1512 3205,1456 2043,1478"/>
                <Baseline points="2050,1507 2109,1505 2168,1504 2228,1503 2287,1503 2346,1502 2406,1502 2465,1502 2524,1503 2584,1503 2643,1503 2702,1503 2762,1503 2821,1503 2880,1503 2940,1503 2999,1502 3058,1501 3118,1499 3177,1497 3237,1495"/>
                <TextEquiv>
                    <Unicode>aganda thinly veiled. Rather, it is any form of drama which</Unicode>
                </TextEquiv>
            </TextLine>
            <TextLine id="r3l24" custom="readingOrder {index:23;}">
                <Coords points="2037,1565 3160,1559 3243,1552 3243,1511 2037,1515"/>
                <Baseline points="2044,1551 2103,1551 2163,1550 2222,1550 2282,1550 2342,1550 2401,1550 2461,1549 2520,1549 2580,1549 2640,1549 2699,1549 2759,1549 2818,1548 2878,1548 2938,1547 2997,1547 3057,1546 3116,1545 3176,1544 3236,1542"/>
                <TextEquiv>
                    <Unicode>has a religious effect upon players and audience. To those</Unicode>
                </TextEquiv>
            </TextLine>
            <TextLine id="r3l25" custom="readingOrder {index:24;}">
                <Coords points="2048,1604 3238,1604 3219,1552 2048,1571"/>
                <Baseline points="2056,1598 2114,1598 2173,1598 2232,1597 2290,1597 2349,1597 2408,1596 2466,1596 2525,1596 2584,1595 2643,1595 2701,1595 2760,1595 2819,1594 2877,1594 2936,1594 2995,1594 3053,1593 3112,1593 3171,1593 3230,1593"/>
                <TextEquiv>
                    <Unicode>who have grown disgusted with the weak and trashy plays and</Unicode>
                </TextEquiv>
            </TextLine>
            <TextLine id="r3l26" custom="readingOrder {index:25;}">
                <Coords points="2037,1646 3112,1662 3249,1644 3249,1607 2037,1616"/>
                <Baseline points="2044,1648 2103,1647 2163,1647 2223,1647 2283,1646 2343,1645 2403,1645 2463,1644 2523,1643 2583,1642 2643,1642 2702,1641 2762,1640 2822,1640 2882,1639 2942,1639 3002,1639 3062,1639 3122,1639 3182,1639 3242,1640"/>
                <TextEquiv>
                    <Unicode>pageants which have been built up out of stereotyped religious</Unicode>
                </TextEquiv>
            </TextLine>
            <TextLine id="r3l27" custom="readingOrder {index:26;}">
                <Coords points="2049,1695 3252,1684 3020,1646 2049,1659"/>
                <Baseline points="2056,1693 2115,1693 2174,1692 2234,1692 2293,1691 2353,1691 2412,1690 2471,1689 2531,1689 2590,1688 2650,1688 2709,1688 2768,1687 2828,1687 2887,1687 2947,1686 3006,1686 3065,1686 3125,1686 3184,1686 3244,1686"/>
                <TextEquiv>
                    <Unicode>forms in the immediate past, this new definition will come as</Unicode>
                </TextEquiv>
            </TextLine>
            <TextLine id="r3l28" custom="readingOrder {index:27;}">
                <Coords points="2050,1747 3163,1749 3245,1697 2050,1705"/>
                <Baseline points="2058,1738 2117,1739 2176,1739 2235,1739 2294,1739 2353,1739 2412,1739 2471,1738 2530,1738 2589,1737 2648,1737 2707,1736 2766,1735 2825,1735 2884,1734 2943,1734 3002,1734 3061,1733 3120,1733 3179,1734 3238,1734"/>
                <TextEquiv>
                    <Unicode>a breath of fresh air. It is symptomatic of the wider angles</Unicode>
                </TextEquiv>
            </TextLine>
            <TextLine id="r3l29" custom="readingOrder {index:28;}">
                <Coords points="2049,1790 3250,1773 3191,1734 2049,1751"/>
                <Baseline points="2056,1785 2115,1786 2174,1786 2233,1786 2293,1786 2352,1786 2411,1786 2471,1785 2530,1785 2589,1784 2649,1783 2708,1782 2767,1782 2826,1781 2886,1780 2945,1780 3004,1779 3064,1779 3123,1779 3182,1779 3242,1779"/>
                <TextEquiv>
                    <Unicode>in today’s religion that Professor Eastman should find high</Unicode>
                </TextEquiv>
            </TextLine>
            <TextLine id="r3l30" custom="readingOrder {index:29;}">
                <Coords points="2051,1836 3242,1845 3202,1791 2050,1808"/>
                <Baseline points="2058,1834 2116,1833 2175,1833 2234,1832 2293,1832 2352,1831 2410,1831 2469,1830 2528,1829 2587,1829 2646,1828 2704,1828 2763,1827 2822,1827 2881,1826 2940,1826 2998,1826 3057,1825 3116,1825 3175,1826 3234,1826"/>
                <TextEquiv>
                    <Unicode>religious values in drama which—like the Book of Esther—may</Unicode>
                </TextEquiv>
            </TextLine>
            <TextLine id="r3l31" custom="readingOrder {index:30;}">
                <Coords points="2042,1878 3133,1894 3252,1846 2041,1843"/>
                <Baseline points="2049,1883 2108,1881 2168,1880 2228,1879 2288,1878 2347,1878 2407,1878 2467,1878 2527,1877 2586,1878 2646,1878 2706,1878 2766,1878 2825,1877 2885,1877 2945,1877 3005,1876 3064,1875 3124,1874 3184,1872 3244,1870"/>
                <TextEquiv>
                    <Unicode>not even mention the name of God, but which deal power¬</Unicode>
                </TextEquiv>
            </TextLine>
            <TextLine id="r3l32" custom="readingOrder {index:31;}">
                <Coords points="2038,1930 2844,1947 2934,1930 2934,1896 2869,1874 2820,1899 2037,1889"/>
                <Baseline points="2045,1929 2089,1928 2133,1928 2177,1927 2221,1927 2265,1926 2309,1926 2353,1926 2397,1925 2441,1925 2486,1924 2530,1924 2574,1924 2618,1923 2662,1923 2706,1923 2750,1922 2794,1922 2838,1922 2882,1921 2927,1921"/>
                <TextEquiv>
                    <Unicode>fully with the hopes and fearsof His people.</Unicode>
                </TextEquiv>
            </TextLine>
            <TextLine id="r3l33" custom="readingOrder {index:32;}">
                <Coords points="2076,1973 3069,1986 3225,1972 3251,1918 2076,1944"/>
                <Baseline points="2084,1974 2142,1973 2200,1972 2258,1971 2316,1971 2374,1971 2432,1971 2490,1971 2548,1971 2606,1971 2664,1972 2722,1972 2780,1972 2838,1973 2896,1972 2954,1972 3012,1971 3070,1971 3128,1970 3186,1968 3244,1966"/>
                <TextEquiv>
                    <Unicode>And now Eastman pioneers again in assembling a group of</Unicode>
                </TextEquiv>
            </TextLine>
            <TextLine id="r3l34" custom="readingOrder {index:33;}">
                <Coords points="2044,2019 3142,2037 3250,2017 3250,1979 2044,1995"/>
                <Baseline points="2051,2024 2110,2023 2170,2022 2229,2021 2289,2020 2348,2020 2408,2019 2467,2019 2527,2019 2586,2019 2646,2019 2706,2019 2765,2019 2825,2018 2884,2018 2944,2017 3003,2016 3063,2015 3122,2013 3182,2012 3242,2010"/>
                <TextEquiv>
                    <Unicode>plays which are easy to act, easy to produce, definitely religious</Unicode>
                </TextEquiv>
            </TextLine>
            <TextLine id="r3l35" custom="readingOrder {index:34;}">
                <Coords points="2048,2079 3233,2079 3246,2017 2047,2022"/>
                <Baseline points="2055,2069 2114,2068 2173,2068 2232,2067 2291,2067 2350,2067 2409,2067 2469,2067 2528,2067 2587,2067 2646,2067 2705,2067 2764,2067 2823,2066 2883,2066 2942,2065 3001,2064 3060,2063 3119,2061 3178,2060 3238,2057"/>
                <TextEquiv>
                    <Unicode>in their effect, and withal true to the finest traditions of play¬</Unicode>
                </TextEquiv>
            </TextLine>
            <TextLine id="r3l36" custom="readingOrder {index:35;}">
                <Coords points="2047,2124 3079,2132 3207,2122 3250,2073 2047,2077"/>
                <Baseline points="2054,2119 2113,2118 2172,2118 2232,2117 2291,2117 2351,2116 2410,2115 2469,2115 2529,2114 2588,2114 2648,2113 2707,2112 2766,2112 2826,2111 2885,2110 2945,2110 3004,2109 3063,2108 3123,2107 3182,2107 3242,2106"/>
                <TextEquiv>
                    <Unicode>making. There is not a poor or weak play in the collection.</Unicode>
                </TextEquiv>
            </TextLine>
            <TextLine id="r3l37" custom="readingOrder {index:36;}">
                <Coords points="2040,2161 3249,2181 3249,2130 3184,2110 2040,2136"/>
                <Baseline points="2048,2164 2107,2163 2167,2163 2227,2163 2286,2162 2346,2162 2406,2162 2465,2161 2525,2161 2585,2160 2645,2160 2704,2159 2764,2159 2824,2158 2883,2157 2943,2157 3003,2156 3062,2155 3122,2154 3182,2153 3242,2151"/>
                <TextEquiv>
                    <Unicode>Neither###there a Biblical play. But there are The Neigh¬</Unicode>
                </TextEquiv>
            </TextLine>
            <TextLine id="r3l38" custom="readingOrder {index:37;}">
                <Coords points="2040,2210 3244,2206 3243,2170 3096,2160 2040,2166"/>
                <Baseline points="2048,2210 2107,2210 2166,2210 2226,2210 2285,2210 2345,2209 2404,2209 2463,2208 2523,2207 2582,2207 2642,2206 2701,2205 2760,2204 2820,2204 2879,2203 2939,2202 2998,2202 3057,2201 3117,2201 3176,2200 3236,2200"/>
                <TextEquiv>
                    <Unicode>bors, by Zona Gale, Dust of the Road, by Kenneth Sawyer</Unicode>
                </TextEquiv>
            </TextLine>
            <TextLine id="r3l39" custom="readingOrder {index:38;}">
                <Coords points="2045,2271 3156,2267 3252,2257 3252,2213 2044,2223"/>
                <Baseline points="2052,2258 2111,2257 2171,2257 2230,2256 2290,2256 2350,2255 2409,2255 2469,2254 2528,2254 2588,2253 2648,2253 2707,2252 2767,2252 2826,2251 2886,2250 2946,2249 3005,2249 3065,2248 3124,2247 3184,2246 3244,2244"/>
                <TextEquiv>
                    <Unicode>Goodman, The Color Line, by Irene Taylor MacNair, and</Unicode>
                </TextEquiv>
            </TextLine>
            <TextLine id="r3l40" custom="readingOrder {index:39;}">
                <Coords points="2045,2306 3152,2318 3252,2300 3252,2262 2044,2279"/>
                <Baseline points="2052,2304 2111,2304 2171,2303 2230,2303 2290,2303 2350,2303 2409,2302 2469,2302 2528,2302 2588,2301 2648,2301 2707,2300 2767,2299 2826,2298 2886,2298 2946,2297 3005,2295 3065,2294 3124,2293 3184,2292 3244,2290"/>
                <TextEquiv>
                    <Unicode>ten other plays and pageants, any one of which will leave an</Unicode>
                </TextEquiv>
            </TextLine>
            <TextLine id="r3l41" custom="readingOrder {index:40;}">
                <Coords points="2051,2352 3023,2363 3119,2316 2051,2317"/>
                <Baseline points="2059,2350 2111,2350 2164,2350 2216,2350 2269,2350 2322,2350 2374,2350 2427,2349 2479,2348 2532,2347 2585,2347 2637,2346 2690,2345 2742,2345 2795,2344 2848,2343 2900,2343 2953,2343 3005,2342 3058,2342 3111,2343"/>
                <TextEquiv>
                    <Unicode>audience tingliug with a definite experience of religion.</Unicode>
                </TextEquiv>
            </TextLine>
            <TextLine id="r3l42" custom="readingOrder {index:41;}">
                <Coords points="2093,2405 3194,2407 3254,2389 3255,2351 2093,2359"/>
                <Baseline points="2101,2395 2158,2395 2215,2395 2273,2395 2330,2395 2387,2394 2445,2394 2502,2394 2559,2394 2617,2393 2674,2393 2731,2393 2789,2392 2846,2392 2903,2391 2961,2391 3018,2390 3075,2389 3133,2389 3190,2388 3248,2387"/>
                <TextEquiv>
                    <Unicode>This bool is yorth more than it costs, merely as a collec¬</Unicode>
                </TextEquiv>
            </TextLine>
            <TextLine id="r3l43" custom="readingOrder {index:42;}">
                <Coords points="2059,2449 3188,2457 3260,2438 3260,2396 2058,2411"/>
                <Baseline points="2066,2446 2125,2445 2184,2444 2243,2443 2303,2442 2362,2442 2421,2441 2481,2440 2540,2439 2599,2439 2659,2438 2718,2438 2777,2437 2836,2437 2896,2436 2955,2436 3014,2436 3074,2436 3133,2436 3192,2436 3252,2437"/>
                <TextEquiv>
                    <Unicode>tion of e#####t plays and pageants. It is worth far more</Unicode>
                </TextEquiv>
            </TextLine>
            <TextLine id="r3l44" custom="readingOrder {index:43;}">
                <Coords points="2044,2493 3235,2499 3244,2454 2044,2468"/>
                <Baseline points="2051,2491 2110,2491 2169,2491 2228,2490 2288,2490 2347,2490 2406,2489 2466,2489 2525,2488 2584,2488 2644,2487 2703,2487 2762,2486 2821,2486 2881,2485 2940,2484 2999,2484 3059,2484 3118,2483 3177,2483 3237,2482"/>
                <TextEquiv>
                    <Unicode>than that as a text for stud), Its greatest value, however,</Unicode>
                </TextEquiv>
            </TextLine>
            <TextLine id="r3l45" custom="readingOrder {index:44;}">
                <Coords points="2050,2546 3254,2530 3253,2489 2049,2498"/>
                <Baseline points="2057,2537 2116,2538 2175,2538 2235,2538 2294,2539 2354,2538 2413,2538 2473,2538 2532,2537 2592,2536 2651,2536 2710,2535 2770,2534 2829,2533 2889,2531 2948,2530 3008,2529 3067,2528 3127,2527 3186,2525 3246,2524"/>
                <TextEquiv>
                    <Unicode>is this: It is a forecast of new values in religion, and of new</Unicode>
                </TextEquiv>
            </TextLine>
            <TextLine id="r3l46" custom="readingOrder {index:45;}">
                <Coords points="2056,2602 2976,2586 2873,2538 2056,2557"/>
                <Baseline points="2063,2585 2108,2586 2153,2586 2198,2586 2244,2586 2289,2586 2334,2585 2380,2585 2425,2584 2470,2583 2516,2582 2561,2582 2606,2581 2651,2580 2697,2579 2742,2578 2787,2578 2833,2577 2878,2577 2923,2577 2969,2577"/>
                <TextEquiv>
                    <Unicode>sensitiveness and vigor in the social conscience.</Unicode>
                </TextEquiv>
            </TextLine>
            <TextLine id="r3l47" custom="readingOrder {index:46;}">
                <Coords points="2793,2639 2901,2628 2921,2644 2986,2631 3008,2646 3049,2625 3071,2638 3149,2626 3208,2636 3207,2585 3089,2595 3054,2573 2964,2597 2792,2593"/>
                <Baseline points="2801,2627 2826,2627 2851,2627 2876,2626 2901,2626 2926,2626 2951,2625 2976,2625 3001,2624 3026,2624 3051,2623 3076,2623 3101,2622 3126,2622 3151,2621 3176,2620 3201,2619"/>
                <TextEquiv>
                    <Unicode>CHARLEs S. BkowN</Unicode>
                </TextEquiv>
            </TextLine>
            <TextLine id="r3l48" custom="readingOrder {index:47;}">
                <Coords points="2131,2746 3098,2752 3185,2736 3185,2690 2589,2673 2131,2708"/>
                <Baseline points="2139,2741 2190,2741 2242,2740 2294,2740 2346,2739 2398,2739 2450,2738 2502,2738 2554,2737 2606,2737 2658,2737 2709,2736 2761,2736 2813,2735 2865,2735 2917,2735 2969,2735 3021,2734 3073,2734 3125,2734 3177,2735"/>
                <TextEquiv>
                    <Unicode>A Caseworker Looks at Schnitzler</Unicode>
                </TextEquiv>
            </TextLine>
            <TextLine id="r3l49" custom="readingOrder {index:48;}">
                <Coords points="2049,2793 3257,2795 3256,2751 3186,2732 2049,2764"/>
                <Baseline points="2057,2787 2116,2787 2176,2786 2235,2785 2295,2785 2355,2784 2414,2784 2474,2783 2533,2783 2593,2783 2653,2783 2712,2782 2772,2782 2831,2782 2891,2782 2951,2782 3010,2781 3070,2781 3129,2780 3189,2780 3249,2779"/>
                <TextEquiv>
                    <Unicode>THERESA, by Artkur Schnitzler. Simon &amp; Schuster. 460 pp. Price 82.50</Unicode>
                </TextEquiv>
            </TextLine>
            <TextLine id="r3l50" custom="readingOrder {index:49;}">
                <Coords points="2094,2829 2235,2816 2261,2831 2340,2819 2407,2836 2518,2828 2569,2816 2569,2800 2427,2784 2093,2797"/>
                <Baseline points="2101,2819 2126,2819 2152,2819 2177,2818 2203,2818 2228,2817 2254,2817 2279,2816 2305,2815 2331,2814 2356,2814 2382,2813 2407,2813 2433,2813 2458,2812 2484,2813 2509,2813 2535,2813 2561,2814"/>
                <TextEquiv>
                    <Unicode>postdaid of Survey Graphic.</Unicode>
                </TextEquiv>
            </TextLine>
            <TextLine id="r3l51" custom="readingOrder {index:50;}">
                <Coords points="2110,2874 3259,2862 3258,2811 2110,2828"/>
                <Baseline points="2118,2868 2174,2866 2231,2865 2287,2864 2344,2863 2401,2862 2457,2862 2514,2862 2571,2862 2627,2862 2684,2862 2741,2862 2797,2862 2854,2862 2911,2862 2967,2862 3024,2861 3081,2860 3137,2859 3194,2858 3251,2856"/>
                <TextEquiv>
                    <Unicode>□HERESA comes to us as the sixteen-year-old daughter of</Unicode>
                </TextEquiv>
            </TextLine>
            <TextLine id="r3l52" custom="readingOrder {index:51;}">
                <Coords points="2073,2916 3199,2921 3265,2908 3265,2860 2072,2879"/>
                <Baseline points="2080,2911 2138,2912 2197,2912 2256,2913 2315,2912 2374,2912 2433,2912 2492,2911 2551,2910 2610,2909 2669,2908 2727,2907 2786,2907 2845,2906 2904,2905 2963,2905 3022,2904 3081,2904 3140,2904 3199,2905 3258,2906"/>
                <TextEquiv>
                    <Unicode>1 a retired officer of the Austrian army and of a mother wio</Unicode>
                </TextEquiv>
            </TextLine>
            <TextLine id="r3l53" custom="readingOrder {index:52;}">
                <Coords points="2052,2976 3168,2972 3263,2923 2052,2930"/>
                <Baseline points="2060,2960 2119,2960 2179,2960 2239,2960 2299,2960 2359,2960 2418,2960 2478,2959 2538,2959 2598,2958 2658,2958 2717,2957 2777,2957 2837,2956 2897,2956 2957,2955 3016,2955 3076,2954 3136,2954 3196,2954 3256,2954"/>
                <TextEquiv>
                    <Unicode>writes weepy novels for the daily papers. She has a brother,</Unicode>
                </TextEquiv>
            </TextLine>
            <TextLine id="r3l54" custom="readingOrder {index:53;}">
                <Coords points="2055,3023 3013,3019 3226,3006 3259,2959 2055,2990"/>
                <Baseline points="2062,3010 2121,3009 2181,3008 2240,3008 2300,3007 2359,3006 2419,3005 2478,3005 2538,3004 2597,3003 2657,3003 2716,3002 2776,3001 2835,3000 2895,3000 2954,2999 3014,2999 3073,2999 3133,2999 3192,2999 3252,2999"/>
                <TextEquiv>
                    <Unicode>a student, whe feels superior to the family and very soon leaves</Unicode>
                </TextEquiv>
            </TextLine>
            <TextLine id="r3l55" custom="readingOrder {index:54;}">
                <Coords points="2057,3064 3195,3059 3255,3004 2057,3033"/>
                <Baseline points="2064,3058 2123,3057 2182,3056 2241,3055 2300,3054 2360,3053 2419,3052 2478,3051 2537,3050 2596,3050 2656,3049 2715,3048 2774,3047 2833,3047 2892,3046 2952,3045 3011,3045 3070,3044 3129,3044 3188,3044 3248,3043"/>
                <TextEquiv>
                    <Unicode>them to goto Vienna to continue his studies. When the father’s</Unicode>
                </TextEquiv>
            </TextLine>
            <TextLine id="r3l56" custom="readingOrder {index:55;}">
                <Coords points="2053,3109 3159,3109 3262,3075 2925,3050 2053,3087"/>
                <Baseline points="2061,3109 2120,3107 2180,3104 2239,3102 2299,3100 2359,3098 2418,3097 2478,3096 2538,3095 2597,3095 2657,3094 2717,3094 2776,3094 2836,3093 2896,3093 2955,3093 3015,3093 3075,3092 3134,3091 3194,3091 3254,3090"/>
                <TextEquiv>
                    <Unicode>grandiose notions became too obvious, he is taken to a hospital</Unicode>
                </TextEquiv>
            </TextLine>
            <TextLine id="r3l57" custom="readingOrder {index:56;}">
                <Coords points="2055,3142 2267,3171 3255,3137 3194,3098 2054,3109"/>
                <Baseline points="2062,3154 2121,3152 2180,3150 2239,3148 2299,3146 2358,3145 2417,3144 2476,3143 2536,3143 2595,3143 2654,3142 2713,3142 2773,3142 2832,3142 2891,3142 2950,3141 3010,3141 3069,3140 3128,3139 3187,3138 3247,3136"/>
                <TextEquiv>
                    <Unicode>for mental diseases. (We are led to suspect syphilis of the</Unicode>
                </TextEquiv>
            </TextLine>
            <TextLine id="r3l58" custom="readingOrder {index:57;}">
                <Coords points="2058,3217 3257,3196 3256,3150 2058,3170"/>
                <Baseline points="2065,3198 2124,3197 2183,3197 2242,3196 2301,3195 2361,3195 2420,3194 2479,3194 2538,3193 2597,3193 2657,3192 2716,3192 2775,3191 2834,3191 2893,3190 2953,3190 3012,3189 3071,3189 3130,3188 3189,3188 3249,3187"/>
                <TextEquiv>
                    <Unicode>nervous system.) After this, Theresa’s mother enters into a</Unicode>
                </TextEquiv>
            </TextLine>
            <TextLine id="r3l59" custom="readingOrder {index:58;}">
                <Coords points="2050,3259 3196,3250 3251,3242 3251,3206 2050,3221"/>
                <Baseline points="2058,3246 2117,3244 2176,3243 2235,3242 2295,3240 2354,3239 2413,3239 2473,3238 2532,3237 2591,3236 2651,3236 2710,3235 2769,3235 2828,3235 2888,3234 2947,3234 3006,3234 3066,3234 3125,3235 3184,3235 3244,3235"/>
                <TextEquiv>
                    <Unicode>questionable mode of life and Theresa experiences a disillusion¬</Unicode>
                </TextEquiv>
            </TextLine>
            <TextLine id="r3l60" custom="readingOrder {index:59;}">
                <Coords points="2055,3298 3254,3276 3226,3237 2055,3263"/>
                <Baseline points="2063,3293 2122,3292 2181,3291 2240,3290 2299,3289 2358,3288 2417,3287 2477,3286 2536,3285 2595,3284 2654,3283 2713,3283 2772,3282 2831,3282 2891,3282 2950,3281 3009,3281 3068,3281 3127,3281 3186,3282 3246,3282"/>
                <TextEquiv>
                    <Unicode>ment with her first lover. She decides to go to Vienna to</Unicode>
                </TextEquiv>
            </TextLine>
            <TextLine id="r3l61" custom="readingOrder {index:60;}">
                <Coords points="2050,3358 3134,3350 3268,3298 2050,3309"/>
                <Baseline points="2058,3341 2118,3338 2178,3337 2238,3335 2298,3334 2358,3333 2418,3333 2478,3332 2538,3332 2598,3332 2659,3332 2719,3332 2779,3332 2839,3332 2899,3331 2959,3331 3019,3330 3079,3329 3139,3328 3199,3326 3260,3324"/>
                <TextEquiv>
                    <Unicode>escape the unpleasant situation at home and the depressing at¬</Unicode>
                </TextEquiv>
            </TextLine>
            <TextLine id="r3l62" custom="readingOrder {index:61;}">
                <Coords points="2056,3399 2415,3383 2506,3397 2567,3378 2566,3363 2465,3338 2410,3357 2376,3340 2217,3358 2177,3346 2055,3371"/>
                <Baseline points="2063,3385 2089,3385 2115,3385 2141,3385 2167,3385 2193,3384 2219,3383 2245,3382 2271,3382 2297,3381 2324,3380 2350,3380 2376,3379 2402,3378 2428,3378 2454,3377 2480,3377 2506,3377 2532,3377 2559,3377"/>
                <TextEquiv>
                    <Unicode>mosphere of their village.</Unicode>
                </TextEquiv>
            </TextLine>
            <TextLine id="r3l63" custom="readingOrder {index:62;}">
                <Coords points="2096,3445 3248,3436 3248,3370 2096,3399"/>
                <Baseline points="2103,3431 2159,3430 2216,3429 2273,3428 2330,3428 2387,3427 2444,3427 2500,3427 2557,3426 2614,3426 2671,3426 2728,3426 2785,3426 2842,3426 2898,3425 2955,3425 3012,3424 3069,3423 3126,3421 3183,3420 3240,3418"/>
                <TextEquiv>
                    <Unicode>Her life thereafter is a series of pathetic attempts to estab¬</Unicode>
                </TextEquiv>
            </TextLine>
            <TextLine id="r3l64" custom="readingOrder {index:63;}">
                <Coords points="2055,3500 3078,3487 3231,3477 3262,3436 2054,3447"/>
                <Baseline points="2063,3479 2122,3478 2182,3477 2241,3477 2301,3476 2361,3475 2420,3474 2480,3473 2539,3472 2599,3471 2659,3470 2718,3469 2778,3468 2837,3467 2897,3466 2957,3466 3016,3465 3076,3465 3135,3464 3195,3463 3255,3463"/>
                <TextEquiv>
                    <Unicode>lish herself, to gain a feeling of security, and a striving to hold</Unicode>
                </TextEquiv>
            </TextLine>
            <TextLine id="r3l65" custom="readingOrder {index:64;}">
                <Coords points="2051,3521 3261,3536 3260,3484 3210,3472 2051,3503"/>
                <Baseline points="2059,3527 2118,3526 2178,3525 2237,3524 2297,3523 2357,3522 2416,3522 2476,3521 2536,3520 2595,3519 2655,3519 2715,3518 2774,3518 2834,3517 2894,3516 2953,3515 3013,3514 3073,3513 3132,3512 3192,3510 3252,3509"/>
                <TextEquiv>
                    <Unicode>the love of her illegitimate child whom she hides in an ill¬</Unicode>
                </TextEquiv>
            </TextLine>
            <TextLine id="r3l66" custom="readingOrder {index:65;}">
                <Coords points="2055,3581 2255,3575 2309,3586 2325,3572 2347,3585 2464,3570 2463,3544 2373,3530 2277,3544 2221,3529 2158,3549 2096,3532 2054,3545"/>
                <Baseline points="2062,3572 2088,3572 2114,3572 2140,3572 2167,3571 2193,3570 2219,3570 2245,3569 2272,3568 2298,3566 2324,3566 2350,3565 2377,3565 2403,3565 2429,3565 2456,3566"/>
                <TextEquiv>
                    <Unicode>chosen foster home.</Unicode>
                </TextEquiv>
            </TextLine>
            <TextLine id="r3l67" custom="readingOrder {index:66;}">
                <Coords points="2097,3623 3094,3627 3226,3622 3265,3582 3016,3551 2857,3588 2097,3593"/>
                <Baseline points="2104,3618 2161,3617 2219,3616 2276,3615 2334,3614 2392,3614 2449,3613 2507,3612 2565,3612 2622,3611 2680,3611 2738,3610 2795,3610 2853,3609 2911,3609 2968,3608 3026,3608 3084,3607 3141,3607 3199,3607 3257,3606"/>
                <TextEquiv>
                    <Unicode>When Theresa found herself pregnant, and realized there</Unicode>
                </TextEquiv>
            </TextLine>
            <TextLine id="r3l68" custom="readingOrder {index:67;}">
                <Coords points="2062,3689 3259,3662 3237,3614 2062,3647"/>
                <Baseline points="2070,3667 2129,3666 2188,3664 2247,3663 2306,3662 2365,3661 2424,3661 2483,3660 2542,3659 2601,3658 2661,3657 2720,3657 2779,3656 2838,3655 2897,3655 2956,3654 3015,3654 3074,3653 3133,3653 3192,3652 3252,3652"/>
                <TextEquiv>
                    <Unicode>was nothing she could do about it, she seemed to flounder about</Unicode>
                </TextEquiv>
            </TextLine>
            <TextLine id="r3l69" custom="readingOrder {index:68;}">
                <Coords points="2063,3722 3269,3700 3201,3658 2063,3692"/>
                <Baseline points="2070,3713 2129,3711 2189,3710 2248,3709 2308,3708 2367,3707 2427,3706 2486,3706 2546,3705 2605,3704 2665,3704 2725,3703 2784,3703 2844,3702 2903,3702 2963,3702 3022,3701 3082,3701 3141,3701 3201,3701 3261,3700"/>
                <TextEquiv>
                    <Unicode>so unnecessarily. She shudders at the thought of going to the#</Unicode>
                </TextEquiv>
            </TextLine>
            <TextLine id="r3l70" custom="readingOrder {index:69;}">
                <Coords points="2705,3768 3289,3765 3288,3714 3170,3731 3046,3715 3003,3734 2941,3715 2857,3730 2801,3709 2705,3727"/>
                <Baseline points="2713,3759 2741,3757 2769,3755 2798,3753 2826,3752 2855,3751 2883,3751 2911,3751 2940,3751 2968,3751 2997,3751 3025,3752 3053,3752 3082,3753 3110,3753 3139,3754 3167,3754 3195,3754 3224,3753 3252,3752 3281,3752"/>
                <TextEquiv>
                    <Unicode>(In answering advertisements 1</Unicode>
                </TextEquiv>
            </TextLine>
            <TextLine id="r3l71" custom="readingOrder {index:70;}">
                <Coords points="3206,3807 3223,3806 3235,3817 3242,3812 3251,3812 3256,3817 3268,3812 3274,3818 3277,3815 3295,3818 3295,3768 3278,3771 3265,3762 3245,3762 3230,3774 3226,3771 3215,3777 3206,3777"/>
                <Baseline points="3213,3804 3250,3804 3287,3804"/>
                <TextEquiv>
                    <Unicode>45</Unicode>
                </TextEquiv>
            </TextLine>
            <TextLine id="r3l72" custom="readingOrder {index:71;}">
                <Coords points="2178,3886 2210,3883 2223,3874 2238,3878 2251,3867 2277,3861 2292,3867 2322,3864 2315,3794 2305,3796 2283,3783 2262,3794 2245,3788 2224,3790 2199,3812 2172,3814"/>
                <Baseline points="2184,3864 2209,3860 2235,3857 2261,3856 2287,3854 2313,3851"/>
                <TextEquiv>
                    <Unicode>24</Unicode>
                </TextEquiv>
            </TextLine>
            <TextLine id="r3l73" custom="readingOrder {index:72;}">
                <Coords points="2475,4004 2554,4019 2628,4003 2687,4016 2732,3997 2785,4000 2786,3941 2757,3933 2747,3942 2693,3919 2631,3943 2568,3939 2556,3928 2512,3952 2500,3940 2476,3954"/>
                <Baseline points="2482,3985 2508,3984 2535,3985 2562,3985 2589,3986 2616,3987 2643,3988 2670,3988 2697,3989 2724,3989 2751,3988 2778,3986"/>
                <TextEquiv>
                    <Unicode>—0 C</Unicode>
                </TextEquiv>
            </TextLine>
            <TextLine id="r3l74" custom="readingOrder {index:73;}">
                <Coords points="3063,4011 3078,4010 3103,3992 3208,4014 3201,3909 3190,3913 3177,3906 3164,3912 3130,3894 3055,3887"/>
                <Baseline points="3070,3994 3095,3993 3121,3991 3146,3991 3172,3989 3198,3984"/>
                <TextEquiv>
                    <Unicode>27</Unicode>
                </TextEquiv>
            </TextLine>
            <TextEquiv>
                <Unicode>plexity those which confront the Indian And-British people to¬
day. Happily, on Both sides therefate Englishmen and Indians
of great insight and great disinterestedness who may yet play¬
their effective partl in showing how peoples of different colors
and cultures may become genuine partners in the fine but un¬
discovered art off international self-government.
EnwARD C. CAaTER
The Inquiry
Fred Eastman, Pioneer
MODERN RELIGIOUS DRAMA, collested by Fred Eastman. Holt.
324 pp. Price 83.00 postpaid of Jurren Graphic.
URED EASTMAN pioneered when he went to the Chicago
1 Theological Seminary to take the Department of Religious
Drama. The writer is of the opinion that up to that time
only one or two educational institutions had ever given credit
in their graduate departments for the study of drama as an
aid to and an expression of religion. Now that the idea is
proving its worth, many schools and seminaries are beginning
to offer courses of this genera. nature.
Eastman pioneered also in writing a new definition of re¬
ligious drama. It is, he says, not Biblical drama, nor mis¬
sionary drama, nor dramatized Bible stories, nor church prop¬
aganda thinly veiled. Rather, it is any form of drama which
has a religious effect upon players and audience. To those
who have grown disgusted with the weak and trashy plays and
pageants which have been built up out of stereotyped religious
forms in the immediate past, this new definition will come as
a breath of fresh air. It is symptomatic of the wider angles
in today’s religion that Professor Eastman should find high
religious values in drama which—like the Book of Esther—may
not even mention the name of God, but which deal power¬
fully with the hopes and fearsof His people.
And now Eastman pioneers again in assembling a group of
plays which are easy to act, easy to produce, definitely religious
in their effect, and withal true to the finest traditions of play¬
making. There is not a poor or weak play in the collection.
Neither###there a Biblical play. But there are The Neigh¬
bors, by Zona Gale, Dust of the Road, by Kenneth Sawyer
Goodman, The Color Line, by Irene Taylor MacNair, and
ten other plays and pageants, any one of which will leave an
audience tingliug with a definite experience of religion.
This bool is yorth more than it costs, merely as a collec¬
tion of e#####t plays and pageants. It is worth far more
than that as a text for stud), Its greatest value, however,
is this: It is a forecast of new values in religion, and of new
sensitiveness and vigor in the social conscience.
CHARLEs S. BkowN
A Caseworker Looks at Schnitzler
THERESA, by Artkur Schnitzler. Simon &amp; Schuster. 460 pp. Price 82.50
postdaid of Survey Graphic.
□HERESA comes to us as the sixteen-year-old daughter of
1 a retired officer of the Austrian army and of a mother wio
writes weepy novels for the daily papers. She has a brother,
a student, whe feels superior to the family and very soon leaves
them to goto Vienna to continue his studies. When the father’s
grandiose notions became too obvious, he is taken to a hospital
for mental diseases. (We are led to suspect syphilis of the
nervous system.) After this, Theresa’s mother enters into a
questionable mode of life and Theresa experiences a disillusion¬
ment with her first lover. She decides to go to Vienna to
escape the unpleasant situation at home and the depressing at¬
mosphere of their village.
Her life thereafter is a series of pathetic attempts to estab¬
lish herself, to gain a feeling of security, and a striving to hold
the love of her illegitimate child whom she hides in an ill¬
chosen foster home.
When Theresa found herself pregnant, and realized there
was nothing she could do about it, she seemed to flounder about
so unnecessarily. She shudders at the thought of going to the#
(In answering advertisements 1
45
24
—0 C
27</Unicode>
            </TextEquiv>
        </TextRegion>
    </Page>
</PcGts>
