<?xml version="1.0" encoding="UTF-8" standalone="yes"?>
<PcGts xmlns="http://schema.primaresearch.org/PAGE/gts/pagecontent/2013-07-15" xmlns:xsi="http://www.w3.org/2001/XMLSchema-instance" xsi:schemaLocation="http://schema.primaresearch.org/PAGE/gts/pagecontent/2013-07-15 http://schema.primaresearch.org/PAGE/gts/pagecontent/2013-07-15/pagecontent.xsd">
    <Metadata>
        <Creator>prov=University of Rostock/Institute of Mathematics/CITlab/Gundram Leifert/gundram.leifert@uni-rostock.de:name=ONB_Newseye_GT_M1+(htr_id=10810)::::v=2.4.2
prov=University of Rostock/Institute of Mathematics/CITlab/Tobias Gruening/tobias.gruening@uni-rostock.de:name=de.uros.citlab.module.baseline2polygon.B2PSeamMultiOriented:v=2.4.2
prov=University of Rostock/Institute of Mathematics/CITlab/Tobias Gruening/tobias.gruening@uni-rostock.de:name=/mnt/transkribus/LA/DEA/URO/LA_news_onb_att.pb:de.uros.citlab.segmentation.CITlab_LA_ML:v=2.4.2
Transkribus</Creator>
        <Created>2019-10-07T10:23:26.557+02:00</Created>
        <LastChange>2019-10-07T17:09:27.331+02:00</LastChange>
        <TranskribusMetadata docId="223886" pageId="9491176" pageNr="54" tsid="16392543" status="IN_PROGRESS" userId="40391" imgUrl="https://files.transkribus.eu/Get?id=LTZFBVMVSUFSCGKJHVIXBOTQ&amp;fileType=view" xmlUrl="https://files.transkribus.eu/Get?id=BNIPSJAIZSFEIXULJTZOXDBM" imageId="6181464"/>
    </Metadata>
    <Page imageFilename="223886_0054.jpeg" imageWidth="3296" imageHeight="4256">
        <ReadingOrder>
            <OrderedGroup id="ro_1711446362611" caption="Regions reading order">
                <RegionRefIndexed index="0" regionRef="r1"/>
                <RegionRefIndexed index="1" regionRef="r2"/>
                <RegionRefIndexed index="2" regionRef="r3"/>
            </OrderedGroup>
        </ReadingOrder>
        <TextRegion orientation="0.0" id="r1" custom="readingOrder {index:0;}">
            <Coords points="307,245 307,3428 2548,3428 2548,245"/>
            <TextLine id="r1l1" custom="readingOrder {index:0;}">
                <Coords points="298,283 880,268 879,243 800,220 711,235 654,209 605,225 550,206 453,237 382,205 298,239"/>
                <Baseline points="307,266 335,268 363,269 391,270 419,271 448,271 476,271 504,271 532,271 560,270 589,269 617,269 645,268 673,267 701,266 730,266 758,265 786,265 814,265 842,265 871,265"/>
                <TextEquiv>
                    <Unicode>35. Therese</Unicode>
                </TextEquiv>
            </TextLine>
            <TextLine id="r1l2" custom="readingOrder {index:1;}">
                <Coords points="541,297 885,313 1003,283 1147,321 1385,284 1382,216 1309,200 1204,235 1060,200 991,252 823,271 540,263"/>
                <Baseline points="550,286 591,289 632,291 673,291 715,291 756,290 797,289 839,287 880,285 921,282 963,279 1004,276 1045,274 1086,271 1128,269 1169,268 1210,267 1252,267 1293,268 1334,269 1376,272"/>
                <TextEquiv>
                    <Unicode>REE box 6/2</Unicode>
                </TextEquiv>
            </TextLine>
            <TextLine id="r1l3" custom="readingOrder {index:2;}">
                <Coords points="1137,1040 1153,1044 1163,1041 1175,1049 1185,1041 1225,1042 1235,1034 1258,1033 1261,981 1249,978 1234,989 1222,980 1213,983 1200,976 1188,986 1183,982 1176,989 1169,987 1161,992 1140,987"/>
                <Baseline points="1147,1028 1172,1028 1198,1029 1223,1032 1249,1034"/>
                <TextEquiv>
                    <Unicode>434</Unicode>
                </TextEquiv>
            </TextLine>
            <TextLine id="r1l4" custom="readingOrder {index:3;}">
                <Coords points="1530,1039 1618,1069 1647,1055 1677,1072 1703,1051 1802,1076 1872,1045 1979,1072 2160,1051 2160,1019 2121,1025 2063,996 1901,988 1778,1010 1531,995"/>
                <Baseline points="1540,1035 1570,1038 1601,1040 1631,1041 1662,1043 1692,1044 1723,1045 1753,1046 1784,1047 1814,1047 1845,1048 1875,1048 1906,1048 1936,1048 1967,1048 1997,1049 2028,1049 2058,1049 2089,1049 2119,1050 2150,1050"/>
                <TextEquiv>
                    <Unicode>REVUE DES DEUX MONDES.</Unicode>
                </TextEquiv>
            </TextLine>
            <TextLine id="r1l5" custom="readingOrder {index:4;}">
                <Coords points="1135,1118 1800,1161 2554,1131 2355,1073 2119,1106 1853,1057 1593,1096 1135,1072"/>
                <Baseline points="1143,1118 1213,1121 1283,1125 1353,1127 1423,1130 1493,1132 1563,1133 1633,1134 1703,1135 1773,1135 1843,1136 1913,1136 1983,1136 2053,1136 2123,1136 2193,1136 2263,1136 2333,1136 2403,1136 2473,1136 2544,1137"/>
                <TextEquiv>
                    <Unicode>vinglaine d’années) et qui rappelle beaucoup plus Gil Blas on</Unicode>
                </TextEquiv>
            </TextLine>
            <TextLine id="r1l6" custom="readingOrder {index:5;}">
                <Coords points="1135,1185 2280,1222 2499,1214 2548,1149 1135,1136"/>
                <Baseline points="1144,1177 1213,1180 1283,1183 1353,1186 1422,1188 1492,1189 1562,1191 1631,1192 1701,1193 1771,1193 1841,1194 1910,1194 1980,1194 2050,1194 2119,1195 2189,1195 2259,1195 2328,1195 2398,1195 2468,1195 2538,1195"/>
                <TextEquiv>
                    <Unicode>Moll Flanders que le roman machiné, le roman-crise ou roman¬</Unicode>
                </TextEquiv>
            </TextLine>
            <TextLine id="r1l7" custom="readingOrder {index:6;}">
                <Coords points="1123,1234 1989,1275 2545,1227 1124,1195"/>
                <Baseline points="1133,1236 1203,1238 1273,1241 1343,1243 1413,1245 1483,1247 1553,1249 1624,1250 1694,1251 1764,1252 1834,1253 1904,1254 1974,1254 2044,1254 2115,1254 2185,1254 2255,1253 2325,1252 2395,1251 2465,1250 2536,1248"/>
                <TextEquiv>
                    <Unicode>drame de Balzac ou de Dostoievsky. Le vrai roman à l’alle¬</Unicode>
                </TextEquiv>
            </TextLine>
            <TextLine id="r1l8" custom="readingOrder {index:7;}">
                <Coords points="1141,1300 2553,1329 2553,1281 2297,1260 1141,1262"/>
                <Baseline points="1150,1295 1219,1298 1289,1300 1359,1302 1428,1303 1498,1305 1568,1306 1637,1307 1707,1308 1777,1308 1847,1308 1916,1309 1986,1309 2056,1309 2125,1309 2195,1309 2265,1310 2334,1310 2404,1310 2474,1311 2544,1311"/>
                <TextEquiv>
                    <Unicode>mande (je ne dis pas la nouvelle du genre de Herther) a tou¬</Unicode>
                </TextEquiv>
            </TextLine>
            <TextLine id="r1l9" custom="readingOrder {index:8;}">
                <Coords points="1137,1369 2553,1380 2410,1313 1138,1304"/>
                <Baseline points="1146,1356 1215,1357 1285,1358 1355,1359 1425,1361 1495,1362 1565,1363 1635,1364 1705,1365 1775,1366 1845,1367 1914,1368 1984,1368 2054,1369 2124,1369 2194,1370 2264,1370 2334,1370 2404,1369 2474,1369 2544,1368"/>
                <TextEquiv>
                    <Unicode>jours conservé son allure de chronique; chronique est le nom</Unicode>
                </TextEquiv>
            </TextLine>
            <TextLine id="r1l10" custom="readingOrder {index:9;}">
                <Coords points="1138,1430 2460,1452 2557,1443 2558,1404 1139,1369"/>
                <Baseline points="1148,1412 1218,1414 1288,1416 1358,1417 1428,1419 1498,1420 1568,1421 1638,1423 1708,1424 1778,1424 1848,1425 1918,1426 1988,1426 2058,1427 2128,1427 2198,1428 2268,1428 2338,1428 2408,1428 2478,1429 2548,1429"/>
                <TextEquiv>
                    <Unicode>mème que M. Schnitzler donne à son livre. Il a eu soin d’en</Unicode>
                </TextEquiv>
            </TextLine>
            <TextLine id="r1l11" custom="readingOrder {index:10;}">
                <Coords points="1130,1484 2547,1481 2547,1439 2196,1426 1130,1434"/>
                <Baseline points="1138,1470 1208,1473 1278,1475 1348,1477 1418,1478 1488,1479 1558,1480 1628,1481 1698,1482 1768,1483 1838,1483 1908,1483 1978,1483 2048,1483 2118,1483 2188,1483 2258,1483 2328,1483 2398,1483 2468,1483 2538,1483"/>
                <TextEquiv>
                    <Unicode>observer la diction tranquille et transparente. Je songeais enle</Unicode>
                </TextEquiv>
            </TextLine>
            <TextLine id="r1l12" custom="readingOrder {index:11;}">
                <Coords points="1123,1535 2447,1566 2552,1523 2488,1489 1124,1500"/>
                <Baseline points="1133,1529 1203,1531 1273,1534 1344,1535 1414,1537 1485,1539 1555,1540 1626,1541 1696,1542 1767,1543 1837,1543 1907,1544 1978,1544 2048,1544 2119,1544 2189,1544 2260,1544 2330,1544 2401,1543 2471,1543 2542,1543"/>
                <TextEquiv>
                    <Unicode>lisant au mot de son cher Casanova:  La Judie de Rousseau, le</Unicode>
                </TextEquiv>
            </TextLine>
            <TextLine id="r1l13" custom="readingOrder {index:12;}">
                <Coords points="1123,1604 2185,1628 2526,1610 2541,1568 1123,1535"/>
                <Baseline points="1132,1589 1202,1590 1272,1590 1342,1592 1412,1593 1482,1594 1552,1595 1622,1597 1692,1598 1762,1599 1832,1600 1902,1601 1972,1602 2042,1602 2112,1603 2182,1603 2252,1603 2322,1602 2392,1601 2462,1600 2532,1598"/>
                <TextEquiv>
                    <Unicode>plus mauvais des romans, parce qu’il en est le plus éloquent.„</Unicode>
                </TextEquiv>
            </TextLine>
            <TextLine id="r1l14" custom="readingOrder {index:13;}">
                <Coords points="1137,1656 2553,1671 2553,1625 2414,1606 1137,1617"/>
                <Baseline points="1146,1646 1215,1648 1285,1650 1355,1652 1425,1653 1495,1655 1565,1656 1635,1657 1705,1658 1775,1659 1845,1660 1914,1661 1984,1661 2054,1662 2124,1662 2194,1662 2264,1662 2334,1661 2404,1660 2474,1659 2544,1658"/>
                <TextEquiv>
                    <Unicode>Appelons éloquence non seulement la rhétorique, mais toute</Unicode>
                </TextEquiv>
            </TextLine>
            <TextLine id="r1l15" custom="readingOrder {index:14;}">
                <Coords points="1128,1718 2429,1736 2549,1720 2550,1683 1129,1662"/>
                <Baseline points="1138,1703 1208,1705 1278,1707 1348,1709 1418,1710 1488,1712 1558,1713 1628,1714 1698,1715 1768,1716 1839,1717 1909,1717 1979,1718 2049,1718 2119,1719 2189,1719 2259,1719 2329,1719 2399,1719 2469,1720 2540,1720"/>
                <TextEquiv>
                    <Unicode>affechation, tout ce qui s’écarte du naturel, l’écrilure artiste, le</Unicode>
                </TextEquiv>
            </TextLine>
            <TextLine id="r1l16" custom="readingOrder {index:15;}">
                <Coords points="1140,1772 2390,1800 2545,1778 2546,1744 1140,1735"/>
                <Baseline points="1149,1762 1218,1764 1287,1766 1357,1768 1426,1769 1495,1771 1565,1772 1634,1772 1703,1773 1773,1774 1842,1774 1911,1775 1981,1775 2050,1775 2119,1776 2189,1776 2258,1776 2327,1776 2397,1776 2466,1776 2536,1777"/>
                <TextEquiv>
                    <Unicode>styie figuré et truqué, vous aurez le contrepied de ce quiffait</Unicode>
                </TextEquiv>
            </TextLine>
            <TextLine id="r1l17" custom="readingOrder {index:16;}">
                <Coords points="1138,1826 2513,1858 2553,1803 1139,1774"/>
                <Baseline points="1147,1822 1216,1823 1286,1825 1356,1826 1426,1827 1496,1828 1566,1829 1635,1830 1705,1830 1775,1831 1845,1831 1915,1832 1985,1832 2055,1833 2124,1833 2194,1834 2264,1835 2334,1836 2404,1837 2474,1838 2544,1839"/>
                <TextEquiv>
                    <Unicode>le charme de M. Arthur Schnitzler: le ton uni, l'aisance, la</Unicode>
                </TextEquiv>
            </TextLine>
            <TextLine id="r1l18" custom="readingOrder {index:17;}">
                <Coords points="1132,1889 2510,1918 2541,1864 1132,1837"/>
                <Baseline points="1140,1880 1209,1881 1279,1882 1348,1883 1418,1884 1488,1885 1557,1886 1627,1887 1696,1888 1766,1889 1836,1889 1905,1890 1975,1890 2044,1891 2114,1892 2184,1892 2253,1892 2323,1893 2392,1893 2462,1894 2532,1894"/>
                <TextEquiv>
                    <Unicode>justesse simple ou rien ne brille, ou rien nese fait remarquer,</Unicode>
                </TextEquiv>
            </TextLine>
            <TextLine id="r1l19" custom="readingOrder {index:18;}">
                <Coords points="1129,1944 2432,1976 2551,1926 1130,1900"/>
                <Baseline points="1138,1934 1208,1936 1278,1939 1348,1941 1418,1943 1489,1944 1559,1945 1629,1946 1699,1948 1769,1948 1840,1949 1910,1950 1980,1951 2050,1951 2120,1952 2191,1952 2261,1953 2331,1954 2401,1954 2471,1955 2542,1956"/>
                <TextEquiv>
                    <Unicode>l'absence de prétention, la gräce d’une prose sans embarras, un</Unicode>
                </TextEquiv>
            </TextLine>
            <TextLine id="r1l20" custom="readingOrder {index:19;}">
                <Coords points="1129,2000 1955,2037 2180,2022 2181,1957 1129,1970"/>
                <Baseline points="1137,1989 1188,1992 1240,1995 1292,1997 1344,2000 1395,2002 1447,2003 1499,2004 1551,2005 1602,2006 1654,2006 1706,2006 1758,2007 1809,2007 1861,2007 1913,2006 1965,2006 2016,2006 2068,2006 2120,2006 2172,2006"/>
                <TextEquiv>
                    <Unicode>art dont le dernier mot est de se faire oublier.</Unicode>
                </TextEquiv>
            </TextLine>
            <TextLine id="r1l21" custom="readingOrder {index:20;}">
                <Coords points="1201,2052 2546,2070 2546,2028 2354,2011 1201,2014"/>
                <Baseline points="1210,2051 1276,2053 1342,2055 1408,2057 1475,2059 1541,2061 1607,2062 1674,2064 1740,2064 1806,2066 1873,2067 1939,2067 2005,2068 2071,2068 2138,2069 2204,2069 2270,2069 2337,2069 2403,2069 2469,2068 2536,2068"/>
                <TextEquiv>
                    <Unicode>Vous rappelez-vous Une uie, ce chef-d’cuvre de Maupassant,</Unicode>
                </TextEquiv>
            </TextLine>
            <TextLine id="r1l22" custom="readingOrder {index:21;}">
                <Coords points="1132,2138 2465,2145 2541,2137 2542,2084 1133,2076"/>
                <Baseline points="1142,2112 1211,2113 1281,2115 1350,2116 1420,2117 1489,2119 1559,2120 1628,2120 1698,2121 1767,2122 1837,2123 1906,2124 1976,2124 2045,2125 2115,2125 2184,2126 2254,2126 2323,2126 2393,2126 2462,2126 2532,2126"/>
                <TextEquiv>
                    <Unicode>qui arrachait à Tolstol des cris d’admiration, et que celui-cia</Unicode>
                </TextEquiv>
            </TextLine>
            <TextLine id="r1l23" custom="readingOrder {index:22;}">
                <Coords points="1124,2164 2349,2213 2545,2196 2546,2155 1125,2144"/>
                <Baseline points="1134,2169 1204,2170 1274,2172 1344,2173 1414,2174 1484,2175 1554,2176 1624,2177 1694,2178 1764,2179 1835,2180 1905,2181 1975,2182 2045,2182 2115,2183 2185,2184 2255,2184 2325,2184 2395,2184 2465,2184 2536,2184"/>
                <TextEquiv>
                    <Unicode>sans doute cherché à imiter dans le beau récit d’une paysanne,</Unicode>
                </TextEquiv>
            </TextLine>
            <TextLine id="r1l24" custom="readingOrder {index:23;}">
                <Coords points="1119,2242 2451,2263 2538,2240 2539,2191 1119,2186"/>
                <Baseline points="1128,2231 1198,2232 1268,2232 1338,2233 1408,2234 1478,2235 1548,2236 1618,2237 1688,2238 1758,2239 1829,2239 1899,2240 1969,2241 2039,2241 2109,2242 2179,2242 2249,2242 2319,2242 2389,2242 2459,2242 2530,2241"/>
                <TextEquiv>
                    <Unicode>paru après la mort du maitre, et intitulé Murie (car on n'a pas</Unicode>
                </TextEquiv>
            </TextLine>
            <TextLine id="r1l25" custom="readingOrder {index:24;}">
                <Coords points="1126,2297 2551,2297 2537,2249 1126,2249"/>
                <Baseline points="1135,2288 1205,2289 1275,2290 1346,2291 1416,2292 1486,2293 1557,2294 1627,2295 1697,2296 1768,2297 1838,2298 1908,2299 1979,2300 2049,2301 2119,2301 2190,2302 2260,2302 2330,2303 2401,2303 2471,2303 2542,2302"/>
                <TextEquiv>
                    <Unicode>encore tout dit sur les sources de Tolstoi et sur les secrets de</Unicode>
                </TextEquiv>
            </TextLine>
            <TextLine id="r1l26" custom="readingOrder {index:25;}">
                <Coords points="1129,2352 2538,2357 2384,2309 1129,2306"/>
                <Baseline points="1137,2347 1206,2348 1276,2349 1345,2350 1415,2351 1484,2352 1554,2353 1623,2354 1693,2355 1762,2356 1832,2357 1902,2357 1971,2358 2041,2359 2110,2359 2180,2359 2249,2360 2319,2360 2388,2360 2458,2360 2528,2360"/>
                <TextEquiv>
                    <Unicode>sentravail). Je ne serais pas surpris que l’auteur de Tiérése ait</Unicode>
                </TextEquiv>
            </TextLine>
            <TextLine id="r1l27" custom="readingOrder {index:26;}">
                <Coords points="1116,2402 2324,2443 2498,2431 2536,2375 1116,2365"/>
                <Baseline points="1125,2404 1195,2404 1265,2404 1335,2405 1405,2406 1475,2407 1545,2408 1615,2409 1685,2410 1755,2412 1826,2413 1896,2414 1966,2415 2036,2417 2106,2417 2176,2418 2246,2418 2316,2418 2386,2418 2456,2417 2527,2416"/>
                <TextEquiv>
                    <Unicode>eu ce grand modele en vue (peut-être a-t-il songé aussi au Can¬</Unicode>
                </TextEquiv>
            </TextLine>
            <TextLine id="r1l28" custom="readingOrder {index:27;}">
                <Coords points="1116,2466 2535,2488 2481,2425 1116,2434"/>
                <Baseline points="1124,2461 1194,2462 1264,2463 1334,2464 1404,2466 1474,2467 1544,2468 1614,2469 1684,2471 1754,2472 1825,2473 1895,2474 1965,2475 2035,2475 2105,2476 2175,2476 2245,2476 2315,2476 2385,2476 2455,2475 2526,2474"/>
                <TextEquiv>
                    <Unicode>lique des Cantiques de Sudermann quand il s’est proposé de</Unicode>
                </TextEquiv>
            </TextLine>
            <TextLine id="r1l29" custom="readingOrder {index:28;}">
                <Coords points="1115,2522 2544,2561 2545,2499 1115,2487"/>
                <Baseline points="1123,2520 1193,2520 1264,2521 1334,2522 1405,2523 1476,2524 1546,2525 1617,2526 1688,2527 1758,2528 1829,2529 1900,2530 1970,2531 2041,2532 2112,2532 2182,2533 2253,2534 2324,2534 2394,2535 2465,2535 2536,2536"/>
                <TextEquiv>
                    <Unicode>représenter à son tour une existence de femme, Thistoire d’une</Unicode>
                </TextEquiv>
            </TextLine>
            <TextLine id="r1l30" custom="readingOrder {index:29;}">
                <Coords points="1128,2578 2088,2615 2469,2607 2534,2559 1128,2553"/>
                <Baseline points="1137,2578 1206,2579 1275,2580 1345,2581 1414,2582 1484,2583 1553,2584 1622,2585 1692,2586 1761,2587 1831,2587 1900,2588 1969,2589 2039,2590 2108,2590 2178,2591 2247,2592 2316,2592 2386,2593 2455,2593 2525,2594"/>
                <TextEquiv>
                    <Unicode>vie entière, de l’adolescence à la mort, des premiers baltements</Unicode>
                </TextEquiv>
            </TextLine>
            <TextLine id="r1l31" custom="readingOrder {index:30;}">
                <Coords points="1119,2651 2545,2666 2546,2629 1120,2586"/>
                <Baseline points="1128,2635 1198,2636 1268,2638 1339,2639 1409,2640 1480,2641 1550,2642 1620,2643 1691,2644 1761,2645 1832,2646 1902,2647 1972,2648 2043,2649 2113,2650 2184,2650 2254,2651 2324,2651 2395,2652 2465,2652 2536,2652"/>
                <TextEquiv>
                    <Unicode>et de l’éveil du cceur jusqu’aux désillusions suprèmes et à la</Unicode>
                </TextEquiv>
            </TextLine>
            <TextLine id="r1l32" custom="readingOrder {index:31;}">
                <Coords points="1123,2701 2544,2737 2545,2672 2413,2656 1124,2652"/>
                <Baseline points="1132,2694 1202,2695 1272,2696 1342,2697 1412,2698 1483,2699 1553,2700 1623,2701 1693,2702 1763,2703 1834,2704 1904,2705 1974,2706 2044,2707 2114,2708 2185,2709 2255,2709 2325,2710 2395,2710 2465,2710 2536,2711"/>
                <TextEquiv>
                    <Unicode>tombe, dans son désenchantement, dans toute sa désolante</Unicode>
                </TextEquiv>
            </TextLine>
            <TextLine id="r1l33" custom="readingOrder {index:32;}">
                <Coords points="1114,2774 1183,2767 1206,2782 1225,2766 1252,2770 1263,2759 1294,2777 1332,2765 1360,2773 1374,2762 1402,2764 1403,2727 1383,2734 1352,2704 1337,2714 1185,2709 1168,2721 1154,2714 1115,2722"/>
                <Baseline points="1123,2753 1150,2751 1177,2750 1204,2749 1231,2749 1258,2750 1285,2751 1312,2751 1339,2753 1366,2753 1394,2754"/>
                <TextEquiv>
                    <Unicode>généralité).</Unicode>
                </TextEquiv>
            </TextLine>
            <TextLine id="r1l34" custom="readingOrder {index:33;}">
                <Coords points="1198,2827 2532,2831 2532,2794 2450,2779 1198,2774"/>
                <Baseline points="1206,2808 1271,2811 1337,2814 1403,2816 1469,2817 1535,2819 1601,2820 1667,2821 1733,2821 1799,2822 1865,2822 1930,2822 1996,2822 2062,2823 2128,2823 2194,2823 2260,2823 2326,2823 2392,2823 2458,2824 2524,2825"/>
                <TextEquiv>
                    <Unicode>Par un raffinement morose, pour présenter son thème en</Unicode>
                </TextEquiv>
            </TextLine>
            <TextLine id="r1l35" custom="readingOrder {index:34;}">
                <Coords points="1118,2875 2534,2887 2534,2839 2280,2822 1118,2833"/>
                <Baseline points="1126,2869 1195,2870 1265,2870 1335,2871 1405,2872 1475,2872 1545,2873 1615,2874 1685,2875 1755,2876 1825,2877 1894,2878 1964,2879 2034,2880 2104,2881 2174,2881 2244,2882 2314,2883 2384,2884 2454,2884 2524,2884"/>
                <TextEquiv>
                    <Unicode>quelque sorte à l’état pur, dans une condition absolue de veu¬</Unicode>
                </TextEquiv>
            </TextLine>
            <TextLine id="r1l36" custom="readingOrder {index:35;}">
                <Coords points="1122,2935 2527,2958 2436,2894 1122,2877"/>
                <Baseline points="1131,2927 1200,2928 1269,2929 1339,2930 1408,2931 1477,2932 1547,2932 1616,2933 1685,2934 1755,2935 1824,2936 1893,2937 1963,2937 2032,2938 2101,2939 2171,2940 2240,2940 2309,2941 2379,2942 2448,2943 2518,2943"/>
                <TextEquiv>
                    <Unicode>vage, l'auteur a voulu que son héroine ne füt pas mariée:</Unicode>
                </TextEquiv>
            </TextLine>
            <TextLine id="r1l37" custom="readingOrder {index:36;}">
                <Coords points="1110,2994 2460,3023 2529,3010 2530,2962 1110,2951"/>
                <Baseline points="1119,2988 1189,2989 1259,2989 1329,2990 1399,2991 1469,2992 1539,2992 1609,2993 1679,2993 1749,2994 1820,2994 1890,2995 1960,2995 2030,2996 2100,2996 2170,2997 2240,2998 2310,2999 2380,2999 2450,3001 2521,3002"/>
                <TextEquiv>
                    <Unicode>seule, toujours seule, toujours trahie, sans compagnon dans le</Unicode>
                </TextEquiv>
            </TextLine>
            <TextLine id="r1l38" custom="readingOrder {index:37;}">
                <Coords points="1116,3067 2536,3060 2483,3009 1117,3003"/>
                <Baseline points="1125,3044 1195,3045 1265,3047 1335,3047 1405,3049 1475,3049 1545,3050 1615,3051 1685,3052 1755,3052 1826,3053 1896,3054 1966,3054 2036,3055 2106,3056 2176,3057 2246,3058 2316,3059 2386,3061 2456,3062 2527,3064"/>
                <TextEquiv>
                    <Unicode>désert. II a voulu que son livre füt réduit (on verra pourquoi)</Unicode>
                </TextEquiv>
            </TextLine>
            <TextLine id="r1l39" custom="readingOrder {index:38;}">
                <Coords points="1111,3105 2534,3117 2467,3069 1946,3055 1111,3079"/>
                <Baseline points="1119,3103 1189,3103 1259,3103 1329,3104 1400,3104 1470,3105 1540,3106 1610,3106 1681,3107 1751,3108 1821,3109 1891,3110 1962,3111 2032,3112 2102,3113 2172,3114 2243,3115 2313,3116 2383,3117 2453,3118 2524,3119"/>
                <TextEquiv>
                    <Unicode>aux deux éléments dont se compose la chaine de l’existence: la</Unicode>
                </TextEquiv>
            </TextLine>
            <TextLine id="r1l40" custom="readingOrder {index:39;}">
                <Coords points="1120,3170 2528,3180 2347,3120 1120,3120"/>
                <Baseline points="1129,3158 1198,3159 1268,3161 1337,3162 1407,3163 1476,3163 1546,3164 1615,3164 1685,3165 1754,3165 1824,3165 1893,3166 1963,3166 2032,3167 2102,3168 2171,3168 2241,3169 2310,3170 2380,3172 2449,3174 2519,3176"/>
                <TextEquiv>
                    <Unicode>mère, l’enfant, car Thérèse a aimé et n’est que trop le jouet de</Unicode>
                </TextEquiv>
            </TextLine>
            <TextLine id="r1l41" custom="readingOrder {index:40;}">
                <Coords points="1107,3224 2215,3264 2537,3226 2371,3183 1729,3207 1108,3158"/>
                <Baseline points="1116,3215 1186,3216 1257,3218 1327,3219 1398,3221 1469,3222 1539,3222 1610,3223 1680,3224 1751,3225 1822,3225 1892,3226 1963,3227 2033,3227 2104,3228 2175,3229 2245,3230 2316,3231 2386,3232 2457,3234 2528,3235"/>
                <TextEquiv>
                    <Unicode>Tamour. Déja, dans son premier roman, c’était lhistoire</Unicode>
                </TextEquiv>
            </TextLine>
            <TextLine id="r1l42" custom="readingOrder {index:41;}">
                <Coords points="1111,3296 2525,3310 2525,3259 2396,3236 2233,3274 1986,3237 1268,3263 1112,3222"/>
                <Baseline points="1120,3273 1189,3275 1259,3276 1329,3278 1399,3279 1469,3280 1538,3281 1608,3282 1678,3283 1748,3283 1818,3284 1887,3284 1957,3285 2027,3285 2097,3286 2167,3287 2236,3287 2306,3288 2376,3289 2446,3290 2516,3291"/>
                <TextEquiv>
                    <Unicode>d’une séduction, une histoire infiniment triste, celle d’une</Unicode>
                </TextEquiv>
            </TextLine>
            <TextLine id="r1l43" custom="readingOrder {index:42;}">
                <Coords points="1109,3341 2484,3369 2525,3310 1109,3293"/>
                <Baseline points="1118,3332 1187,3334 1257,3336 1327,3338 1397,3339 1467,3340 1537,3341 1606,3342 1676,3342 1746,3343 1816,3343 1886,3344 1956,3344 2026,3345 2095,3346 2165,3346 2235,3347 2305,3348 2375,3349 2445,3351 2515,3352"/>
                <TextEquiv>
                    <Unicode>jeune fille de bonne maison, intelligente, distinguée, que son</Unicode>
                </TextEquiv>
            </TextLine>
            <TextLine id="r1l44" custom="readingOrder {index:43;}">
                <Coords points="1117,3398 2281,3441 2543,3401 2529,3363 2261,3352 1117,3353"/>
                <Baseline points="1126,3395 1196,3397 1266,3399 1337,3401 1407,3402 1478,3403 1548,3404 1618,3404 1689,3404 1759,3404 1830,3404 1900,3404 1970,3404 2041,3405 2111,3405 2182,3406 2252,3407 2322,3408 2393,3410 2463,3412 2534,3415"/>
                <TextEquiv>
                    <Unicode>cceur égare, qui fait la faute de ne pas se marchander, de se</Unicode>
                </TextEquiv>
            </TextLine>
            <TextEquiv>
                <Unicode>35. Therese
REE box 6/2
434
REVUE DES DEUX MONDES.
vinglaine d’années) et qui rappelle beaucoup plus Gil Blas on
Moll Flanders que le roman machiné, le roman-crise ou roman¬
drame de Balzac ou de Dostoievsky. Le vrai roman à l’alle¬
mande (je ne dis pas la nouvelle du genre de Herther) a tou¬
jours conservé son allure de chronique; chronique est le nom
mème que M. Schnitzler donne à son livre. Il a eu soin d’en
observer la diction tranquille et transparente. Je songeais enle
lisant au mot de son cher Casanova:  La Judie de Rousseau, le
plus mauvais des romans, parce qu’il en est le plus éloquent.„
Appelons éloquence non seulement la rhétorique, mais toute
affechation, tout ce qui s’écarte du naturel, l’écrilure artiste, le
styie figuré et truqué, vous aurez le contrepied de ce quiffait
le charme de M. Arthur Schnitzler: le ton uni, l'aisance, la
justesse simple ou rien ne brille, ou rien nese fait remarquer,
l'absence de prétention, la gräce d’une prose sans embarras, un
art dont le dernier mot est de se faire oublier.
Vous rappelez-vous Une uie, ce chef-d’cuvre de Maupassant,
qui arrachait à Tolstol des cris d’admiration, et que celui-cia
sans doute cherché à imiter dans le beau récit d’une paysanne,
paru après la mort du maitre, et intitulé Murie (car on n'a pas
encore tout dit sur les sources de Tolstoi et sur les secrets de
sentravail). Je ne serais pas surpris que l’auteur de Tiérése ait
eu ce grand modele en vue (peut-être a-t-il songé aussi au Can¬
lique des Cantiques de Sudermann quand il s’est proposé de
représenter à son tour une existence de femme, Thistoire d’une
vie entière, de l’adolescence à la mort, des premiers baltements
et de l’éveil du cceur jusqu’aux désillusions suprèmes et à la
tombe, dans son désenchantement, dans toute sa désolante
généralité).
Par un raffinement morose, pour présenter son thème en
quelque sorte à l’état pur, dans une condition absolue de veu¬
vage, l'auteur a voulu que son héroine ne füt pas mariée:
seule, toujours seule, toujours trahie, sans compagnon dans le
désert. II a voulu que son livre füt réduit (on verra pourquoi)
aux deux éléments dont se compose la chaine de l’existence: la
mère, l’enfant, car Thérèse a aimé et n’est que trop le jouet de
Tamour. Déja, dans son premier roman, c’était lhistoire
d’une séduction, une histoire infiniment triste, celle d’une
jeune fille de bonne maison, intelligente, distinguée, que son
cceur égare, qui fait la faute de ne pas se marchander, de se</Unicode>
            </TextEquiv>
        </TextRegion>
        <TextRegion orientation="0.0" id="r2" custom="readingOrder {index:1;}">
            <Coords points="3151,1079 3151,1179 3247,1179 3247,1079"/>
            <TextLine id="r2l1" custom="readingOrder {index:0;}">
                <Coords points="3142,1113 3165,1112 3171,1116 3189,1109 3204,1117 3219,1112 3255,1119 3258,1059 3210,1061 3201,1055 3193,1057 3184,1051 3163,1048 3145,1053"/>
                <Baseline points="3151,1106 3183,1108 3215,1109 3247,1110"/>
                <TextEquiv>
                    <Unicode>donn</Unicode>
                </TextEquiv>
            </TextLine>
            <TextLine id="r2l2" custom="readingOrder {index:1;}">
                <Coords points="3193,1173 3206,1172 3226,1181 3236,1178 3230,1115 3216,1116 3211,1113 3208,1117 3204,1117 3197,1113 3188,1113"/>
                <Baseline points="3202,1166 3226,1164"/>
                <TextEquiv>
                    <Unicode>m</Unicode>
                </TextEquiv>
            </TextLine>
            <TextEquiv>
                <Unicode>donn
m</Unicode>
            </TextEquiv>
        </TextRegion>
        <TextRegion orientation="0.0" id="r3" custom="readingOrder {index:2;}">
            <Coords points="3234,1533 3234,1685 3256,1685 3256,1533"/>
            <TextLine id="r3l1" custom="readingOrder {index:0;}">
                <Coords points="3226,1640 3247,1636 3255,1642 3265,1641 3259,1581 3247,1581 3237,1589 3233,1589 3230,1586 3221,1587"/>
                <Baseline points="3234,1635 3256,1633"/>
                <TextEquiv>
                    <Unicode>on</Unicode>
                </TextEquiv>
            </TextLine>
            <TextEquiv>
                <Unicode>on</Unicode>
            </TextEquiv>
        </TextRegion>
    </Page>
</PcGts>
