3336 4252
957 242 1138 313 Wei
1445 230 1915 336 box 35/6
792 241 927 314 les
171 244 1299 349 1. Die Frau oiSen
1505 424 2720 517 gemüthlich Faulen, dem das rechte Selbstbewußtsein noch fehlte,
282 432 1501 548 an, bei dessen Untersuchung unter dem Mikroskope er eine Zusammen¬
1507 493 2726 559 unaufhörlich zum Schaffen. Ich freue mich heute meines damaligen
283 504 1499 597 setzung aus wirr durcheinander liegenden Feldspattafeln und einem
1507 543 2732 617 Urtheiles über Schnitzler. Es stand damals ziemlich vereinzelt
290 538 1506 614 anderen Mineral feststellte, das Aehnlichkeit mit Augit zeigte; letzteres
281 581 1498 669 bildete ziemlich große, wie zerschnitten aussehende Körner. Auch die
1509 596 2742 657 da und ist heute allgemein geworden. Ich habe meine Meinung
291 625 1501 696 Farbe des Minerals ähnelte der des Augit, dieses überaus häusigen
1512 650 2730 706 nicht geändert und Schnitzler nicht sein Talent. Sein Stoffgebiet,
279 660 1509 742 Minerals, das einen besonders großen Antheil an der Zusammensetzung
1511 684 2747 764 seine Weltanschauung, seine Vorliebe für gewisse Menschen und
280 702 1502 766 von fast allen vulcanischen Gesteinen der Erde nimmt. Andererseits
1515 745 2719 799 Themen, seine Antipathien und Sympathien sind die gleichen ge¬
286 731 1514 823 zeigten sich so deutliche Unterschiede von diesem Mineral, daß es als
292 779 1505 868 zweifellos erscheinen mußte, daß hier ein bisher unbekanntes Mineral
1518 771 2745 863 blieben. Er hat seine Kunst nicht erweitert, wohl aber hat er sie
278 817 1515 877 entdeckt worden war. Wahrscheinlich kommt dasselbe in jenen als Enkrit
1507 823 2746 907 vertieft; er hat nicht neue Kreise gezogen, ist aber in seinem
285 860 1515 932 bezeichneten Meteoren ebenfalls vor; da diese aber überaus selten sind,
1520 876 2747 951 Kreise gewachsen und groß geworden. Er hat auch seine Fehler
292 903 1505 974 so wird es schwer halten, eine genügende Menge des neuen Minerals
1518 938 2742 1013 beibehalten, so die nachlässige Schreibart, die wenig klingende
284 942 1506 1031 zusammenzubringen, um eine genaue Bestimmung desselben vornehmen
1519 998 1717 1068 Sprache.
294 1004 518 1069 zu können.
1645 1007 2731 1107 Seine Weltanschauung! Besser wäre, ich sagte, seine Frauen¬
857 1052 965 1144 1
1515 1079 2737 1143 anschauung. Denn im Grunde ist Schnitzler ein Erotiker, und
1527 1115 2746 1202 seine Welt ist das Weib. Aber er ist ein kalter Erotiker. Seine;
1521 1176 2752 1244 Liebe hat scharfe, kalte Augen. Seine Liebe ist sehr klug und
424 1176 1186 1291 Briefe an eine Dame.
1520 1227 2748 1303 sehr verständig. Sie geht niemals mit ihm durch. Die Tollheit?
1191 1165 1382 1314 9.%
1520 1264 2756 1339 ist ihm fremd. Vielleicht fehlt ihm also das Beste und Köstlichste.
1534 1331 2756 1397 Denn die Narren der Liebe sind die einzig Weisen der Liebe.;
494 1326 1157 1425 Verehrte gnädige Frau!
1542 1386 2047 1458 Meinen Sie nicht auch?
419 1384 1521 1473 Ihre Villa liegt hart am See. Vom Thürchen, das unter
1636 1417 2764 1495 Und weil Schnitzler so klug ist, ist er grausam. Jeder, ##
301 1458 1525 1528 dem Balcon sich öffnet, führen zehn marmorne Stufen zum
1522 1475 2759 1548 der die Frauen durchschaut oder zu durchschauen glaubt, meint,
315 1499 1522 1579 Wasser hinab. Dort an der Kette liegt der gelbe Seuller mit
1533 1522 2758 1605 er müsse grausam sein. Leider sagen das auch die Frauen, die
306 1549 1531 1639 der veilchengestickten Fahne. Wie oft habe ich Sie in diesem
1535 1574 2769 1659 uns Männer zu kennen glauben. Und gerade was Grausamkeit"
307 1594 1521 1681 schmalen Boote hinausgerndert! Wenn ich die Augen schließe, so
1533 1624 2767 1710 betrifft, sind wir Alle armselige Stümper im Vergleiche zu Ihren
315 1662 1536 1726 sehe ich Sie vor mir sitzen, eifrig mit Sonnenschirm und Steuer
1535 1681 2763 1747 Geschlechtsgenossinnen. Unsere Grausamkeit ist roh, ist schwer¬
302 1698 1530 1783 beschäftigt. Nur das geschwätzige Zischen der über's Wasser
1539 1726 2749 1799 fällig, ist die Grausamkeit der Keule, des Schwertes, im besten
303 1748 1537 1819 tanzenden, flachen Ruder gleitet durch unser Gespräch, und der
1533 1747 2763 1855 Falle des Messers. Die Grausamkeit des Weibes ist die Kunst
308 1795 1530 1882 scharfe Schlag der Ruder, wenn sie in's Wasser tauchen, schneidet
1541 1825 2760 1900 des feinen Giftes, ist die Zauberei des Blickes, die Magie des
309 1863 638 1938 Satz von Satz!
1531 1861 2768 1945 Unfaßbaren. Der Hexerich kann vor der Hexe nicht bestehen. Und
431 1871 1533 1964 Von drei Seiten umgibt der Wald Ihre Villa. Nur von
1537 1919 2756 1989 es ist ganz falsch, immer an die bösen, häßlichen Hexen zu
316 1938 1535 2021 der Seeseite ist das Häuschen sichtbar. Sonst verschwindet es
1542 1958 2758 2038 denken. O nein, meine gnädige Freundin! Der Teufel ist ein
318 1994 1536 2072 ganz zwischen den Bäumen. Und wieder sehe ich Sie — zwischen
1541 2013 2761 2103 Feinschmecker, und auf dem Blocksberg war stets die Schönheit!
320 2044 1533 2126 den Bäumen gehen Sie dahin und über Ihr helles Kleid fallen
1540 2089 1777 2171 zu Hause.
316 2106 919 2175 rothe und grüne Schatten ...
1654 2092 2767 2191 In Schnitzler's Grausamkeit mischt sich ein Tropfen Ver¬
431 2143 1265 2210 Wie beneide ich Sie um Wald und See!
1543 2153 2760 2258 achtung. Und das macht ihn traurig. Daß er immer auch ein
434 2190 1538 2271 Aber Sie haben Wünsche. Wald und See bieten Ihnen
1550 2196 2797 2297 klein wenig verachten muß, was er liebt, lockt ihm die Thränes
317 2250 1533 2335 nicht genug. Sie wollen Bücher haben. Sie wollen diesen Sommer
1549 2265 2810 2337 in's Auge. Dieser blinkende Tropfen ist echt, ist das Juwel##
325 2299 1534 2376 lesen, viel lesen. Und Sie erweisen mir die Ehre, mich um Rath
1551 2315 2808 2398 seiner Poesie. Bedeutet ihm die Frau die Welt, so bedeutet diese
316 2344 1544 2438 zu fragen. Ich soll Ihnen neue Erscheinungen empfehlen, soll
1551 2327 2903 2433 Thräne seinen Weltschmerz. Und dieser saufte, melancholische#####
317 2396 1551 2498 Ihnen ein Wegweiser sein durch die moderne Literatur. Das ist
1549 2403 2888 2482 Schmerz mit der leisen Selbstverspottung, die mittönt, gibt seinen
325 2434 1547 2516 nun ein sehr undankbares und gefährliches Geschäft. Es geht
1543 2477 1994 2549 Werken ihr Gepräge.
327 2499 1546 2562 Einem mit den Büchern wie mit den Frauen. Man muß sich
1658 2492 2771 2589 Man nennt Schnitzler einen Jung=Wiener Dichter. Ich
321 2540 1543 2631 selbst die Frau suchen, die Einem wohlgefällt. Der beste Sendling
1554 2569 2773 2647 möchte auf das Wienerthum keinen allzu schweren Ton legen.
326 2605 1550 2661 ist da nichts nütze. Ich meine natürlich Bücher und Frauen,
1546 2609 2773 2695 Die französischen Kleinmeister des Dialogs und der Novelle haben
319 2636 1546 2727 die Einem was bedeuten sollen, deren Besitz eine Merkstunde
1556 2653 2823 2737 ihn gebildet. Der Wiener Boden gab ihm die Modelle. Ein ####
329 2685 1554 2773 schlägt in unser Dasein. Bücher und Frauen zur Unterhaltung,
1556 2714 2807 2792 Charakteristisches des Wienerthums, die Fröhlichkeit, die Kunst, ##
338 2749 1548 2809 um mit ihnen ein Weilchen in heitere Minuten aufzudröseln,
1559 2759 2772 2837 der Sorge zu entlaufen, fehlt ihm gänzlich. Er kennt freilich die
323 2789 1555 2866 die läßt man sich gern und leicht empfehlen. Da mag ja auch
1553 2807 2775 2881 Sorge des Lebens nur so weit das Leben die Liebe ist. Ich
334 2837 1547 2915 die Empfehlung ihr Gutes haben. Für ein solches Amt möchte
1562 2854 2775 2939 möchte sagen, er kennt nur die erotische Sorge. Aber er kämpft
339 2905 671 2979 ich aber danken.
2779 2880 2862 2970 4
1549 2895 2785 2982 nicht gegen sie, ringt nicht mit ihr, und wenn sie ihm auf der
455 2912 1561 3008 So muß ich denn mit Bedauern darauf verzichten, Ihnen
1560 2950 2820 3034 Schulter sitzt, macht er keinen Versuch, sie abzuwerfen. Ja, im
340 2985 1553 3062 Rathschläge zu geben. Wenn es Ihnen aber recht ist, liebe
2774 3008 2825 3050 0
1558 2999 2793 3078 Anschauen dieser Sorge um ein Geliebtes findet er seine besten
345 3038 1551 3115 Freundin, so will ich Ihnen gerne erzählen, was ich gerade ge¬
1562 3040 2835 3133 Töne. Er starrt der Liebessorge in's Gesicht: Wissen oder Nicht¬
333 3072 1561 3157 lesen habe, will Ihnen auch mittheilen, welchen Eindruck das
1568 3091 2790 3182 wissen nennt sie sich zumeist. Er will ihre Medusenzüge ent¬
341 3132 1560 3202 Gelesene auf mich gemacht. Verlockt es Sie dann, das Buch
1570 3134 2789 3252 ziffern, als stünde in ihnen das Geheimnis des ganzen Lebens
348 3178 1570 3259 gleichfalls zur Hand zu nehmen, so thun Sie es auf Ihre
1568 3221 1825 3306 geschrieben.
347 3229 1560 3322 eigene Gefahr. Machen Sie mir keine Vorwürfe, wenn Sie
1679 3224 2790 3315 Schnitzler hat eine gewisse Vorliebe für das Mystische.)
347 3282 1565 3349 meinen Geschmack dann nicht theilen. Aber loben Sie mich
1561 3291 2787 3371 Die Räthsel des Todes locken ihn. Er sucht sie zu verstehen.s
349 3331 1552 3400 immerhin, wenn unser beider Geschmack auf gleichem Wege ge¬
1569 3331 2794 3431 In diesem Drange fand er das gute Wort: „Jedes Wesen ists
350 3369 1566 3466 wandelt. Denn Ihr Lob wird mich aneisern, Ihrem Geschmacke
1576 3397 2795 3476 in Wahrheit erst dann todt, wenn auch alle die gestorben sind,
355 3423 1567 3493 nachzuspüren. Und habe ich erst die Geheimnisse Ihres Ge¬
1573 3457 2810 3527 die es gekannt haben.“ Den Wegen geht er nach, die aus dem
358 3472 1562 3559 schmackes entdeckt, dann bin ich auch auf dem richtigen Wege
1574 3494 2800 3569 Licht in's Reich der Schatten führen. Aber er bleibt immer ins
349 3528 1563 3608 zu Ihrer Seele. Und habe ich Ihre Seele — dann lebe wohl,
1576 3540 2798 3616 seinem Kreise, bleibt auch in diesen Problemen immer der#
355 3575 1577 3648 Buchkritik, dann weiß ich mir was Besseres, als Ihnen von
1575 3595 2799 3666 Erotiker. Das Reich der Schatten! Das Ungewußte! Das hinters
352 3618 1562 3693 der Psychologie der — Anderen zu erzählen! Das Buch ist der
1572 3635 2791 3733 Schleiern! Davor steht er in seinen Träumen. Und die Schatten,
356 3656 1578 3750 ewige Galcotto. Am Ende so manchen Literaturgespräches öffnet
1572 3691 2803 3777 das Ungewußte, das Verschleierte im Leben des Alltages, der
352 3715 1586 3794 sich der verschlossene Garten der Gefühle. Aber bei den Gefühlen
1583 3736 2793 3818 Tod unserer Gefühle, unserer Stimmungen, unseres Willens, der¬
355 3787 876 3860 halten wir ja noch nicht.
1578 3782 2806 3866 Tod der Stunden und der Tage, das Sterben in uns, das isti
479 3799 1579 3882 Oder doch! Denn ein Buch der Gefühle habe ich eben vor
1585 3828 2810 3912 es, was seine Poetenseele erfüllt. Ein Buch der Schatten, des
363 3862 1581 3938 mir liegen. Es heißt „Die Frau des Weisen“ und ist ein
1591 3880 2816 3967 Ungewußten, ein Buch des Todes könnte man seinen letzten
362 3929 1145 4009 Novellenband von Arthur Schnitzler.
1583 3955 2033 4030 Novellenband nennen.
481 3963 1585 4050 Zehn Jahre sind es her, daß wir Beide, Schnitzler und
1705 3966 2809 4054 Wenn Sie ihn lesen, liebe Freundin, wird er Sie gewiß
363 4009 1582 4081 ich, anfingen, in der Literatur  uns umzuthun. Er nannte mich
370 4042 2806 4158 damals seinen Kornak, denn ich stachelte und trieb ihn, den ergreifen. Das Sterben eines Gefühles ist schlimmer als das
3140 1950 3195 2032 80
