3336 4123
1460 241 1900 331 box 35/6
743 248 1226 318 des Veise
1092 303 1311 342 —
171 261 1048 354 1: Die
667 598 1585 685 Rezensions-Beleg. 2
1403 778 1840 862 Helhagen & Klasinge
1220 892 2043 993 Eonatshefte
1085 1019 1497 1102 X// Jahrgang
1854 1008 2147 1108 68 77
828 1176 1630 1252 (s wäre mehr thöricht als vermessen, heute
801 1202 840 1251 (
1697 1216 2529 1279 Form von Tagebuchblättern abgefaßt. Man
831 1237 1627 1283 — schon von einer Berliner Litteratur zu
1696 1265 2528 1315 muß sich aber an einzelne Außerlichkeiten halten,
815 1275 1635 1332 sprechen, wie man von einer Pariser spricht.
1690 1301 2520 1346 um nach und nach zu erkennen, daß diese Blätter
802 1316 1632 1364 Soviel Schöpfungen jährlich innerhalb des
1689 1343 2521 1392 ein Mann geschrieben haben soll. Die Sprache,
811 1350 1625 1413 Berliner Weichbilds entstehen — und ich glaube,
1700 1380 2525 1437 die Stimmung, die Empfindungen berühren
805 1402 1628 1438 man darf die Romane, Novellen, Dramen nach
1697 1423 2520 1467 durchaus wie Herzensergüsse einer Frau, wenn
811 1428 1642 1491 Hunderten rechnen — von einer Gemeinsamkeit
1693 1461 2513 1507 auch nicht immer, so doch ganze Seiten hindurch.
804 1470 1640 1526 des Stils findet sich keine Spur. Das ist nicht
1701 1497 2513 1554 Der Inhalt ist im allgemeinen sehr unwesent¬
805 1514 1635 1569 weiter verwunderlich, denn die Schaffenden sind
1695 1538 2512 1595 lich, das Epische tritt stark in den Hintergrund,
808 1559 1627 1610 zum größten Teil eingewandert, und ihr Herz ist
1695 1586 2519 1634 Stimmungslyrik und Betrachtung bilden die
803 1593 1639 1648 noch nicht berlinisch, es gehört noch der Heimat
1698 1622 2517 1671 Hauptsache. In der ersten Erzählung des Buches
805 1628 1622 1675 an, in der ein jeder seine Kindheit verlebte.
1687 1661 2518 1711 kommt die „Handlung“ über das Anekdotenhafte
799 1674 1624 1722 Einer der wenigen aber, die schon mit dem ersten
1691 1701 2506 1745 nicht hinaus; ein Gatte ertappt seine Frau über
806 1715 1632 1762 Atemzug die zarten Düfte der Spree= und Panke¬
1694 1739 2522 1792 einem kleinen Fehltritt, ohne daß sie von seinem
802 1739 1638 1802 stadt einatmeten, besingt lieber die Melitten und
1695 1773 2517 1817 Mitwissen etwas ahnt; und er schweigt, um nicht
807 1791 1630 1841 Aspasien des alten Hellas, als die Almas und
1686 1811 2506 1869 Ol ins Feuer zu gießen, rücksichtsvoll jahrelang.
795 1828 1627 1883 Augusten seiner Vaterstadt. Vor Zeiten hat
1692 1851 2517 1907 Dafür erhält er von Schnitzler den Ehrennamen
803 1869 1633 1922 allerdings Berlin den Ehrgeiz gehabt, es zu
1694 1898 2507 1939 „der Weise“. In „Abschied“ harrt der Liebende
810 1911 1617 1957 einer Litteratur von eignem Gepräge zu bringen,
1685 1938 2519 1988 mehrere Tage hindurch umsonst der Geliebten,
807 1945 862 1986 in
867 1947 1626 1987 jenen Tagen, als Fontane heranreifte, als
1683 1964 2517 2024 die „natürlich“ Frau eines Anderen ist. Endlich
809 1984 1615 2027 Glaßbrenner witzelte und Kalisch Possen schmiedete.
1688 2003 2509 2063 erfährt er, daß sie inzwischen gestorben ist. Er
806 2023 1621 2065 Aber das damalige Kleinberlin ist mit dem heu¬
1685 2046 2518 2092 schleicht sich ins Haus, wo sie aufgebahrt ruht,
800 2062 1618 2108 tigen Großberlin nur durch ein Band geschicht¬
1691 2094 2510 2145 um sie noch einmal zu sehen. „Das Flimmern
800 2107 1624 2152 licher Erinnerungen verknüpst, geistig und litte¬
1684 2123 2513 2182 der Kerze machte, daß er ein Lächeln um Annas
796 2145 1614 2194 rarisch führt keine Brücke von einem zum andern,
1687 2173 2515 2208 Lippen zu sehen glaubte. Er nickte ihr zu, als
801 2181 1624 2225 höchstens ein schmaler Steg. Was aber Berlin
1689 2211 2504 2258 nähme er Abschied von ihr und sie könnte es
793 2229 1624 2275 als Neuling unter den Weltstädten noch nicht
1680 2239 2508 2297 sehen. Jetzt wollte er gehen, aber nun war es
800 2265 1623 2329 besitzt und erst heranzubilden trachtet, das hat
1688 2279 2501 2339 ihm, als hielte sie ihn mit diesem Lächeln fest.
1683 2331 2512 2366 Und es wurde mit einem Mal ein verächtliches,
802 2316 1619 2385 die Schwesterstadt Wien seit langem aus sich
1683 2357 2500 2418 fremdes Lächeln, das zu ihm zu reden schien,
811 2366 1625 2422 heraus erzeugt: eine eigne Kunst, eine eigne
1678 2406 2517 2459 und er konnte es verstehen. Und das Lächeln
800 2396 1614 2462 Litteratur, einen eignen Stil. Jedes echte Talent
1673 2454 2509 2498 sagte: Ich habe dich geliebt, und nun stehst du
808 2445 1627 2503 hat auch in Wien seine besondere Prägung, aber
1681 2486 2489 2538 da wie ein Fremder und verleugnest mich. Sag'
799 2485 1626 2527 ebenso unverkennbar sind die gemeinsamen Züge,
1685 2521 2499 2575 doch, daß ich die Deine war, daß es dein Recht
801 2519 1618 2573 die alles oder doch fast alles, was im Bezirk
1688 2558 2497 2604 ist, vor diesem Bette niederzuknieen und meine
799 2566 1626 2617 des heiligen Stephan geschaffen wird, aufweist.
1688 2596 2494 2648 Hände zu küssen. Warum sagst du's denn nicht?..
794 2606 1622 2660 Es gibt da eine Kette gemeinschaftlicher Eigen¬
1688 2639 2498 2688 Aber er wagte es nicht . .. Es trieb ihn aus der
798 2641 1612 2685 tümlichkeiten, die von Grillparzer bis zu den
1679 2680 2493 2731 Nähe des Hauses, und er eilte tief beschämt durch
803 2674 1616 2731 jüngsten „Symbolisten“ führt. Was die Wiener
1678 2711 2495 2769 die Straßen; denn ihm war, als dürfe er nicht
798 2720 1610 2772 Kunst vor allem kennzeichnet, ist die Lust an
1671 2755 2487 2807 trauern wie die anderen, als hätte ihn seine
793 2757 1620 2812 feiner Sinnlichkeit, an weichen, zerfließenden
1675 2792 2492 2847 tote Geliebte davon gejagt, weil er sie verleugnet.“
799 2794 1622 2855 Formen, ein Zug ins Weibliche, Schwelgende,
1675 2836 2501 2883 Zum Entgelt „verleugnet“ in der Schlußerzählung
798 2837 1615 2878 Träumende, leichtes Blut und wenig Mark, mehr
1681 2867 2493 2925 „Die Toten schweigen“ die Frau den ihr jäh¬
795 2875 1623 2928 Rezeptivität, als Aktivität. Das Gemütliche tritt
1679 2909 2501 2971 lings entrissenen Geliebten. Bei einer abendlichen
789 2921 1610 2969 stärker hervor als das Geistige, das Intime,
1675 2953 2501 3003 Fahrt, die irgend ein Franz mit der angebeteten
796 2959 1622 2997 Zarte, Stille mehr als das Heroische, und wenn
1675 2992 2489 3033 Gattin eines Anderen macht, wird Franz aus dem
786 2990 1612 3043 in den niederen Gründen der Litteratur sich
1684 3025 2483 3070 Wagen geschleudert und bleibt auf der Stelle tot.
797 3028 1618 3087 leicht etwas Trottelhaftes einmischt, so in den
1669 3061 2497 3123 Während der Kutscher forteilt, um Hilfe herbei¬
790 3065 1616 3128 höheren oft eine gewisse Müdigkeit, eine Ab¬
1679 3108 2501 3151 zuholen, überlegt Emma, die Gattin und Geliebte,
793 3107 1618 3150 spannung, die aber gern mit ihrer etwas kränk¬
1679 3149 2492 3199 daß sie für immer gerichtet und verloren sei,
789 3147 1606 3206 lichen Weise kokettiert. Unter den jüngeren
1669 3180 2488 3239 wenn man sie in Gesellschaft des Toten entdecke:
787 3185 1606 3245 Schriftstellern, die den Wiener Typus mit be¬
1667 3219 2492 3278 das fündige Verhältnis, das sie sorglich geheim
785 3222 1603 3274 sonderer Deutlichkeit vertreten, ist einer der be¬
1667 3271 2485 3312 gehalten, kommt dann ohne weiteres an den Tag;
783 3274 1604 3326 merkenswertesten Arthur Schnitzler; seine
1674 3306 2487 3356 dem Toten aber nützt es nichts, wenn die Lebende
783 3312 1606 3352 Schauspiele „Liebelei“ und „Freiwild“ sind auch
1677 3342 2496 3398 beider Schuld büßen muß. In solcher Erwägung
784 3352 1600 3396 auf norddeutschen Bühnen vielfach gespielt worden.
1675 3381 2492 3428 hält es Emma für das Beste, sich, ehe der Kutscher
779 3383 1609 3450 Liebelei, — das Wort könnte im Grunde dem
1666 3424 2485 3475 zurückkommt, hinwegzuschleichen und zu ihrem
1669 3464 2484 3521 Gatten heimzukehren, als ob nichts geschehen sei;
774 3455 1596 3517 gesamten Schaffen Schnitzlers als Motto dienen.
1667 3505 2466 3548 Sie denkt's und führt den Entschluß aus ..
771 3496 1593 3544 Er hat eigentlich nur dies eine Thema, und er
1668 3534 2492 3579 Fast noch tiefsinniger ist die Geschichte von den
773 3544 1596 3595 variiert es in nicht sehr abwechselungsreicher Weise.
1676 3576 2483 3628 Blumen“. Da in Schnitzlers Poetenreich die
776 3582 1594 3635 Mit frischerer Laune, die hier und da sich zur
1677 3598 2479 3671 Sterblichkeit arg grassiert, so ist auch „sie“ (die
776 3618 1594 3672 Satire und Ironie steigert, in seinen Dramen
1675 3655 2479 3697 Namenlose) eines Tages vom Tode hinweggerafft
780 3661 1592 3716 und Dialogen, mit sehr viel Empfindsamkeit in
1675 3697 2491 3756 worden. Als letzten Gruß hat sie „ihm“ einen
768 3698 1601 3756 seinen Novellen. Um dieser Empfindsamkeit
1663 3733 2481 3792 Blumenstrauß zugesandt, den „er“ zu ewigem
774 3742 1592 3796 willen mögen naive Gemüter die ewige Liebelei
1675 3772 2478 3826 Gedenken ins Wasserglas stellt und das Glas auf
769 3757 1593 3829 mit Liebe verwechseln, aber wenn auch die Ge¬
1668 3809 2481 3880 den Schreibtisch. Bald aber findet „er“ (nicht
778 3815 1592 3860 fühle, denen Schnitzler Ausdruck gibt, nicht gerade
773 3856 1597 3916 unecht oder erlogen sind, so ziehen sie doch mit
784 3892 1596 3948 so viel Pos# auf,### von lieferen Regungen gar
1637 3875 2463 3958 de Rimmenstraußt, sondern der Liebende) in
765 3933 1585 3983 nicht die Rede sein kann. Daß diese Pose auf
1636 3928 2463 3995 seiner Einsamkeit eine Trösterin; das blonde
1644 3966 1784 4017 „Gretel“
768 3966 1586 4021 die Dauer nicht gerade ergötzlich, sondern eher
1785 3973 2462 4030 sucht die Erinnerung an die Tote zu
768 4011 1597 4062 einlullend wirkt, das merkt man, wenn man sich
1635 4014 2456 4081 besiegen. Und solange sie bei „ihm“ weilt, ge¬
757 4045 1587 4092 durch die jüngste Novellensammlung Schnitzlers
1624 4043 2469 4119 lingt ihr das leicht. Aber wenn sie fort ist, ge¬
745 4080 1187 4124 Die Frau des Wer
1270 4085 1312 4132 W
1313 4089 2036 4125 rlin S. Fischer winnen die Blumen
