3336 4219
890 251 982 325 Ne
1399 243 1845 348 box 35/6
705 257 765 329 d
214 261 1258 372 Die Frau es „isen
543 1421 1605 1520 Kägnant. Er zrichnet mit enigen Strichen seine Personen,
553 1492 1587 1570 die dann durte ein Pe#r Dialogwendungen, oft durch einen.
537 1530 1527 1606 Saß gerade jench Seite icter Wesenheit hervorkehren,
2615 1582 3278 1656 in den letzten Jahren kränkelte er
533 1558 2605 1660 Zelche die humoristischefartrische Beleuchtung fartenwurde sein Vermögen auf zweleinhalb Millionen geschätzt.
533 1647 1536 1696 „Das Verlobungsmotiv, das Engel im „Feaesener“ el
1582 1644 2603 1698 Wenn auch diese Schätzung übertrieben gewesen sein dürfte,
2610 1646 3286 1716 fromm, wie er denn zeitlebens die
1592 1685 2603 1741 immerhin hat das erwucherte Vermögen Ferdinand
2613 1687 3288 1752 hatte, um das Gelingen seiner „Unter
540 1672 1576 1746 jo großen, wohlverdienten Erfolg gebracht, kehrt auch hier
1580 1741 2601 1801 Linke's schon damals eine Million weit überschritten.
2619 1737 3289 1793 flehen. Er war im Stande, stundenlan
543 1738 1584 1805 oftnials wieder und wir finden hiebei eine Reihe von
1661 1784 2595 1843 Eine Spezialität Linke's war es, seine Opfer, nach¬
2610 1788 3288 1850 zu knien, aber auch nur einen Kreuz
537 1789 1578 1850 Momenten, die beim Schwank in die Optik der Bühne
1577 1813 2603 1879 dem er ihnen wieder###li kleinere Beträge geborgt, zur
2609 1835 3282 1886 zu werfen, hätte ihn Niemand ben
543 1839 1572 1898 gestellt sind. Einzelne Geschichten machen überhaupt den
1580 1875 2598 1937 Ausstellung eines auf einen hohen Betrag lautenden
2607 1874 3269 1938 letzten Jahre seines bewegten 9#
549 1882 1572 1931 Eindruck, als ob sie im Hinblick auf das Theater ge¬
1589 1922 2594 1981 Wechsels zu zwingen, den sie auf den Namen eines nahen,
2612 1915 3293 1988 vom Siechthum arg bedrängt. Nü
541 1926 1569 1990 schrieben worden seien, so zum Belspiel die reizende Skizze
1584 1965 2604 2031 begüterten Verwandten fälschen mußten. Dieser Art war
2612 1976 3292 2027 ließ er seine Wohnung und nur ein
531 1968 1572 2033 „Die Blasirten“, die sämmtliche Attribute einer bühnen¬
1587 2011 2613 2070 auch der Wucher= und Betrugsprozeß, in dessen Mittel¬
2613 2019 3281 2080 er sein geliebtes Waarenlager in
534 2026 1580 2078 wirksamen Liebesszene hat, und außerdem noch elwas, was
1583 2065 2606 2127 punkt Linke im Jahre 1871 stand und der mit seiner
2609 2067 3300 2133 um von den durch Jahrzehnte aufgesta
535 2073 1576 2136 man gemeiniglich in den Schwänken nicht findet:
1584 2113 2599 2164 Verurtheilung zu fünf Jahren schwerem Kerker endete.
2608 2109 3296 2181 und gepfändeten, werthvollen und min
544 2106 1582 2193 hübsche Beobachtungen und Worte und Wendungen, die
1585 2145 2606 2224 Linke hatte damals der Fabrikantensgattin Barbara
2616 2159 3297 2211 ständen, unter denen auch große Qua
550 2170 1578 2232 nicht der Situation aufgeklebt sind, sondern die aus
1581 2213 2604 2270 Ruston in kleinen Beträgen nach und nach sechstausend
2609 2203 3287 2260 Viktualien sich befanden, für immer
541 2205 1572 2276 individueller Bestimmtheit erwachsen. Daß der Autor
1588 2254 2598 2310 Gulden geborgt. Nun zwang er sie, ihm ein auf den
2608 2250 3289 2304 Scheu, den Rücken vom Alter ger
538 2262 1573 2318 aber auch poetische Stimmungen zu erzeugen und fest¬
1581 2307 2597 2360 Namen ihres Gatten gefälschtes Akzept auf den Betrag
2604 2291 3289 2363 Linke noch einmal über die Treppen hi
536 2302 1580 2367 zuhalten weiß, davon hat uns neben einigen anderen vor¬
1579 2346 2602 2410 von 35,000 fl. auszustellen. Der Galte der Frau Ruston,
2608 2349 3291 2405 dustigel. Raum, der das Resultat seine
543 2353 1579 2410 nehmlich die letzte Skizze der Sammlung überzeugt. Ein
1580 2392 2605 2441 welcher hievon Kenntniß erhielt, deponirte die 35,000 fl.
2605 2393 3288 2456 umschloß Seine halberblindeten Au
541 2405 1575 2459 blondes Backfischlein spaziert im Park. Es ist ein stiller
1575 2441 2598 2500 bei Gericht und erstattete gegen den gewissenlosen Wucherer
2609 2436 3290 2495 schwommen die aufgehäuften Schätze,
551 2447 1566 2504 Sonntag. Alle Welt ist glücklich. Das Backfischlein natürlich
1579 2485 2604 2549 die Strafanzeige. Schon im Jahre 1852 wurde Ferdinand
2601 2476 3290 2554 Hände betasteten sie zärtlich. Vorsor
543 2496 1579 2553 auch, in dessen Gesicht von Zeit zu Zeit etwas aufleuchtet:
1580 2530 2596 2586 Linke mit vier Monaten schwerem Kerkev bestraft und im
2603 2533 3294 2617 Schlösser an die eisernen Thüren und
543 2545 1579 2594 keine großen Gedanken, aber süße, warme Gefühle, die zur
2598 2578 3054 2650 die Treppen hinab...
1587 2582 2603 2635 Jahre 1864 wegen Wuchers zu ei#er längeren Freiheits¬
550 2595 1578 2651 Zukunft hinüberführen. Da bückt sie sich plötzlich und hebt
1588 2629 2606 2684 strafe verurtheikt. Im Jahre 188; wurde der unverbesser¬
2676 2602 3295 2694 Gestern und vorgestern hielt die Un
540 2632 1576 2698 ein Blatt Papier auf, darauf männliche Schriftzüge. Sie
2605 2670 3288 2733 willigung der Abhandlungsbehörde eine
1576 2678 2602 2733 liche Wucherer zu acht Monaten strengem Arrest und
556 2673 1574 2727 liest: „Theurer Schatz!“ Also ein Liebesbrief, der nicht für
1586 2730 2602 2800 1500 fl. Geldstrafe, eventuell weiteren 150 Tagen Arrest
2604 2727 3282 2776 des beweglichen Nachlasses Ferdinand
542 2728 1581 2776 sie bestimmt ist, den irgend eine Fremde verloren hat. Was
1585 2770 1797 2841 verurtheilt.
2608 2773 3289 2821 großem Magazin in der Penzingerstraße
533 2775 1569 2835 nur bei diesem Liebesbrief im Herzen des Backfischleins er¬
1666 2790 2595 2874 Eine eigenthümliche Figur, eine psychologisch räthsel¬
2603 2817 3289 2878 hyänen, die zu einem so seltenen Fang be
548 2818 1581 2893 wacht und nach Ausdruck ringt, wie das aufjubelnde
1579 2865 2607 2919 hafte Figur trat Einem in dem Wucherer Linke ent¬
2610 2869 3296 2923 schienen #aren, wurde eine große Ueberka
552 2872 1578 2931 Glücksgefühl allmälig in eine Empfindung bitteren Wehs
2614 2911 3292 2982 fand in dieser Schatzkammer des Wuch
1577 2914 2600 2973 gegen: Ein ärmlich gekleideter, mittelgroßer Mann mit
553 2917 1574 2970 übergeht, das ist mit einem sicheren poetischen Instinkt zur
2612 2967 3280 3023 Durcheinander neben den werthvol
1584 2962 2592 3024 vorgebeugter Haltung, gekrümmtem Rücken, stark hervore
553 2961 1579 3018 Darstellung gebracht. Engel hat sch. mehrere Bücher ver¬
1592 3009 2602 3076 retenden, von einem grauen Barte umrahmten Backen¬
547 3014 1578 3070 öffentlicht. Aber sein erstes Buch in dem oben dargelegten
2607 3004 3295 3063 luxuriösen Möbeln Unmassen von Porz
1574 3056 2602 3112 knochen, einer Habichtsnase und kleinen, stechenden Augen,
2604 3050 3293 3109 Ballen von Leinen und Seide die versch
552 3061 1570 3122 Sinne hat er noch zu schreiben. Er ist also noch in der
2604 3099 3305 3160 verschimmelt:: Lebensmittel, Zuckerhüt
1574 3101 2608 3168 die sich unstät in ihren Höhlen bewegen — jeder Zoll der
543 3108 1568 3175 glücklichen Lage, sein Talent zu erweitern, zu bereichern u
1575 3152 1795 3218 Wucherer.
1408 3146 1559 3212 m. b.
556 3152 808 3233 zu vertiefen.
2562 3146 3296 3230 Kaffee und Mehl, Fässer mit eingelegten
