3336 4219
2024 123 2304 197 —.——
1481 184 1936 287 box 35/6
1107 203 1161 273 i
790 201 1023 270 des
913 216 1329 312 sen
204 206 850 306 1. Die Frau
1449 1095 1761 1166 COSMOPOLIS.
924 1199 2296 1269 und tiefsten Novelletten in der Frandles Weisen, nicht lehrhaft,
914 1260 2282 1320 sondern anschaulich, in künstlerisch und menschlich so über¬
925 1322 2288 1394 raschenden Wendungen, dass man fast vergisst, wie weltalt
914 1397 2281 1476 solche Erkenntnis ist. Nichts scheint verbrauchter und all¬
919 1434 2287 1533 täglicher, als der Umschlag maassloser Sinnlichkeit in naass¬
915 1512 2288 1568 losen Weltckel. Kirchen und Philosophien sind aus solchen
914 1590 2284 1652 Anwandlungen ervachsen: buddhistisches und christliches
924 1629 2280 1708 Mönchtum ist aus solcher Einkehr hervorgegangen; im lebens¬
927 1693 2296 1780 und liebeslustigsten aller Völker entstand La Trappe; inmitten
917 1755 2280 1823 der Orgien der dritten Republik liess ein glaubensloser Vizeur
930 1823 1760 1899 das Zügenglöcklein schrill anklingen:
957 1891 2279 1961 Tlarrive un jour, voyez-vous, ct il arrive de bonne heure pour beancoup,
924 1957 2291 2009 ou c’est fini de rire, comme on dit, parce que derrière tout cc qu'on
912 1979 2284 2044 regardt, c’est la mort qu'on iperçoit... Une vie! quelques jours, et puis
924 2045 2289 2109 plus rien. Adieu, homme on femme, tu ne reviendras point sur la terre!
920 2082 2297 2158 Et pourtant chacun porte ensoile désir fiévreux et irréalisable de l’éternité,
920 2143 2292 2207 chacun est unc sorte d’univers dans l’univers et chacun s’anéantit bientôt
921 2164 2286 2248 complétement dans le fumier des germes nouveaux. Les plantes, les
921 2216 2276 2287 bétes, les hommes, les étoiles, les mondes, tout s'anime, puis meurt pour se
924 2268 2301 2348 transformer. Et jamais un étre ne revient, insecte, homme ou planète
936 2307 1313 2377 (Bel-Ami 150; 215).
964 2357 2276 2447 Arthur Schnitzler hegt andere Gedanken als Maupassant.
924 2438 2276 2498 Er glaubt nicht an das alte Blendwort, dass Niemand der
918 2499 2280 2589 Sonne und dem Tod ins Auge sehen kann. Ihm ist auch das
913 2551 2288 2633 ganze Leben nicht nur eine Vorbereitung zu einem frommen
918 2623 2285 2689 Tod. Mit Faust vermisst er sich, “die Pforten aufzureissen,
926 2689 2284 2766 vor denen jeder gern vorüberschleicht.“ Ihm ist der Tod der
915 2743 1903 2826 untrügliche Prüfstein für die Ueberlebenden.
968 2808 2273 2879 In zwei ganz ausgezeichneten Novelletten Die Toten schwei¬
911 2875 2288 2930 den und Abschied stellt er je ein Männlein und Weiblein auf
921 2936 2284 3000 diese letzte entscheidende Probe und beidemale bestehen die
920 2987 2276 3060 Prüflinge nicht besser als die Witwe von Ephesus. Ein
919 3066 2274 3139 junger Mensch geniesst heimlich die Liebeshuld einer ver¬
911 3114 2284 3194 heirateten Frau, Fiebernd harrt er wieder einmal ihres
922 3185 2290 3255 Besuches. je länger sic ausbleibt, desto gewisser wird ihm,
920 3241 2290 3320 dass sie ein Unglück betroffen hat. Die Sorge treibt ihn
910 3302 2290 3388 hinaus. Er erfährt, dass sie schwer krank, dem Tode nahe ist.
911 3364 2279 3421 Als sie wirklich gestorben, stürzt er ins Trauerhaus. In der
920 3432 2278 3491 allgemeinen Verwirrung fällt der fremde Eindringling Nie¬
926 3490 2294 3560 mandem auf. Die verweinte Schwester drückt ihm die Hand,
926 3552 2061 3623 Er eilt weiter ins Schlafgemach, an das Sterbelager:
2924 1200 3336 1281 Er hätte sic nicht erl
2923 1263 2971 1320 rs
3191 1266 3335 1332 ging ihr
2893 1309 3052 1368 Anna, se
3207 1317 3317 1376 die d
2895 1360 3071 1424 entsetzlic
3205 1503 3244 1550 tr.
