3392 4219
682 117 1494 162 die Schwesterstadt Wien seit langem aus sich
669 155 1497 212 heraus erzeugt: eine eigne Kunst, eine eigne
678 189 1505 241 Litteratur, einen eignen Stil. Jedes echte Talent
683 235 1503 282 hat auch in Wien seine besondere Prägung, aber
677 273 1509 319 ebenso unverkennbar sind die gemeinsamen Züge,
679 318 1503 362 die alles oder doch fast alles, was im Bezirk
681 353 1508 404 des heiligen Stephan geschaffen wird, aufweist.
683 395 1504 441 Es gibt da eine Kette gemeinschaftlicher Eigen¬
680 445 1510 477 tümlichkeiten die von Grillparzer bis zu den
688 462 1503 517 jüngsten „Symbolisten“ führt. Was die Wiener
675 514 1509 557 Kunst vor allem kennzeichnet, ist die Lust an
678 548 1506 601 feiner Sinnlichkeit, an weichen zerfließenden
689 584 1509 636 Formen, ein Zug ins Weibliche, Schwelgende,
683 623 1516 671 Träumende, leichtes Blut und wenig Mark, mehr
678 655 1502 707 Rezeptivität, als Aktivität. Das Gemütliche tritt
692 699 1505 753 stärker hervor als das Geistige, das Intime,
682 746 1512 791 Zarte, Stille mehr als das Heroische, und wenn
690 788 1505 829 in den niederen Gründen der Litteratur sich
688 823 1514 869 leicht etwas Trottelhaftes einmischt, so in den
693 858 1513 907 höheren oft eine gewisse Müdigkeit, eine Ab¬
693 897 1513 949 spannung, die aber gern mit ihrer etwas kränk¬
678 940 1507 983 lichen Weise kokettiert. Unter den jüngeren
688 972 1507 1034 Schriftstellern, die den Wiener Typus mit be¬
685 1021 1509 1059 sonderer Deutlichkeit vertreten, ist einer der be¬
681 1060 1506 1108 merkenswertesten Arthur Schnitzler; seine
689 1094 1504 1142 Schauspiele „Liebelei“ und „Freiwild“ sind auch
685 1147 1516 1188 auf norddeutschen Bühnen vielfach gespielt worden.
677 1173 1513 1237 Liebelei, — das Wort könnte im Grunde dem
691 1234 1506 1303 gesamten Schaffen Schnitzlers als Motto dienen.
677 1298 1511 1341 Er hat eigentlich nur dies eine Thema, und er
683 1332 1516 1378 variiert es in nicht sehr abwechselungsreicher Weise.
692 1374 1518 1417 Mit frischerer Laune, die hier und da sich zur
689 1413 1507 1452 Satire und Ironie steigert, in seinen Dramen
685 1447 1516 1496 und Dialogen, mit sehr viel Empfindsamkeit in
679 1485 1513 1555 seinen Novellen. Um dieser Empfindsamkeit
687 1532 1506 1572 willen mögen naive Gemüter die ewige Liebelei
696 1575 1523 1609 mit Liebe verwechseln, aber wenn auch die Ge¬
698 1598 1519 1654 fühle, denen Schnitzler Ausdruck gibt, nicht gerade
687 1643 1516 1685 unecht oder erlogen sind, so ziehen sie doch mit
684 1679 1517 1735 so viel Pose aufdaen Argungen gar
675 1695 708 1749 1
691 1718 1505 1762 nicht die Rede sein kann. Daß diese Pose auf
679 1754 1506 1806 die Dauer nicht gerade ergötzlich, sondern eher
685 1793 1520 1839 einlullend wirkt, das merkt man, wenn man sich
683 1839 1515 1880 durch die jüngste Novellensammlung Schnitzlers
1375 1871 1463 1918 Hisch¬
687 1873 1348 1926 Die Frau des Weisen“ (Berlin, S
687 1891 1510 1950 hindurchgelesen, hindurchgeträumt, hindurch¬
696 1943 1515 1992 geschlafen hat. Das Buch nimmt sich zum großen
693 1984 1520 2037 Teil aus, als sei es vor dem Spiegel geschrieben;
695 2023 1525 2070 der Schreiber sitzt lässig hingelehnt und halb¬
698 2053 1525 2107 träumend da, seine Hand fährt zuweilen durch
685 2093 1520 2149 das weiche, lockige Haar und sein Mund flüstert
698 2133 1527 2192 leise die Namen der zwei Dutzend Geliebten, die
696 2187 1520 2225 er jede drei Monate lang angebetet und dann
693 2216 1523 2258 verlassen hat, wenn sie es nicht vorzogen, ihm
697 2257 1525 2309 rechtzeitig ein Schnippchen zu schlagen. Ja,
700 2305 1520 2346 unser Dichter kennt die Frauen; sie sind ent¬
694 2340 1518 2380 weder sehr naiv oder sehr raffiniert, am nettesten
693 2372 1517 2424 aber dann, wenn sie in der Blütezeit des Flirts
696 2424 1519 2466 sterben, da der Poet dann Gelegenheit hat, in
696 2453 1530 2503 ungetrübt reinen Erinnerungen, in entzückend
702 2504 1531 2549 schmerzlichen Stimmungen zu schwelgen. So sitzt
695 2535 1523 2579 er da und träumt und gähnt und wartet, ob
700 2568 1527 2619 nicht ein Photograph auf den herrlichen Einfall
705 2617 1523 2658 kommt, ihn in der interessantesten Stellung seines
697 2651 1527 2695 Daseins für die Nachwelt bildlich zu erhalten.
702 2696 1523 2741 Trotz aller Pose — boshafte Asthetiker könnten
698 2726 1534 2778 auch sagen: gerade ihretwegen — spricht ein echter
701 2772 1523 2814 Künstler aus dem Buche, ein Wiener Künstler,
708 2814 1523 2855 dem der Stil, die weiche fließende Form in erster,
705 2853 1531 2893 Stimmung und Gefühl in zweiter Linie stehen.
706 2884 1530 2934 der ein Empfinden von heißer Inbrunst, männ¬
708 2935 1535 2975 licher Kraft nur etwas unwillig in sich keimen
708 2970 1525 3015 läßt und all das Leben, das da Ringen in Ar¬
708 3000 1535 3049 beit, Denken, Begeisterung heischt, gern weit
708 3042 1529 3085 von sich vorüberrauschen sieht. Es ist nichts von
703 3082 1531 3132 Stamm und derbem, saftigem Kernholz in dem
705 3121 1525 3172 Buche, aber viel zierliches Gerank und zartes
705 3162 1537 3209 Blütenwerk ... Auf den Titel „Die Frau des
697 3198 1533 3240 Weisen“ hat eigentlich nur die erste der Novellen,
715 3238 1524 3290 nicht die ganze Sammlung Anspruch. Diese Art,
705 3277 1527 3326 sich um die Erfindung eines Gesamttitels herum¬
698 3319 1529 3361 zudrücken, ist leider schon gang und gäbe ge¬
710 3360 1537 3402 worden. Einer hat es vorgemacht, und halb
705 3388 1539 3443 aus Bequemlichkeit, halb aus Modesucht macht
708 3430 1537 3483 es alle Welt nach; vielleicht treibt man die Faul¬
706 3472 1529 3522 heit nech so weit, alle Titel aufzugeben, denn
717 3513 1533 3558 schließlich ist es nicht schwerer, den Inhalt von
717 3548 1532 3600 fünf Erzählungen in einem kurzen Begriff zu¬
721 3587 1544 3641 sammenzufassen, als den Inhalt einer einzelnen
719 3624 1535 3673 Geschichte. Jene knochenlose Weichlichkeit, mit
708 3667 1540 3714 der man Arthur Schnitzlers litterarische Eigen¬
708 3699 1538 3764 art zum großen Teil umschreiben kann, zeigt
708 3740 1546 3791 sich besonders in den drei Stücken des Buchs
718 3781 1530 3827 die betitelt sind, „Ein Abschied“, „Die Frau des
708 3824 1537 3869 Weisen“ „Blumen“. Zwei davon sind in der
1582 70 1990 147 reer
1560 131 2384 179 fremdes Lächeln, das zu ihm zu reden schien,
1554 171 2387 214 und er konnte es verstehen. Und das Lächeln
1558 215 2393 255 sagte: Ich habe dich geliebt, und nun stehst du
1566 248 2381 296 da wie ein Fremder und verleugnest mich. Sag'
1568 295 2385 336 doch, daß ich die Deine war, daß es dein Recht
1564 332 2379 372 ist, vor diesem Bette niederzuknieen und meine
1572 371 2381 414 Hände zu küssen. Warum sagst du's denn nicht?
1565 405 2384 442 Aber er wagte es nicht... Es trieb ihn aus der
1561 441 2388 494 Nähe des Hauses, und er eilte tief beschämt durch
1562 477 2380 532 die Straßen; denn ihm war, als dürfe er nicht
1565 518 2387 575 trauern wie die anderen, als hätte ihn seine
1568 558 2373 602 tote Geliebte davon gejagt, weil er sie verleugnet.“
1569 595 2387 655 Zum Entgelt „verleugnet“ in der Schlußerzählung
1572 642 2395 690 „Die Toten schweigen“ die Frau den ihr jäh¬
1568 672 2385 722 lings entrissenen Geliebten. Bei einer abendlichen
1576 723 2391 768 Fahrt, die irgend ein Franz mit der angebeteten
1581 760 2395 800 Gattin eines Anderen macht, wird Franz aus dem
1580 804 2393 842 Wagen geschleudert und bleibt auf der Stelle tot.
1579 829 2397 882 Während der Kutscher forteilt, um Hilfe herbei¬
1574 878 2399 924 zuholen, überlegt Emma, die Gattin und Geliebte,
1569 906 2400 951 daß sie für immer gerichtet und verloren sei,
1570 959 2397 998 wenn man sie in Gesellschaft des Toten entdecke:
1571 994 2403 1038 das sündige Verhältnis, das sie sorglich geheim
1581 1025 2402 1079 gehalten, kommt dann ohne weiteres an den Tag;
1575 1065 2399 1110 dem Toten aber nützt es nichts, wenn die Lebende
1582 1110 2398 1155 beider Schuld büßen muß. In solcher Erwägung
1583 1150 2389 1204 hält es Emma für das Beste, sich, ehe der Kutscher
1575 1183 2399 1242 zurückkommt, hinwegzuschleichen und zu ihrem
1582 1228 2398 1278 Gatten heimzukehren, als ob nichts geschehen sei;
1591 1262 2390 1309 Sie denkt's und führt den Entschluß aus ...
1582 1301 2402 1350 Fast noch tiefsinniger ist die Geschichte von den
1580 1334 2405 1395 „Blumen“. Da in Schnitzlers Poetenreich die
1581 1375 2397 1427 Sterblichkeit arg grassiert, so ist auch „sie“ (die
1573 1420 2400 1466 Namenlose) eines Tages vom Tode hinweggerafft
1584 1455 2404 1507 worden. Als letzten Gruß hat sie „ihm“ einen
1578 1490 2393 1544 Blumenstrauß zugesandt, den „er“ zu ewigem
1579 1527 2392 1577 Gedenken ins Wasserglas stellt und das Glas auf
1588 1569 2413 1620 den Schreibtisch. Bald aber findet „er“ (nicht
1561 1637 2385 1707 der Blumenstrauß, sondern der Liebende) in
1557 1691 2385 1752 seiner Einsamkeit eine Trösterin; das blonde
1560 1735 2389 1792 Gretel“ sucht die Erinnerung an die Tote zu
1548 1775 2373 1820 besiegen. Und solange sie bei „ihm“ weilt, ge¬
1557 1819 2381 1860 lingt ihr das leicht. Aber wenn sie fort ist, ge¬
1561 1853 2384 1899 winnen die Blumen wieder Macht und rusen
1567 1879 2378 1941 ihr“ Bild zurück. Als Gretel das merkt, wirft
1562 1923 2380 1977 sie kurzer Hand den welken Strauß aus dem
1550 1977 2387 2012 Fenster, und nun ist die Tote ganz tot, die
1557 2008 2383 2057 Lebende behält das Feld allein... Diese kleinen
1550 2038 2379 2088 Geschichten erfreuen durch allerlei künstlerische
1551 2079 2390 2123 Feinheiten. Die Sprache hat nichts Blendendes,
1559 2125 2387 2166 sie überrascht nirgendwo durch neugeschmiedete
1558 2163 2391 2205 Worte, durch ungewohnte Bilder, aber sie ist
1557 2204 2393 2250 leicht und voll gefälliger Anmut. Wäre aber die
1556 2236 2386 2291 Kunst, die Schnitzler zu Gebote steht, auch
1557 2293 2381 2326 noch dreimal größer, so könnte sie doch den In¬
1560 2318 2390 2359 halt der Erzählungen nicht interessant machen,
1558 2358 2393 2412 wenigstens in höherem ernsterem Sinne nicht.
1560 2401 2383 2445 Dieses ewige Gegirre wirkt auf ein gesundes
1557 2440 2386 2489 Gefühl auf die Dauer unerträglich, und daß
1566 2478 2383 2522 Schnitzler seine und Anderer Liebeleien vielfach
1564 2521 2385 2562 so wichtig nimmt, sie mit so schwermütiger Pose
1559 2552 2387 2609 vorträgt, das macht die Sache nicht eben besser.
1568 2591 2389 2644 Begegnet uns im Leben ein Mensch, der absolut
1572 2643 2387 2679 nichts anderes weiß, als von seinem Mädchen
1573 2687 2386 2721 zu reden, so werden wir uns sehr zusammen¬
1572 2709 2391 2757 nehmen müssen, um nicht ein Kosewort wie
1576 2746 2396 2802 „Trottel“ oder dergleichen an den Mann zu
1568 2787 2389 2829 bringen. Ich wüßte nicht warum es in der
1565 2835 2391 2877 Litteratur anders sein sollte. Möchte sich so ein
1564 2866 2393 2914 voctischer Schürzenjäger auf Goethe berufen, so
1568 2902 2385 2955 wäre das fast blasphemisch; selbst der junge
1565 2943 2375 2996 Goethe hat bereits neben der „Stella“ den „Götz“
1563 2996 2391 3035 geschrieben und auch im „Werther“ ist noch von
1574 3036 2385 3077 anderen Dingen die Rede, als von sexueller Liebe, —
1571 3071 2402 3112 von Dingen, die dem Geschlecht der Schnitzler über
1571 3108 2405 3158 allen Horizont hinaus zu liegen scheinen. Kenn¬
1567 3141 2395 3190 zeichnend für diese modernen Poeten Wiens ist
1576 3177 2394 3228 die Art und Weise, wie in dem vorliegenden
1570 3217 2403 3273 Buche der Ehebruch behandelt wird. Geradezu
1576 3263 2391 3308 als etwas Selbstverständliches. Die „Liebenden“.
1574 3301 2396 3346 die Schnitzler vorführt, brechen Ehen mit dem¬
1577 3339 2391 3387 selben Gleichmut wie Rosenknospen, und wenn ein¬
1573 3373 2395 3417 mal einer oder eine von Bedenken geplagt wird,
1571 3424 2384 3460 so fürchten sie höchstens eine Entdeckung oder den
1573 3452 2393 3497 Klatsch der Leute; mit Gewissensunruhe, mit „social¬
1576 3501 2401 3550 psychologischen“ Erwägungen quälen sie sich nicht.
1762 3623 2215 3722 a er
