3336 4252
1475 224 1929 308 box 35/6
607 225 1142 303 rau des Nei
951 243 1313 332 sen
204 242 807 340 1.9ie
1478 1046 1841 1101 Telefon 12801.
1191 1131 2123 1217 Unternehmen für Zeitungs-Ausschnitte
2170 1171 2391 1230 Ausschnitt
2124 1210 2398 1331 Nr. 52
1338 1211 1941 1331 „OBSERVER“
801 1188 1176 1354 N105
942 1338 2377 1392 I. österr. behördl. concess. Bureau für Zeitungsberichte und Personalnachrichten
1236 1389 2086 1477 Wien, IX/1 Türkenstrasse 17.
1128 1482 2188 1534 Filiale in Budapest: „Figyelö“, VIII. Josefsring ,31 a. —
910 1606 2128 1707 Ausschnitt aus des Wiener Tagblatt
928 1780 1365 1874 vom 2.40.1817.
1441 2047 1890 2157 Vom Teletische.
1237 2139 2184 2201 * Die Frau des Weisen. Noveletten von
1152 2180 2182 2242 Arthur Schnitzler. Berlin 8, Fischer's Verlag. — Die
1152 2228 2178 2275 Gesammköszeichnung der in dem hübschen Bande ge¬
1157 2263 2188 2317 sammelten Arbeiten als „Noveletten“ ist das allein Alt¬
1156 2311 2171 2353 modische, die Concession, die Schnitzler an das Ueber¬
1146 2339 2173 2392 kommene macht. Vielleicht geschah es nur deshalb, weil
1154 2385 2167 2429 eine der Darbietungen an französische Manier anklingt,
1160 2408 2168 2456 der „Ehrentag“. Und gerade diese Erzählung ist die minder¬
1149 2444 2172 2500 werthige; in ihr ist Schnitzler am wenigsten Schnitzler.
1153 2491 2176 2538 Denn er hat seine markante Eigenart, die sich am klarsten
1159 2527 2176 2579 in „Abschied" und „Die Todten schweigen“ zeigt, zwei
1152 2562 2180 2617 Gegenstücken feinsinniger, psychologischer Wahrheiten im
1154 2605 2183 2654 Geiste unserer Zeit, den Empfindungen unserer Tage ent¬
1161 2636 2181 2688 sprechend. Schnitzler läßt sich tragen von dem modernen
1164 2680 2171 2726 Liebesleben und Liebebeurtheilen, er schildert es aber, wie es
1151 2717 2181 2763 sich in seiner schwermüthig=weichen Seele widersviegelt. Der
1156 2749 2172 2791 melancholische Zug seines Charakters als Schriftsteller bringt
1155 2792 2178 2848 die schönsten, die zartesten und die sinnigsten Wendungen
1163 2829 2187 2874 und Betrachtungen. Die Poesie des Vergehens lockt ihn
1160 2855 2190 2910 immer und lohnt seine liebevolle Hingabe an die Schatten,
1160 2903 2187 2949 die auf den Lebensweg fallen, mit dichterischen Erfolgen.
1161 2937 2178 2982 Er weiß zu schildern und er weiß, etwas zu sagen. An
1161 2975 2175 3027 Allerseelenbemerkungen wie „Jedes Wesen ist erst dann
1165 3012 2181 3061 todt, wenn auch alle die gestorben sind, die es gekannt
1162 3045 2193 3098 haben“ oder „Was ist das Lebendige? Ich kann die
1169 3086 2195 3132 Vorhänge herablassen und die Sonne ist todt“ kann kein
1169 3119 2193 3185 Leser vorbeihasten, ohne eine Pause eintreten zu lassen.
933 3157 2181 3208 Far 50 Zei Solche Pausen ehren den Schriftsteller. Die Gestalten,
1020 3189 1129 3237 100
1167 3188 2339 3240 die er zeichnet, sind der Reflexion verfallen, aus der inclusive
2175 3229 2309 3266 Porto.
1016 3232 1118 3275 200
1172 3235 2321 3287 Reflexion heraus erstehen die Conflicte. Die Accente der Zahlbar
1007 3267 1122 3314 500
1164 3275 2348 3343 Kraft findet Schnitzler fast ausschließlich für innere, m Voraus
963 3307 1124 3369 „ 1000
2063 3310 2196 3357 schen
1172 3312 2065 3365 seelische Leiden; dem Brutalen geht er
1052 3349 1635 3404 Im Gaus dem Wege, er
1637 3342 2387 3409 zählt zu den „schämigen, ist das
1388 3384 2384 3449 Eine weichgestimmte Natur hegt er edie # es den
940 3390 1387 3449 Abonnement Modernen.
927 3432 2177 3479 Abonnenten Instincte. Frauen, die Chopin gerne spielen, müssen
2183 3439 2279 3495 ern.
1180 3460 2179 3502 Schnitzler gerne lesen. Daß er dem künstlerischen Ruhme
1172 3498 2182 3543 Wiens zur Ehre gereicht, das bezeugen auch diese
1170 3534 2186 3584 Noveletten. Mit Befriedigung darf constatirt werden, daß
1174 3551 2201 3619 er seine Gemeinde in Deutschland und auch in Frankreich
1168 3606 2205 3667 gefunden hat. Das ist begreiflich; Schnitzler bringt die
1149 3645 2041 3719 Note des deutschen Gemüthes in die „Moderne“.
