3392 4384
119 358 1880 446 1. Die Frau des Neisen box 35/6
1249 1174 1584 1267 COSMOPOLIS.
736 1278 2110 1373 den (viellach in Unfug ausartenden) Volks-Pranger der
727 1344 2107 1421 “ Haberer.“ Wer immer an dem Bund dieser bäuerlichen
729 1414 2109 1477 Rügegerichte teilnahm, sollte nicht nur im Kerker büssen. Die
724 1478 2116 1551 Kirche bannte ihn und verweigerte ihm das Grab in geweihter
732 1543 2115 1616 Erde. Anfangs trotzen die starken Selbsthelfer solchen
726 1589 2118 1654 Drohungen. Die Heldenjungfrau Wiltraud, ein Ausbund
731 1660 2116 1746 aller Jugend, Tugend und Schönheit, fügt sich indessen nicht
736 1727 2106 1797 dem Machtgebot eines starrsinnigen, fanatischen Priesters.
733 1789 2116 1854 Als Der die Leiche ihres —zum Ueberfluss unschuldig als
729 1857 2105 1923 “ Haberer“ bestraften — Bruders ausserhalb der Friedhof¬
724 1906 2105 1972 mauer, wie einen toten Hund, verscharren lässt, schleicht sie
727 1981 2099 2055 in nachtschlafender Zeit auf den Gottesacker, gräbt die Leiche
735 2039 2111 2101 aus und trägt sie mit übermenschlicher Kraft zu der in ge¬
738 2096 2107 2156 weihter Erde ruhenden Gruft des Vaters hinüber. Der
738 2148 2108 2224 Heroismus der neuen Antigone rührt ihren Hämon, den
728 2212 2100 2295 bedauernswerten Sohn eines von den“ Haberern“ hart heim¬
731 2278 2109 2353 gesuchten Dorfwucherers und — kann es in den bayrischen
737 2335 2100 2405 Bergen einen ärgeren Frevler geben? — Bier-Verfälschers.
732 2398 2102 2471 Er bekennt sich zur Schuld, derentwillen Wiltrauds Bruder
729 2466 2107 2535 ungerechter Weise im Zuchthaus sitzen musste. Der Pfarr¬
737 2543 2105 2598 herr sicht ein, dass er zu weit gegangen. Antigone bleibt am
739 2584 2067 2642 Leben. Sie wird Hämons Gattin, Mutter vieler Kinder und —
730 2646 2106 2728 wenn der Geist der Mutter unserer Dichterin Wilhelmine von
728 2714 2108 2775 Hillern — Charlotte Birch-Pfeiffer — nicht ganz vom Erdboden
740 2772 2105 2835 verschwunden bleibt — früher oder später die Hauptrolle eines
723 2824 2101 2908 griechisch-deutschen Bauern-Schauspiels: Autigone rediviva.
731 2910 2110 2969 An geräuschvollen Volksscenen würde es nicht fehlen. Statt
739 2949 2106 3011 der unleidlichen Theater-Bauern und ihrer Schuhplattl-Tänze
730 3017 2102 3095 gäbe es regelrechte Schlachten der vermummten Haberer mit
739 3080 2091 3158 der Gensdarmerie. Und gegen die Neubelebung der altüber¬
737 3139 2102 3204 lieferten Sophokleischen Dichtung wäre an sich nichts einzu¬
730 3200 2099 3263 wenden. Schrieb nicht Turgenjew einen König Lear der
735 3257 2103 3320 Steppe? Ist nicht Balzacs Père Goriot ein bürgerlicher Lear?
728 3324 2109 3385 Und hat nicht Gottfried Keller an den Eingang seiner Novelle
741 3391 1946 3467 “ Romeo und Julie auf dem Dorfe“ die Worte gesetzt:
772 3473 2098 3534 Diese Geschichte zu erzählen, würde eine müssige Nachahmung sein
731 3536 2107 3593 wenn sie nicht auf einem wirklichen Vorfall beruhte, zum Beweise, wie
733 3571 2111 3625 tief im Menschenleben jede jener Fabeln wurzelt, auf welche die grossen
724 3630 2124 3701 alten Werke gebaut sind. Die Zahl solcher Fabeln ist mässig; aber stets
3165 1154 3315 1250 kurs
2686 1253 2882 1343 treten sie
3192 1242 3307 1337 nde
3221 1326 3311 1400 alte
3191 1403 3308 1484 nan
3219 1933 3320 2014 treit
3164 1998 3322 2067 : denn
2715 2058 3309 2143 man Kinder und Sperlinge
2718 2121 3317 2214 wir wiederholen sein denkwü
3022 3881 3190 3949 ——
3115 4159 3197 4262 1
