3392 4219
1470 296 1915 385 box 35/6
714 307 1114 375 des Nei
330 319 397 381 D
890 317 1358 411 isen
160 316 824 421 1 Frau—
257 714 1372 810 —
778 826 1166 901 Telefon 12801.
185 804 584 959 N 105
504 922 1441 1016 Unternehmen für Zeitungs-Ausschnitte
1478 962 1712 1028 Ausschnitt
1422 964 1715 1122 u. 30
618 1036 1291 1120 „OBSERVER
234 1126 1724 1193 österr. behördl. concess. Bureau für Zeitungsberichte und Personalnachric“:
537 1184 1406 1273 Wien, IX/1 Türkenstrasse 17.
467 1265 1468 1356 — Filiale in Budapest: „Figyelö“, VIII. Josefsring 31a. —
222 1405 1484 1518 Ausschnitt aus: „Illustr. Wiener Extrablail“
792 1538 1158 1632 2 7 MAl1898
239 1598 393 1669 vom
552 1689 1543 1779 —* Von Arthur Schnitzler ist bei S. Fischer,
490 1749 1530 1808 dem Verleger der jungen Schriftsteller=Generation, ein
512 1810 1531 1864 neuer Novellenband erschienen. „Die Frau der.
507 1845 1528 1901 Weisen“ heißt das Buch nach einer der fünf stark und
514 1900 1523 1946 geheimnißvoll duftenden Blüten, die hier zu einem kost¬
517 1934 1532 1989 baren Strauß gebunden sind. Man braucht heute Schnitzler
513 1986 1529 2042 nicht mehr zu entdecken, den Erzähler in ihm ebensowenig,
514 2013 1536 2070 als den Dramatiker. Seitdem zum ersten Male — und es
519 2060 1519 2111 mag nebenbei erwähnt werden, daß es in diesen Blättern
518 2110 1533 2160 geschah — das Lob dieses starken und eigenartigen
509 2147 1529 2195 Talentes gesungen wurde, hat der Erfolg des lärmenden
516 2192 1516 2243 Marktes der kleinen Gemeinde literarischer Feinschmecker
515 2232 1534 2285 unumwunden Recht gegeben. Sein jüngster Band enthält
510 2277 1529 2339 namentlich eine Novellette, die unumwunden als ein
521 2311 1523 2374 Meisterstück bezeichnet werden darf. „Die Todten schwei¬
524 2364 1529 2414 gen“, eine Geschichte, in der wenig, sehr wenig
517 2403 1528 2461 vorgeht. Die verheiratete Frau und ihr Geliebter
514 2440 1529 2487 unternehmen an einem stürmischen Herbstabend eine
521 2483 1527 2538 Wagenfahrt. In der Allee, die zur Reichsbrücke führt.
524 2526 1529 2575 Dort ist sie sicher, nicht gesehen zu werden. Der Wagen
522 2577 1525 2627 verunglückt, ihr Begleiter fällt auf einen Schotterhaufen, so
521 2614 1528 2665 furchtbar, daß er nach wenigen Minuten stirbt. Während
528 2656 1527 2718 der Kutscher um Hilfe eilt, übermannt sie die Feigheit, die
524 2696 1530 2748 Lust am Leben. Sie fürchtet, daß man sie hier finden,
519 2743 1523 2805 daß man sie fragen wird: „Wer sind Sie? . . .“ Daß sie
521 2782 1534 2843 mit auf die Polizei muß, daß alle Menschen es erfahren
529 2825 1526 2893 werden, daß ihr Mann — daß ihr Kind ... Und sie
528 2867 1529 2915 flieht, sie läßt die Leiche des Geliebten allein. Eine
526 2912 1530 2965 Stunde später sitzt sie am Theetisch, ihrem Manne gegen¬
350 2943 524 3013 50 Zeitu
526 2957 1536 3014 über. Und während er sie umarmt, denkt sie: Er wird
230 2953 340 3012 Für
1517 2974 1634 3031 üsive
319 2998 418 3044 100
519 2999 1523 3066 es Niemandem sagen, wird sich nie rächen, nie ... er ist
1518 3023 1606 3057 to.
318 3040 425 3083 200
520 3047 1618 3095 todt ... er ist ganz gewiß todt ... und die Todten albar
319 3076 418 3122 500
522 3075 1627 3144 schweigen. „Warum sagst Du das?“ hörte sie plötzlich (ora¬
269 3111 424 3180 „ 1000
529 3125 1516 3185 die Stimme ihres Mannes. „Die Todten schweigen“
354 3157 518 3215 Im Geg
533 3164 1596 3226 hat sie laut gesagt. Lange sehen sich die Beiden ist
1526 3194 1602 3247 es
246 3200 515 3259 Abonnement
528 3209 1541 3260 an und Sie weiß, daß sie diesem Manne, den
1517 3237 1585 3298 n.
234 3238 519 3297 Abonnenten kr
518 3251 1535 3304 sie durch Jahre betrogen hat, im nächsten Augenblicke die
520 3297 1529 3351 ganze Wahrheit sagen wird. Auch der Leser weiß es, es
517 3334 1532 3390 kerscheint ihm so natürlich, so unabwendbar, die dichterische
503 3390 1523 3443 Mraft des Autors drängt sein ganzes Denken und Fühlen
519 3428 1527 3477 auf die vorgezeichnete Bahn. Oder „Ein Abschied“, die
510 3460 1522 3505 Geschichte des Liebhabers, der weiß, daß Sie im Sterben
519 3494 1536 3556 liegt, und zu ihr, der verheirateten Frau, nicht gehen darf,
508 3538 1549 3610 bis ihm bei dem Todtenbett der Geliebten deren Mann
519 3589 1537 3653 mit verweinten Augen die Hand drückt, wie dem nächst¬
516 3630 1537 3696 besten Leidtragenden, den die Convention hergebracht hat.
513 3664 1535 3743 „Und es trieb ihn aus der Nähe des Hauses, und er eilte
519 3707 1531 3785 tief beschämt durch die Straßen; denn ihm war, als
518 3740 1538 3819 dürfe er nicht trauern, wie die Anderen, als hätte ihn
518 3809 1522 3862 seine todte Geliebte davongejagt, weil er sie verleugnet —“
511 3837 1530 3905 Das Meisterwerk eines Dichters hat uns Arthur
521 3871 1540 3939 Schnitzler bescheert, es bedeutet einen Peit nhieb
518 3910 1536 3984 gegen alle Jene, die noch immer die Autorei.  der
511 3962 1552 4021 „Schule“ numeriren und classificiren und über die pr. tive
520 4012 1537 4076 Leistungsfähigkeit der „Moderne“ so vernichtende Urtheile
1348 4047 1557 4122 st—g.
507 4059 908 4131 zum Besten geben.
1992 1238 2829 1401 terau Jumnd¬
1772 1466 2120 1587 #e 446
2703 1466 3056 1592 2.48 18
1926 1763 2980 1837 Von Arthur Schnitzler ist bei S. Fischer, dem Ver¬
1789 1826 2956 1895 legereder jungen Schriftsteller=Generation, ein neuer Novellenband
1823 1865 2961 1934 ienen. „Die Frau der Weisen“ heißt das Buch nach
1773 1928 2959 1960 #fler der fünf stark und geheimnißvoll duftenden Blüthen, die hier
1780 1950 2966 2016 zu einem kostbaren Strauß gebunden sind. Man braucht heute
1799 1974 2959 2049 Schnitzler nicht mehr zu entdecken, den Erzähler in ihm ebenso
1804 2020 2961 2095 wenig wie den Dramatiker. Seitdem zum ersten Male das Lob
1801 2066 2970 2128 dieses starken und eigenartigen Talents gesungen wurde, hat der
1804 2121 2961 2166 Erfolg des lärmenden Marktes der kleinen Gemeinde literarischer Fein¬
1808 2152 2963 2213 schmecker unumwunden Recht gegeben. Sein jüngster Band enthält
1810 2190 2961 2251 nameutlich eine Novelette, die unumwunden als ein Meisterstück
1801 2211 2971 2294 bezeichnet werden darf. „Die Todten schweigen“, eine Geschichte,
1803 2268 2964 2335 in der wenig, sehr wenig vorgeht. Die verheirathete Frau und
1813 2311 2968 2381 ihr Geliebter unternehmen an einem stürmischen Herbstabend eine
1814 2351 2966 2417 Wagenjahrt. In der Allee, die zur Reichsbrücke führt. Dort ist
1810 2395 2947 2450 sie sicher, nicht gesehen zu werden. Der Wagen verunglückt, ihr
1819 2441 2955 2503 Begleiter fällt auf einen Schotterhaufen, so furchtbar, daß er nach
1818 2500 2962 2537 wenigen Minuten stirbt. Während der Kutscher um Hilfe eilt,
1820 2532 2971 2586 übermannt sie die Feigheit, die Lust am Leben. Sie fürchtet, daß
1820 2570 2960 2615 man sie hier finden, daß man sie fragen wird: „Wer sind Sie?...“
1810 2594 2959 2655 Daß sie mit auf die Polizei muß, daß alle Menschen es erfahren
2629 2634 2949 2694 Und sie flieht, sie
1814 2652 2632 2699 werden, daß ihr Mann — daß ihr Kind ...
1810 2683 2948 2755 läßt die Leiche des Geliebten allein. Eine Stunde später sitzt sie
1816 2724 2969 2779 am Theetisch, ihrem Manne gegenüber. Und während er sie
1815 2754 2976 2823 umarmt, denkt sie: Er wird es Niemandem sagen, wird sich nie
1821 2798 2969 2861 rächen, nie . . . er ist todt . . . er ist ganz gewiß todt . . . und
1819 2839 2973 2900 die Todten schweigen. „Warum sagst Du das?“ hört sie plötzlich
1819 2886 2973 2949 die Stimme ihres Mannes. „Die Todten schweigen“ hat sie laut
1819 2919 2976 2995 gesagt. Lange sehen sich die Beiden an und sie weiß, daß sie
1816 2973 2969 3033 diesem Manne, den sie durch Jahre betrogen hat, im nächsten
1824 3005 2982 3068 Augenblicke die ganze Wahrheit sagen wird. Auch der Leser
1818 3050 2976 3114 weiß es, es erscheint ihm so natürlich, so unabwendbar, die
1815 3088 2981 3144 dichterische Kraft des Autors drängt sein ganzes Denken und Fühlen
1826 3128 2977 3183 auf die vorgezeichnete Bahn. Oder „Ein Abschied“, die Geschichte
1821 3164 2980 3226 des Liebhabers, der weiß, daß Sie im Sterben liegt, und zu ihr,
1821 3206 2978 3282 der verheiratheten Frau, nicht gehen darf, bis ihm bei dem Todten¬
1823 3250 2979 3312 bett der Geliebten deren Mann mit verweinten Augen die Hand
1826 3291 2963 3352 drückt wie dem nächstbesten Leidtragenden, den die Konvention
1825 3329 2975 3403 hergebracht hat. „Und es trieb ihn aus der Nähe des Hauses
1830 3385 2976 3432 und er eilte tief beschämt durch die Straßen; denn ihm war, als
1832 3410 2979 3471 dürfe er nicht trauern wie die Anderen, als hätte ihn seine todte
2710 3453 2978 3508 Das Meister¬
1828 3453 2675 3523 Geliebte davongejagt, weil er sie verleugnet —
1829 3487 2988 3548 werk eines Dichters hat uns Arthur Schnitzler bescheert,
1828 3532 2992 3592 es bedeutet einen Peitschenhieb gegen alle Jene, die noch immer
1828 3588 2983 3631 die Autoren nach der „Schule" numeriren und klassifiziren und
1828 3614 3002 3684 über die positive Leistungsfähigkeit der „Moderne“ so vernichtende
1829 3671 2327 3742 Urtheile zum Besten geben.
