<?xml version="1.0" encoding="UTF-8" standalone="yes"?>
<PcGts xmlns="http://schema.primaresearch.org/PAGE/gts/pagecontent/2013-07-15" xmlns:xsi="http://www.w3.org/2001/XMLSchema-instance" xsi:schemaLocation="http://schema.primaresearch.org/PAGE/gts/pagecontent/2013-07-15 http://schema.primaresearch.org/PAGE/gts/pagecontent/2013-07-15/pagecontent.xsd">
    <Metadata>
        <Creator>prov=University of Rostock/Institute of Mathematics/CITlab/Gundram Leifert/gundram.leifert@uni-rostock.de:name=ONB_Newseye_GT_M1+(htr_id=10810)::::v=2.4.2
prov=University of Rostock/Institute of Mathematics/CITlab/Tobias Gruening/tobias.gruening@uni-rostock.de:name=de.uros.citlab.module.baseline2polygon.B2PSeamMultiOriented:v=2.4.2
prov=University of Rostock/Institute of Mathematics/CITlab/Tobias Gruening/tobias.gruening@uni-rostock.de:name=/mnt/transkribus/LA/DEA/URO/LA_news_onb_att.pb:de.uros.citlab.segmentation.CITlab_LA_ML:v=2.4.2
Transkribus</Creator>
        <Created>2019-10-07T13:52:30.325+02:00</Created>
        <LastChange>2019-10-08T23:10:54.883+02:00</LastChange>
        <TranskribusMetadata docId="224099" pageId="9510804" pageNr="33" tsid="16614361" status="IN_PROGRESS" userId="40391" imgUrl="https://files.transkribus.eu/Get?id=NJMCWONMYGRJRPBFGQOLXVYX&amp;fileType=view" xmlUrl="https://files.transkribus.eu/Get?id=VLPJXKOWQIVYETTREQSWZESE" imageId="6199328"/>
    </Metadata>
    <Page imageFilename="224099_0033.jpeg" imageWidth="3284" imageHeight="4058">
        <ReadingOrder>
            <OrderedGroup id="ro_1711444193693" caption="Regions reading order">
                <RegionRefIndexed index="0" regionRef="r1"/>
                <RegionRefIndexed index="1" regionRef="r2"/>
                <RegionRefIndexed index="2" regionRef="r3"/>
                <RegionRefIndexed index="3" regionRef="r4"/>
            </OrderedGroup>
        </ReadingOrder>
        <TextRegion orientation="0.0" id="r1" custom="readingOrder {index:0;}">
            <Coords points="153,176 153,328 225,328 225,176"/>
            <TextLine id="r1l1" custom="readingOrder {index:0;}">
                <Coords points="144,299 157,301 184,288 196,288 213,297 218,294 233,296 234,258 222,258 184,221 168,222 160,216 146,216"/>
                <Baseline points="153,276 189,277 225,278"/>
                <TextEquiv>
                    <Unicode>1.</Unicode>
                </TextEquiv>
            </TextLine>
            <TextEquiv>
                <Unicode>1.</Unicode>
            </TextEquiv>
        </TextRegion>
        <TextRegion orientation="0.0" id="r2" custom="readingOrder {index:1;}">
            <Coords points="272,139 272,4000 2280,4000 2280,139"/>
            <TextLine id="r2l1" custom="readingOrder {index:0;}">
                <Coords points="1955,210 1986,214 2016,195 2046,205 2074,188 2100,202 2117,185 2182,206 2234,184 2279,185 2279,142 2229,132 2212,149 2143,151 2127,142 2064,154 2038,137 1956,148"/>
                <Baseline points="1964,169 1989,170 2015,171 2040,172 2066,172 2091,172 2117,172 2142,172 2168,172 2193,172 2219,171 2244,171 2270,171"/>
                <TextEquiv>
                    <Unicode>— —</Unicode>
                </TextEquiv>
            </TextLine>
            <TextLine id="r2l2" custom="readingOrder {index:1;}">
                <Coords points="1428,266 1478,287 1586,281 1634,259 1691,283 1882,273 1882,216 1841,204 1676,209 1638,226 1607,207 1525,227 1428,207"/>
                <Baseline points="1437,264 1462,264 1488,264 1513,264 1539,265 1565,265 1590,265 1616,265 1642,266 1667,266 1693,267 1719,267 1744,267 1770,267 1796,267 1821,267 1847,266 1873,266"/>
                <TextEquiv>
                    <Unicode>box 35/6</Unicode>
                </TextEquiv>
            </TextLine>
            <TextLine id="r2l3" custom="readingOrder {index:2;}">
                <Coords points="942,271 950,271 959,277 971,273 983,277 995,271 1005,271 1012,276 1023,275 1021,219 1011,221 1000,216 988,218 981,211 968,215 956,214 952,210 940,211"/>
                <Baseline points="950,265 982,267 1014,263"/>
                <TextEquiv>
                    <Unicode>W</Unicode>
                </TextEquiv>
            </TextLine>
            <TextLine id="r2l4" custom="readingOrder {index:3;}">
                <Coords points="263,310 998,315 1282,272 960,277 789,215 262,241"/>
                <Baseline points="272,294 322,294 372,294 422,294 472,294 522,293 572,293 622,292 672,292 722,291 773,290 823,290 873,289 923,288 973,288 1023,287 1073,287 1123,286 1173,286 1223,286 1274,286"/>
                <TextEquiv>
                    <Unicode>Die Fran des.—</Unicode>
                </TextEquiv>
            </TextLine>
            <TextLine id="r2l5" custom="readingOrder {index:4;}">
                <Coords points="1417,1087 1443,1089 1472,1115 1527,1116 1553,1101 1611,1122 1663,1104 1707,1110 1738,1095 1739,1050 1624,1060 1579,1055 1557,1039 1522,1054 1485,1036 1448,1056 1418,1051"/>
                <Baseline points="1425,1082 1450,1085 1475,1087 1501,1089 1526,1090 1551,1091 1577,1091 1602,1090 1627,1090 1653,1090 1678,1089 1703,1089 1729,1089"/>
                <TextEquiv>
                    <Unicode>COSMOPOLIS.</Unicode>
                </TextEquiv>
            </TextLine>
            <TextLine id="r2l6" custom="readingOrder {index:5;}">
                <Coords points="902,1213 1940,1219 2275,1167 2204,1125 2108,1160 1685,1128 1117,1173 1065,1141 902,1184"/>
                <Baseline points="910,1202 977,1201 1045,1200 1113,1199 1181,1198 1249,1197 1316,1197 1384,1196 1452,1195 1520,1195 1588,1194 1655,1193 1723,1193 1791,1192 1859,1191 1927,1191 1994,1190 2062,1190 2130,1189 2198,1189 2266,1189"/>
                <TextEquiv>
                    <Unicode>gesichter: Dutzenid-Lords und Dutzend-Weltdamen, Dutzend¬</Unicode>
                </TextEquiv>
            </TextLine>
            <TextLine id="r2l7" custom="readingOrder {index:6;}">
                <Coords points="903,1268 2007,1289 2275,1253 2140,1202 903,1222"/>
                <Baseline points="912,1256 979,1258 1047,1259 1115,1260 1182,1261 1250,1261 1318,1261 1385,1261 1453,1260 1521,1260 1589,1259 1656,1258 1724,1257 1792,1256 1859,1255 1927,1255 1995,1254 2062,1253 2130,1253 2198,1253 2266,1253"/>
                <TextEquiv>
                    <Unicode>Windbeutel und Dutzend-Sentimentale (wieviel Doppelgänger¬</Unicode>
                </TextEquiv>
            </TextLine>
            <TextLine id="r2l8" custom="readingOrder {index:7;}">
                <Coords points="900,1328 2272,1318 2271,1283 2142,1272 900,1287"/>
                <Baseline points="908,1323 975,1323 1043,1322 1111,1322 1179,1321 1246,1321 1314,1321 1382,1321 1450,1321 1517,1320 1585,1320 1653,1320 1721,1320 1788,1319 1856,1319 1924,1319 1992,1318 2059,1318 2127,1317 2195,1316 2263,1315"/>
                <TextEquiv>
                    <Unicode>innen hat nicht die schweigsame Maud“ mit den wunderbaren</Unicode>
                </TextEquiv>
            </TextLine>
            <TextLine id="r2l9" custom="readingOrder {index:8;}">
                <Coords points="901,1391 2205,1403 2272,1387 2272,1346 900,1353"/>
                <Baseline points="909,1383 976,1384 1044,1384 1112,1384 1180,1384 1247,1384 1315,1383 1383,1383 1451,1382 1518,1381 1586,1380 1654,1380 1722,1379 1789,1378 1857,1377 1925,1377 1993,1377 2060,1376 2128,1376 2196,1377 2264,1377"/>
                <TextEquiv>
                    <Unicode>ruhigen Augen, von der Farbe des Morgengrauens im Sec?).</Unicode>
                </TextEquiv>
            </TextLine>
            <TextLine id="r2l10" custom="readingOrder {index:9;}">
                <Coords points="900,1463 2117,1465 2268,1405 900,1411"/>
                <Baseline points="908,1449 975,1448 1043,1446 1110,1445 1178,1444 1246,1444 1313,1443 1381,1443 1448,1442 1516,1442 1584,1442 1651,1442 1719,1441 1786,1441 1854,1441 1921,1441 1989,1441 2057,1440 2124,1440 2192,1440 2260,1439"/>
                <TextEquiv>
                    <Unicode>Die Mitglieder der Fanariotengruppe wiederum — das patriar¬</Unicode>
                </TextEquiv>
            </TextLine>
            <TextLine id="r2l11" custom="readingOrder {index:10;}">
                <Coords points="902,1539 2270,1517 2270,1476 2138,1449 902,1468"/>
                <Baseline points="911,1504 978,1505 1046,1505 1113,1505 1181,1505 1248,1505 1316,1505 1383,1505 1451,1505 1518,1505 1586,1505 1654,1505 1721,1505 1789,1504 1856,1504 1924,1503 1991,1503 2059,1502 2126,1501 2194,1500 2262,1499"/>
                <TextEquiv>
                    <Unicode>chalische Elternpaar; der Brackenburg Aleko; der weltkluge,</Unicode>
                </TextEquiv>
            </TextLine>
            <TextLine id="r2l12" custom="readingOrder {index:11;}">
                <Coords points="897,1567 2271,1566 2128,1513 897,1539"/>
                <Baseline points="906,1571 973,1569 1041,1568 1109,1566 1177,1566 1245,1565 1312,1565 1380,1564 1448,1564 1516,1564 1584,1564 1651,1565 1719,1565 1787,1565 1855,1564 1923,1564 1990,1564 2058,1563 2126,1563 2194,1561 2262,1560"/>
                <TextEquiv>
                    <Unicode>hilf- und erfindungsreiche Onkel Logothet — sind den Rollen¬</Unicode>
                </TextEquiv>
            </TextLine>
            <TextLine id="r2l13" custom="readingOrder {index:12;}">
                <Coords points="906,1636 2026,1657 2233,1647 2265,1587 905,1586"/>
                <Baseline points="914,1635 981,1633 1048,1632 1115,1631 1182,1630 1249,1630 1316,1629 1384,1629 1451,1628 1518,1628 1585,1628 1652,1627 1719,1627 1786,1627 1854,1626 1921,1625 1988,1625 2055,1624 2122,1623 2189,1622 2257,1620"/>
                <TextEquiv>
                    <Unicode>fächern kleindeutscher Familienstücke entsprungen. Der</Unicode>
                </TextEquiv>
            </TextLine>
            <TextLine id="r2l14" custom="readingOrder {index:13;}">
                <Coords points="895,1697 2272,1695 2203,1637 895,1638"/>
                <Baseline points="904,1697 975,1696 1047,1695 1118,1694 1190,1693 1261,1692 1333,1692 1404,1691 1476,1690 1547,1689 1619,1689 1690,1688 1762,1687 1833,1687 1905,1686 1976,1686 2048,1686 2119,1685 2191,1685 2263,1685"/>
                <TextEquiv>
                    <Unicode>hyperromantische Rachedämon Panayotti endlich, der grimmige</Unicode>
                </TextEquiv>
            </TextLine>
            <TextLine id="r2l15" custom="readingOrder {index:14;}">
                <Coords points="908,1766 1684,1776 1739,1743 2216,1779 2281,1733 1803,1693 907,1720"/>
                <Baseline points="916,1759 983,1757 1051,1755 1119,1754 1187,1753 1255,1752 1323,1751 1390,1751 1458,1750 1526,1750 1594,1750 1662,1750 1730,1750 1798,1751 1865,1751 1933,1751 2001,1751 2069,1752 2137,1752 2205,1752 2273,1752"/>
                <TextEquiv>
                    <Unicode>Abkömmling des “grossen Panayotti,“ “ein furchtbarer Mensch,</Unicode>
                </TextEquiv>
            </TextLine>
            <TextLine id="r2l16" custom="readingOrder {index:15;}">
                <Coords points="908,1833 2273,1821 2247,1769 908,1793"/>
                <Baseline points="916,1819 983,1818 1050,1817 1118,1817 1185,1816 1253,1816 1320,1815 1387,1815 1455,1815 1522,1814 1590,1814 1657,1814 1724,1813 1792,1813 1859,1813 1927,1813 1994,1812 2061,1812 2129,1812 2196,1812 2264,1811"/>
                <TextEquiv>
                    <Unicode>nicht etwa schlecht oder niedrig, aber verschlossen, geheim¬</Unicode>
                </TextEquiv>
            </TextLine>
            <TextLine id="r2l17" custom="readingOrder {index:16;}">
                <Coords points="896,1883 2190,1894 2276,1884 2276,1823 895,1842"/>
                <Baseline points="904,1881 972,1880 1040,1879 1108,1879 1176,1878 1245,1878 1313,1878 1381,1877 1449,1877 1517,1877 1586,1877 1654,1877 1722,1877 1790,1877 1858,1876 1927,1876 1995,1875 2063,1875 2131,1874 2199,1873 2268,1872"/>
                <TextEquiv>
                    <Unicode>nisvoll, jeder Gewalttat fähig,“ soll nach Rudolf Lindaus</Unicode>
                </TextEquiv>
            </TextLine>
            <TextLine id="r2l18" custom="readingOrder {index:17;}">
                <Coords points="897,1950 2269,1962 2268,1910 2120,1886 897,1917"/>
                <Baseline points="906,1945 973,1944 1041,1943 1109,1942 1176,1941 1244,1940 1312,1939 1379,1939 1447,1938 1515,1937 1583,1937 1650,1936 1718,1936 1786,1935 1853,1935 1921,1935 1989,1934 2056,1934 2124,1933 2192,1933 2260,1933"/>
                <TextEquiv>
                    <Unicode>Ansicht seinen Stammbaum auf impulsive, maasslose Renais¬</Unicode>
                </TextEquiv>
            </TextLine>
            <TextLine id="r2l19" custom="readingOrder {index:18;}">
                <Coords points="910,2016 2203,2016 2266,2009 2266,1966 910,1970"/>
                <Baseline points="918,2006 985,2005 1052,2003 1119,2002 1186,2001 1253,2000 1320,2000 1387,1999 1454,1999 1521,1999 1588,1999 1655,1999 1722,1999 1789,1999 1856,1999 1923,1998 1990,1998 2057,1997 2124,1997 2191,1996 2258,1995"/>
                <TextEquiv>
                    <Unicode>sance-Naturen zurückführen. Ein Revenant ist er nun aller¬</Unicode>
                </TextEquiv>
            </TextLine>
            <TextLine id="r2l20" custom="readingOrder {index:19;}">
                <Coords points="908,2059 1671,2065 1728,2102 1816,2060 2276,2065 2195,2009 908,2033"/>
                <Baseline points="916,2070 983,2068 1051,2066 1118,2065 1186,2063 1254,2063 1321,2062 1389,2061 1456,2060 1524,2060 1592,2060 1659,2059 1727,2059 1794,2059 1862,2059 1929,2058 1997,2058 2065,2058 2132,2058 2200,2057 2268,2057"/>
                <TextEquiv>
                    <Unicode>dings: — schwerlich aus den Tagen von Cesare Borgia, eher</Unicode>
                </TextEquiv>
            </TextLine>
            <TextLine id="r2l21" custom="readingOrder {index:20;}">
                <Coords points="905,2128 2230,2141 2268,2067 905,2092"/>
                <Baseline points="914,2130 981,2129 1048,2127 1115,2126 1183,2126 1250,2125 1317,2124 1384,2124 1452,2124 1519,2123 1586,2123 1653,2123 1721,2123 1788,2122 1855,2122 1922,2121 1990,2121 2057,2120 2124,2119 2191,2117 2259,2116"/>
                <TextEquiv>
                    <Unicode>aus den Zeiten des Donizetti’sche# bel canto, ein zahmerer</Unicode>
                </TextEquiv>
            </TextLine>
            <TextLine id="r2l22" custom="readingOrder {index:21;}">
                <Coords points="904,2195 2253,2184 2129,2130 2042,2170 1756,2135 1268,2164 1215,2130 904,2161"/>
                <Baseline points="912,2189 978,2188 1045,2187 1111,2187 1178,2186 1245,2186 1311,2185 1378,2185 1445,2184 1511,2184 1578,2183 1645,2183 1711,2183 1778,2183 1845,2182 1911,2182 1978,2182 2045,2182 2111,2182 2178,2181 2245,2181"/>
                <TextEquiv>
                    <Unicode>Zwillingsbruder des Opernherzogs in “Lucrezia Borgia.</Unicode>
                </TextEquiv>
            </TextLine>
            <TextLine id="r2l23" custom="readingOrder {index:22;}">
                <Coords points="910,2261 2271,2251 2197,2198 2158,2230 2058,2193 910,2198"/>
                <Baseline points="918,2252 985,2250 1052,2249 1119,2248 1186,2248 1254,2247 1321,2247 1388,2247 1455,2247 1522,2247 1590,2248 1657,2248 1724,2248 1791,2248 1858,2248 1926,2248 1993,2247 2060,2247 2127,2246 2194,2244 2262,2243"/>
                <TextEquiv>
                    <Unicode>Nein! der Mann, moderne Mateo Falcones festzuhalten, den</Unicode>
                </TextEquiv>
            </TextLine>
            <TextLine id="r2l24" custom="readingOrder {index:23;}">
                <Coords points="896,2307 1386,2342 2273,2315 2273,2270 2217,2260 896,2264"/>
                <Baseline points="904,2310 972,2311 1040,2312 1108,2312 1176,2313 1244,2313 1312,2312 1380,2312 1448,2311 1516,2310 1584,2310 1652,2309 1720,2308 1788,2307 1856,2307 1924,2306 1992,2306 2060,2306 2128,2307 2196,2307 2264,2308"/>
                <TextEquiv>
                    <Unicode>Carmens und Colombas ebenbürtige Typen zu schaffen, ist</Unicode>
                </TextEquiv>
            </TextLine>
            <TextLine id="r2l25" custom="readingOrder {index:24;}">
                <Coords points="895,2397 1038,2401 1074,2378 1241,2412 1290,2391 1383,2386 1444,2408 1538,2391 1537,2323 1252,2350 1150,2326 981,2343 951,2323 895,2342"/>
                <Baseline points="903,2377 934,2377 965,2377 997,2377 1028,2377 1059,2377 1091,2376 1122,2375 1153,2374 1185,2374 1216,2373 1247,2372 1279,2371 1310,2371 1341,2370 1373,2370 1404,2370 1435,2371 1467,2372 1498,2373 1530,2374"/>
                <TextEquiv>
                    <Unicode>Rudolf Lindau gewiss nicht.</Unicode>
                </TextEquiv>
            </TextLine>
            <TextLine id="r2l26" custom="readingOrder {index:25;}">
                <Coords points="1545,2484 1570,2495 1585,2484 1596,2493 1607,2487 1635,2488 1641,2412 1631,2410 1621,2416 1615,2412 1597,2416 1583,2406 1561,2416 1551,2414"/>
                <Baseline points="1554,2473 1590,2479 1626,2479"/>
                <TextEquiv>
                    <Unicode>II.</Unicode>
                </TextEquiv>
            </TextLine>
            <TextLine id="r2l27" custom="readingOrder {index:26;}">
                <Coords points="938,2561 1886,2582 2253,2567 2263,2513 1986,2523 1745,2459 1623,2517 1080,2502 938,2546"/>
                <Baseline points="946,2559 1011,2559 1076,2558 1142,2558 1207,2557 1273,2557 1338,2557 1403,2557 1469,2557 1534,2557 1600,2557 1665,2557 1730,2556 1796,2556 1861,2556 1927,2555 1992,2555 2057,2554 2123,2553 2188,2551 2254,2549"/>
                <TextEquiv>
                    <Unicode>Lieber, unvergleichlich lieber als dieser und jeder andre</Unicode>
                </TextEquiv>
            </TextLine>
            <TextLine id="r2l28" custom="readingOrder {index:27;}">
                <Coords points="904,2631 1971,2645 2265,2621 2265,2589 903,2586"/>
                <Baseline points="912,2617 979,2617 1046,2617 1113,2617 1180,2617 1248,2617 1315,2617 1382,2617 1449,2617 1516,2617 1584,2617 1651,2616 1718,2616 1785,2616 1852,2615 1920,2615 1987,2614 2054,2613 2121,2612 2188,2611 2256,2610"/>
                <TextEquiv>
                    <Unicode>falsche Mérimée ist uns der echte Arthägsehniteler. Der Sam¬</Unicode>
                </TextEquiv>
            </TextLine>
            <TextLine id="r2l29" custom="readingOrder {index:28;}">
                <Coords points="908,2697 2006,2701 2209,2691 2269,2642 907,2654"/>
                <Baseline points="916,2683 983,2682 1050,2681 1117,2681 1184,2680 1252,2680 1319,2680 1386,2680 1453,2680 1520,2680 1588,2679 1655,2679 1722,2679 1789,2679 1856,2678 1924,2678 1991,2677 2058,2676 2125,2675 2192,2673 2260,2672"/>
                <TextEquiv>
                    <Unicode>melband seiner jüngsten Novelletten Die Frau des Weisen</Unicode>
                </TextEquiv>
            </TextLine>
            <TextLine id="r2l30" custom="readingOrder {index:29;}">
                <Coords points="909,2753 2208,2756 2261,2735 2261,2678 909,2726"/>
                <Baseline points="918,2747 984,2746 1051,2745 1118,2744 1184,2743 1251,2743 1318,2742 1384,2742 1451,2741 1518,2741 1585,2740 1651,2740 1718,2739 1785,2739 1851,2738 1918,2737 1985,2736 2051,2736 2118,2734 2185,2733 2252,2732"/>
                <TextEquiv>
                    <Unicode>(Berlin, Fischer, 1808) stcht durchaus und in durchweg erfreu¬</Unicode>
                </TextEquiv>
            </TextLine>
            <TextLine id="r2l31" custom="readingOrder {index:30;}">
                <Coords points="896,2820 2271,2809 2270,2742 895,2751"/>
                <Baseline points="904,2810 971,2809 1039,2807 1107,2806 1175,2805 1243,2804 1311,2803 1379,2802 1447,2801 1515,2801 1583,2800 1650,2799 1718,2799 1786,2798 1854,2798 1922,2797 1990,2797 2058,2796 2126,2796 2194,2795 2262,2795"/>
                <TextEquiv>
                    <Unicode>lichem Gegensatz zu““ Fanar und Mayfair.“ Während Rudolf</Unicode>
                </TextEquiv>
            </TextLine>
            <TextLine id="r2l32" custom="readingOrder {index:31;}">
                <Coords points="902,2874 2267,2863 2266,2827 2127,2806 902,2827"/>
                <Baseline points="910,2871 977,2868 1044,2867 1112,2865 1179,2864 1247,2863 1314,2863 1381,2862 1449,2862 1516,2861 1584,2861 1651,2861 1718,2861 1786,2861 1853,2860 1921,2860 1988,2860 2055,2859 2123,2858 2190,2857 2258,2856"/>
                <TextEquiv>
                    <Unicode>Lindau in die Freinde und Ferne schweift, wurzelt der Wiener</Unicode>
                </TextEquiv>
            </TextLine>
            <TextLine id="r2l33" custom="readingOrder {index:32;}">
                <Coords points="904,2939 2102,2942 2270,2926 2270,2881 903,2896"/>
                <Baseline points="912,2930 979,2930 1047,2929 1114,2928 1182,2928 1249,2928 1317,2927 1384,2927 1452,2926 1519,2926 1587,2925 1654,2925 1722,2924 1789,2924 1857,2923 1924,2923 1992,2922 2059,2922 2127,2921 2194,2920 2262,2920"/>
                <TextEquiv>
                    <Unicode>Dichter im Boden der Heimat. Spielt sich Lindau gern auf</Unicode>
                </TextEquiv>
            </TextLine>
            <TextLine id="r2l34" custom="readingOrder {index:33;}">
                <Coords points="898,2997 2271,2986 2270,2924 898,2966"/>
                <Baseline points="906,2996 973,2994 1041,2993 1109,2991 1177,2990 1245,2989 1312,2988 1380,2987 1448,2986 1516,2986 1584,2985 1651,2985 1719,2984 1787,2984 1855,2984 1923,2983 1990,2982 2058,2982 2126,2981 2194,2980 2262,2979"/>
                <TextEquiv>
                    <Unicode>den vermeintlich ganz unbefangenen Schwurgerichts - Präsi¬</Unicode>
                </TextEquiv>
            </TextLine>
            <TextLine id="r2l35" custom="readingOrder {index:34;}">
                <Coords points="895,3059 2120,3071 2266,3043 2266,2989 894,3020"/>
                <Baseline points="904,3058 971,3056 1039,3054 1107,3053 1174,3051 1242,3050 1310,3050 1377,3049 1445,3049 1513,3048 1581,3048 1648,3048 1716,3047 1784,3047 1851,3047 1919,3047 1987,3046 2054,3046 2122,3045 2190,3044 2258,3043"/>
                <TextEquiv>
                    <Unicode>denten hinaus, der jedes Für und Wider mit gemachter Un¬</Unicode>
                </TextEquiv>
            </TextLine>
            <TextLine id="r2l36" custom="readingOrder {index:35;}">
                <Coords points="898,3138 2120,3128 2269,3108 2269,3070 1086,3062 897,3104"/>
                <Baseline points="906,3119 973,3117 1041,3114 1109,3113 1176,3111 1244,3110 1312,3109 1379,3109 1447,3109 1515,3109 1583,3109 1650,3109 1718,3109 1786,3108 1853,3108 1921,3108 1989,3107 2056,3106 2124,3105 2192,3103 2260,3101"/>
                <TextEquiv>
                    <Unicode>parteilichkeit im Resumé abwägt, so bemächtigt sich Schnitz¬</Unicode>
                </TextEquiv>
            </TextLine>
            <TextLine id="r2l37" custom="readingOrder {index:36;}">
                <Coords points="894,3174 2260,3181 2260,3136 2141,3122 894,3143"/>
                <Baseline points="902,3181 969,3179 1037,3177 1104,3175 1172,3174 1239,3173 1307,3172 1374,3172 1442,3172 1509,3172 1577,3172 1644,3172 1712,3171 1779,3171 1847,3171 1914,3170 1982,3169 2049,3169 2117,3167 2184,3165 2252,3163"/>
                <TextEquiv>
                    <Unicode>ler seiner Aufgaben, wie ein warmblütiger, tapferer Parteien¬</Unicode>
                </TextEquiv>
            </TextLine>
            <TextLine id="r2l38" custom="readingOrder {index:37;}">
                <Coords points="903,3247 2041,3252 2242,3239 2269,3199 902,3214"/>
                <Baseline points="912,3242 979,3240 1046,3238 1114,3237 1181,3236 1249,3235 1316,3234 1384,3234 1451,3233 1519,3233 1586,3233 1653,3233 1721,3233 1788,3232 1856,3232 1923,3232 1991,3231 2058,3231 2126,3230 2193,3229 2261,3227"/>
                <TextEquiv>
                    <Unicode>vertreter. Als ein idealer Sachwalter wolverstanden, der nur</Unicode>
                </TextEquiv>
            </TextLine>
            <TextLine id="r2l39" custom="readingOrder {index:38;}">
                <Coords points="901,3302 2063,3327 2265,3315 2265,3251 900,3278"/>
                <Baseline points="910,3304 977,3303 1044,3302 1112,3301 1179,3300 1246,3300 1314,3300 1381,3299 1448,3299 1516,3299 1583,3299 1650,3299 1718,3298 1785,3298 1852,3297 1920,3296 1987,3295 2054,3294 2122,3292 2189,3290 2257,3287"/>
                <TextEquiv>
                    <Unicode>solche Fälle wählt, die ihm zu Herzen gehen. Dann prüft er</Unicode>
                </TextEquiv>
            </TextLine>
            <TextLine id="r2l40" custom="readingOrder {index:39;}">
                <Coords points="899,3366 2276,3374 2275,3311 2170,3297 898,3330"/>
                <Baseline points="908,3367 979,3366 1051,3365 1122,3365 1194,3364 1265,3363 1337,3362 1408,3362 1480,3361 1551,3360 1623,3359 1694,3359 1766,3358 1837,3357 1909,3356 1980,3355 2052,3354 2123,3353 2195,3353 2267,3351"/>
                <TextEquiv>
                    <Unicode>sie mit dem Mutterwitz des Casuisten, ergründet ihre Höhen</Unicode>
                </TextEquiv>
            </TextLine>
            <TextLine id="r2l41" custom="readingOrder {index:40;}">
                <Coords points="907,3446 2108,3445 2252,3417 2252,3374 906,3398"/>
                <Baseline points="916,3426 982,3425 1048,3424 1115,3424 1181,3423 1247,3423 1314,3422 1380,3422 1446,3422 1513,3421 1579,3421 1645,3421 1712,3420 1778,3420 1844,3419 1911,3418 1977,3418 2043,3417 2110,3416 2176,3415 2243,3413"/>
                <TextEquiv>
                    <Unicode>und Tiefen mit der Fähigkeit feiner lyrischen“ Eirfühlung“</Unicode>
                </TextEquiv>
            </TextLine>
            <TextLine id="r2l42" custom="readingOrder {index:41;}">
                <Coords points="898,3489 2025,3503 2288,3463 2181,3424 897,3461"/>
                <Baseline points="906,3490 974,3489 1043,3488 1112,3487 1180,3487 1249,3486 1318,3485 1386,3484 1455,3483 1524,3483 1593,3482 1661,3481 1730,3481 1799,3480 1867,3479 1936,3479 2005,3478 2073,3478 2142,3477 2211,3477 2280,3476"/>
                <TextEquiv>
                    <Unicode>und löst sie mit der Energie des Dramatikers. Die glückliche</Unicode>
                </TextEquiv>
            </TextLine>
            <TextLine id="r2l43" custom="readingOrder {index:42;}">
                <Coords points="887,3554 1221,3585 1925,3545 2051,3582 2124,3541 2269,3562 2268,3488 886,3520"/>
                <Baseline points="895,3559 963,3556 1031,3554 1099,3552 1168,3551 1236,3549 1304,3548 1372,3547 1441,3547 1509,3546 1577,3546 1645,3545 1714,3545 1782,3545 1850,3544 1918,3543 1987,3543 2055,3542 2123,3540 2191,3539 2260,3537"/>
                <TextEquiv>
                    <Unicode>Mischung dieser Gaben hat Schnitzlers Bühnenerfolge (“Liebelei“</Unicode>
                </TextEquiv>
            </TextLine>
            <TextLine id="r2l44" custom="readingOrder {index:43;}">
                <Coords points="1598,4015 1667,4031 1734,4004 1784,4028 1847,4000 1932,4019 1973,3986 2088,3983 2086,3915 2071,3913 2023,3930 1946,3919 1852,3952 1814,3939 1738,3954 1674,3922 1597,3932"/>
                <Baseline points="1606,3985 1632,3985 1658,3985 1684,3985 1711,3985 1737,3985 1763,3985 1789,3985 1816,3985 1842,3985 1868,3984 1895,3984 1921,3983 1947,3982 1973,3981 2000,3980 2026,3978 2052,3977 2079,3975"/>
                <TextEquiv>
                    <Unicode> </Unicode>
                </TextEquiv>
            </TextLine>
            <TextEquiv>
                <Unicode>— —
box 35/6
W
Die Fran des.—
COSMOPOLIS.
gesichter: Dutzenid-Lords und Dutzend-Weltdamen, Dutzend¬
Windbeutel und Dutzend-Sentimentale (wieviel Doppelgänger¬
innen hat nicht die schweigsame Maud“ mit den wunderbaren
ruhigen Augen, von der Farbe des Morgengrauens im Sec?).
Die Mitglieder der Fanariotengruppe wiederum — das patriar¬
chalische Elternpaar; der Brackenburg Aleko; der weltkluge,
hilf- und erfindungsreiche Onkel Logothet — sind den Rollen¬
fächern kleindeutscher Familienstücke entsprungen. Der
hyperromantische Rachedämon Panayotti endlich, der grimmige
Abkömmling des “grossen Panayotti,“ “ein furchtbarer Mensch,
nicht etwa schlecht oder niedrig, aber verschlossen, geheim¬
nisvoll, jeder Gewalttat fähig,“ soll nach Rudolf Lindaus
Ansicht seinen Stammbaum auf impulsive, maasslose Renais¬
sance-Naturen zurückführen. Ein Revenant ist er nun aller¬
dings: — schwerlich aus den Tagen von Cesare Borgia, eher
aus den Zeiten des Donizetti’sche# bel canto, ein zahmerer
Zwillingsbruder des Opernherzogs in “Lucrezia Borgia.
Nein! der Mann, moderne Mateo Falcones festzuhalten, den
Carmens und Colombas ebenbürtige Typen zu schaffen, ist
Rudolf Lindau gewiss nicht.
II.
Lieber, unvergleichlich lieber als dieser und jeder andre
falsche Mérimée ist uns der echte Arthägsehniteler. Der Sam¬
melband seiner jüngsten Novelletten Die Frau des Weisen
(Berlin, Fischer, 1808) stcht durchaus und in durchweg erfreu¬
lichem Gegensatz zu““ Fanar und Mayfair.“ Während Rudolf
Lindau in die Freinde und Ferne schweift, wurzelt der Wiener
Dichter im Boden der Heimat. Spielt sich Lindau gern auf
den vermeintlich ganz unbefangenen Schwurgerichts - Präsi¬
denten hinaus, der jedes Für und Wider mit gemachter Un¬
parteilichkeit im Resumé abwägt, so bemächtigt sich Schnitz¬
ler seiner Aufgaben, wie ein warmblütiger, tapferer Parteien¬
vertreter. Als ein idealer Sachwalter wolverstanden, der nur
solche Fälle wählt, die ihm zu Herzen gehen. Dann prüft er
sie mit dem Mutterwitz des Casuisten, ergründet ihre Höhen
und Tiefen mit der Fähigkeit feiner lyrischen“ Eirfühlung“
und löst sie mit der Energie des Dramatikers. Die glückliche
Mischung dieser Gaben hat Schnitzlers Bühnenerfolge (“Liebelei“
 </Unicode>
            </TextEquiv>
        </TextRegion>
        <TextRegion orientation="0.0" id="r3" custom="readingOrder {index:2;}">
            <Coords points="2587,629 2587,793 2783,793 2783,629"/>
            <TextLine id="r3l1" custom="readingOrder {index:0;}">
                <Coords points="2580,780 2607,766 2641,763 2688,772 2736,764 2754,773 2794,763 2786,645 2743,637 2700,651 2681,647 2650,665 2622,656 2608,666 2601,659 2572,663"/>
                <Baseline points="2587,743 2615,741 2643,738 2671,736 2699,734 2727,733 2755,731 2783,729"/>
                <TextEquiv>
                    <Unicode>B</Unicode>
                </TextEquiv>
            </TextLine>
            <TextEquiv>
                <Unicode>B</Unicode>
            </TextEquiv>
        </TextRegion>
        <TextRegion orientation="0.0" id="r4" custom="readingOrder {index:3;}">
            <Coords points="2885,1174 2885,1285 3236,1285 3236,1174"/>
            <TextLine id="r4l1" custom="readingOrder {index:0;}">
                <Coords points="2885,1218 2902,1212 2975,1239 3011,1225 3140,1234 3162,1217 3183,1224 3205,1211 3244,1227 3244,1165 3206,1158 3144,1169 3030,1134 3000,1157 2984,1148 2950,1162 2885,1163"/>
                <Baseline points="2894,1210 2920,1209 2946,1208 2972,1208 2999,1208 3025,1208 3051,1208 3078,1209 3104,1209 3130,1209 3157,1209 3183,1207 3209,1205 3236,1202"/>
                <TextEquiv>
                    <Unicode>und" Freiwild")</Unicode>
                </TextEquiv>
            </TextLine>
            <TextLine id="r4l2" custom="readingOrder {index:1;}">
                <Coords points="2876,1273 2893,1271 2914,1287 2936,1282 2953,1294 3001,1283 3039,1292 3057,1282 3084,1281 3085,1234 3030,1225 3018,1233 3011,1226 2987,1231 2975,1240 2958,1229 2945,1238 2933,1232 2911,1242 2903,1233 2897,1239 2877,1233"/>
                <Baseline points="2885,1267 2912,1269 2939,1270 2966,1271 2993,1271 3020,1271 3047,1271 3075,1270"/>
                <TextEquiv>
                    <Unicode>selben G</Unicode>
                </TextEquiv>
            </TextLine>
            <TextEquiv>
                <Unicode>und" Freiwild")
selben G</Unicode>
            </TextEquiv>
        </TextRegion>
    </Page>
</PcGts>
