3392 4384
85 331 704 439 1. Die Frau
1375 306 1837 407 box 35/6
689 320 1225 424 des Neisen
821 379 902 432 —
1464 996 1791 1076 COSMOPOLIS.
939 1120 2320 1171 Augenblick in die Tür tritt. Erst nach jahren — just, da es
942 1169 2326 1239 an einem Haar hängt, dass die ehedem nur sanft gebogene Ehe
932 1229 2314 1308 gründlich gebrochen wird — erfährt er, dass der Professor
945 1286 2319 1357 hochherzig die ganze Zeit geschwiegen, stumm verziehen habe.
949 1368 2329 1425 Solche Seelengrösse des“ Weisen“ vergilt der junge Thor mit
947 1412 2312 1486 gleicher Weisheit. Schweigend verlässt er die ahnungslose
944 1485 2322 1548 Frau Professorin und verzichtet auf jedes weitere, lockende
948 1541 2319 1608 Wiedersehen. Ein Hauch von Unschuld verklärt die unschein¬
954 1599 2326 1674 bare Begebenheit, die nicht in dürrer Nacherzählung, sondern
953 1668 2322 1737 erst durch die Erzählerkunst Schnitzlers zu ihrem vollen Reiz
951 1717 2332 1780 und Recht kommt. In ihrer sanften Schwermut sticht sie von
959 1777 2328 1850 den anderen Novelletten der Sammlung ab. Alle miteinander
950 1839 2326 1910 machen den Misswachs mancher lyrischen Erntejahre weit.
953 1907 2332 1990 Denn so schlank das Bändchen Schnitzlers ist, dem Kenner
955 1982 2344 2065 wiegt es schwerer, als ganze Ballen Moderomane der letzten
963 2039 1251 2114 Ostermesse.
1586 2143 1705 2222 III.
1015 2212 2331 2290 Ihr Name ist Legion, ihr Erfolg — nach der Ansicht eines
952 2293 2313 2349 alten Theoretikers und Praktikers der Erzählungskunst —
969 2336 2333 2411 Sache des allgemeinen Stimmrechts.“ Wie Kirschen
970 2414 2336 2468 schmecken, muss man Kinder und Sperlinge fragen; wie
965 2464 2330 2534 Romane munden, die Zeitgenossen. So erklärt Spielhagen
965 2526 2330 2595 in seinen“ Neuen Beiträgen zur Theorie und Technik der Epik
968 2585 2337 2655 und Dramatik“ (Leipzig, Staackmann, 1808). Offenbar
964 2645 2331 2729 scherzhaft. Wir kommen ihm deshalb gar nicht mit der
961 2702 2330 2795 Gegenfrage, welche Zeitgenossen maassgebend sein sollen für
957 2758 2333 2830 die Krönung des jeweiligen Moderomans? Wissen wir
964 2820 2340 2891 doch, dass heutzutage das naivste Gemüt die Lobsprüche von
970 2887 2320 2969 Diderot und Lessing auf Richardsons Romane nicht unbe¬
961 2955 2324 3020 dingt wiederholen würde, und sehen wir doch, dass Engels'
970 3032 2335 3085 Lorenz Stark und die Agnes von Lilien der Wolzogen den
965 3078 2341 3143 Zeitgenossen Goethes besser zusagten, als sein“ Wilhelm
967 3145 2333 3209 Meister. Und seien wir ehrlich: was den Zeitgenossen Goethes
961 3217 2327 3276 recht war, ist der Mehrheit unserer Zeitgenossen billig. Als ich
973 3266 2340 3339 vor einem jahrzehnt das Roman-Feuilleton einer grossen
966 3314 2341 3407 deutschen Zeitung zu redigiren hatte, sagte ich, ein wenig
970 3394 2337 3451 verdrossen durch den fragwürdigen Geschmack mancher
976 3442 2352 3518 Leserinnen, scherzhaft zum Chefredakteur: “ ich möchte
