<?xml version="1.0" encoding="UTF-8" standalone="yes"?>
<PcGts xmlns="http://schema.primaresearch.org/PAGE/gts/pagecontent/2013-07-15" xmlns:xsi="http://www.w3.org/2001/XMLSchema-instance" xsi:schemaLocation="http://schema.primaresearch.org/PAGE/gts/pagecontent/2013-07-15 http://schema.primaresearch.org/PAGE/gts/pagecontent/2013-07-15/pagecontent.xsd">
    <Metadata>
        <Creator>prov=University of Rostock/Institute of Mathematics/CITlab/Gundram Leifert/gundram.leifert@uni-rostock.de:name=ONB_Newseye_GT_M1+(htr_id=10810)::::v=2.4.2
prov=University of Rostock/Institute of Mathematics/CITlab/Tobias Gruening/tobias.gruening@uni-rostock.de:name=de.uros.citlab.module.baseline2polygon.B2PSeamMultiOriented:v=2.4.2
prov=University of Rostock/Institute of Mathematics/CITlab/Tobias Gruening/tobias.gruening@uni-rostock.de:name=/mnt/transkribus/LA/DEA/URO/LA_news_onb_att.pb:de.uros.citlab.segmentation.CITlab_LA_ML:v=2.4.2
Transkribus</Creator>
        <Created>2019-10-07T13:52:29.571+02:00</Created>
        <LastChange>2019-10-08T23:09:30.344+02:00</LastChange>
        <TranskribusMetadata docId="224099" pageId="9510791" pageNr="30" tsid="16614262" status="IN_PROGRESS" userId="40391" imgUrl="https://files.transkribus.eu/Get?id=MWXLOOWCISHTFXHWBAJZVEWN&amp;fileType=view" xmlUrl="https://files.transkribus.eu/Get?id=AJNQGBXOGKYZQTBSGRROORPB" imageId="6199315"/>
    </Metadata>
    <Page imageFilename="224099_0030.jpeg" imageWidth="3336" imageHeight="4252">
        <ReadingOrder>
            <OrderedGroup id="ro_1711444192414" caption="Regions reading order">
                <RegionRefIndexed index="0" regionRef="r1"/>
                <RegionRefIndexed index="1" regionRef="r2"/>
                <RegionRefIndexed index="2" regionRef="r3"/>
            </OrderedGroup>
        </ReadingOrder>
        <TextRegion orientation="0.0" id="r1" custom="readingOrder {index:0;}">
            <Coords points="131,271 131,3474 1264,3474 1264,271"/>
            <TextLine id="r1l1" custom="readingOrder {index:0;}">
                <Coords points="929,305 1016,306 1034,299 1042,306 1068,306 1080,299 1114,306 1131,298 1147,305 1147,265 1133,269 1082,252 1071,241 1052,245 1046,238 1010,253 929,241"/>
                <Baseline points="938,297 963,298 988,298 1013,298 1038,298 1063,298 1088,298 1113,298 1138,297"/>
                <TextEquiv>
                    <Unicode>Neis</Unicode>
                </TextEquiv>
            </TextLine>
            <TextLine id="r1l2" custom="readingOrder {index:1;}">
                <Coords points="740,306 814,307 819,303 850,306 849,258 834,262 822,259 812,264 805,257 787,256 775,244 758,237 755,241 739,236"/>
                <Baseline points="749,299 779,301 810,299 841,299"/>
                <TextEquiv>
                    <Unicode>des</Unicode>
                </TextEquiv>
            </TextLine>
            <TextLine id="r1l3" custom="readingOrder {index:2;}">
                <Coords points="126,312 153,318 169,310 174,315 199,319 212,331 229,327 236,254 227,253 199,266 180,250 163,259 154,248 132,244"/>
                <Baseline points="136,301 164,301 193,306 222,307"/>
                <TextEquiv>
                    <Unicode>1.</Unicode>
                </TextEquiv>
            </TextLine>
            <TextLine id="r1l4" custom="readingOrder {index:3;}">
                <Coords points="234,331 1273,323 737,303 667,252 520,241 446,273 287,237 234,264"/>
                <Baseline points="242,320 293,320 344,321 395,321 446,321 497,321 548,321 599,321 650,320 701,320 753,320 804,319 855,319 906,318 957,318 1008,318 1059,317 1110,317 1161,317 1212,317 1264,318"/>
                <TextEquiv>
                    <Unicode>Die Fral</Unicode>
                </TextEquiv>
            </TextLine>
            <TextLine id="r1l5" custom="readingOrder {index:4;}">
                <Coords points="124,1121 670,1112 669,1047 500,1072 288,1045 230,1075 124,1065"/>
                <Baseline points="133,1105 159,1106 185,1106 212,1107 238,1107 265,1107 291,1106 317,1106 344,1105 370,1104 397,1104 423,1103 449,1102 476,1102 502,1101 529,1101 555,1101 581,1101 608,1101 634,1102 661,1103"/>
                <TextEquiv>
                    <Unicode>ch. Ein dämonischer</Unicode>
                </TextEquiv>
            </TextLine>
            <TextLine id="r1l6" custom="readingOrder {index:5;}">
                <Coords points="125,1173 291,1189 393,1171 435,1189 482,1172 506,1190 539,1168 628,1181 689,1154 689,1132 607,1112 523,1130 490,1112 352,1114 289,1136 124,1122"/>
                <Baseline points="134,1165 161,1166 188,1167 215,1167 243,1168 270,1168 297,1167 325,1167 352,1167 379,1166 407,1165 434,1165 461,1164 488,1164 516,1163 543,1163 570,1163 598,1163 625,1164 652,1164 680,1165"/>
                <TextEquiv>
                    <Unicode>Familie, Panayotti, führt</Unicode>
                </TextEquiv>
            </TextLine>
            <TextLine id="r1l7" custom="readingOrder {index:6;}">
                <Coords points="122,1273 158,1247 247,1232 651,1242 676,1228 676,1183 592,1176 471,1208 396,1174 256,1200 121,1172"/>
                <Baseline points="131,1229 157,1231 184,1231 211,1232 238,1233 265,1233 291,1233 318,1232 345,1232 372,1231 399,1230 425,1230 452,1229 479,1228 506,1227 533,1227 559,1226 586,1226 613,1226 640,1226 667,1227"/>
                <TextEquiv>
                    <Unicode>aftes Fräulein aus den</Unicode>
                </TextEquiv>
            </TextLine>
            <TextLine id="r1l8" custom="readingOrder {index:7;}">
                <Coords points="138,1314 186,1298 236,1317 289,1297 397,1311 679,1298 678,1259 651,1242 624,1254 567,1238 461,1263 418,1243 365,1254 281,1236 218,1259 138,1255"/>
                <Baseline points="146,1289 172,1290 198,1291 224,1291 250,1291 277,1291 303,1291 329,1290 355,1289 381,1288 408,1288 434,1287 460,1286 486,1286 512,1285 539,1285 565,1285 591,1286 617,1286 643,1288 670,1289"/>
                <TextEquiv>
                    <Unicode>sellschaft heim und wird</Unicode>
                </TextEquiv>
            </TextLine>
            <TextLine id="r1l9" custom="readingOrder {index:8;}">
                <Coords points="130,1382 186,1363 323,1376 487,1353 571,1383 681,1379 681,1304 508,1315 484,1298 432,1322 284,1306 253,1327 130,1308"/>
                <Baseline points="138,1352 164,1353 191,1354 218,1354 244,1354 271,1354 298,1353 324,1353 351,1352 378,1351 405,1350 431,1350 458,1349 485,1349 511,1349 538,1349 565,1350 591,1351 618,1352 645,1354 672,1357"/>
                <TextEquiv>
                    <Unicode>heimnisvollen Waldgang</Unicode>
                </TextEquiv>
            </TextLine>
            <TextLine id="r1l10" custom="readingOrder {index:9;}">
                <Coords points="146,1425 259,1424 298,1443 413,1415 552,1440 628,1417 675,1424 674,1372 572,1383 502,1365 467,1384 438,1365 307,1388 264,1366 146,1370"/>
                <Baseline points="154,1413 179,1414 205,1416 230,1417 256,1417 282,1418 307,1418 333,1418 358,1418 384,1417 410,1417 435,1417 461,1416 486,1416 512,1415 538,1415 563,1414 589,1414 614,1414 640,1414 666,1414"/>
                <TextEquiv>
                    <Unicode>der Mauds Verhängnis</Unicode>
                </TextEquiv>
            </TextLine>
            <TextLine id="r1l11" custom="readingOrder {index:10;}">
                <Coords points="138,1484 200,1498 340,1486 373,1506 418,1479 521,1495 677,1484 676,1445 603,1432 575,1445 474,1427 390,1442 361,1424 300,1444 137,1437"/>
                <Baseline points="146,1478 172,1478 198,1478 224,1477 250,1477 276,1477 302,1477 328,1476 354,1476 380,1475 407,1475 433,1474 459,1474 485,1473 511,1473 537,1472 563,1472 589,1472 615,1472 641,1472 668,1472"/>
                <TextEquiv>
                    <Unicode>beschleunigt durch seine</Unicode>
                </TextEquiv>
            </TextLine>
            <TextLine id="r1l12" custom="readingOrder {index:11;}">
                <Coords points="140,1568 255,1544 345,1564 427,1539 494,1561 547,1544 683,1567 682,1503 602,1509 489,1484 432,1505 338,1490 318,1507 237,1487 205,1511 140,1491"/>
                <Baseline points="148,1536 174,1538 200,1540 226,1540 253,1541 279,1541 305,1540 332,1539 358,1539 384,1538 411,1537 437,1536 463,1535 489,1535 516,1534 542,1534 568,1535 595,1536 621,1538 647,1540 674,1542"/>
                <TextEquiv>
                    <Unicode>Mordtat den Heimgang</Unicode>
                </TextEquiv>
            </TextLine>
            <TextLine id="r1l13" custom="readingOrder {index:12;}">
                <Coords points="170,1619 233,1610 262,1634 325,1610 380,1624 404,1605 473,1623 505,1606 676,1616 676,1562 623,1555 361,1557 320,1579 293,1560 259,1574 228,1550 170,1554"/>
                <Baseline points="178,1599 203,1600 229,1601 255,1602 281,1603 306,1603 332,1603 358,1604 384,1603 410,1603 435,1603 461,1603 487,1602 513,1602 539,1601 564,1601 590,1601 616,1601 642,1601 668,1601"/>
                <TextEquiv>
                    <Unicode>Frau. Damit verfällts</Unicode>
                </TextEquiv>
            </TextLine>
            <TextLine id="r1l14" custom="readingOrder {index:13;}">
                <Coords points="168,1672 266,1685 404,1673 467,1690 510,1667 663,1685 676,1623 576,1610 541,1631 516,1612 481,1632 441,1618 422,1632 398,1620 262,1634 236,1617 167,1619"/>
                <Baseline points="177,1661 202,1662 228,1663 254,1663 280,1663 306,1663 332,1663 357,1663 383,1662 409,1662 435,1661 461,1661 487,1660 512,1660 538,1659 564,1659 590,1659 616,1659 642,1660 668,1660"/>
                <TextEquiv>
                    <Unicode>Sinne umdunkeln sich.</Unicode>
                </TextEquiv>
            </TextLine>
            <TextLine id="r1l15" custom="readingOrder {index:14;}">
                <Coords points="221,1738 316,1750 336,1736 432,1755 454,1741 584,1745 604,1727 673,1733 672,1683 638,1672 580,1694 527,1678 457,1696 362,1676 272,1681 251,1698 220,1685"/>
                <Baseline points="230,1726 255,1726 281,1725 306,1725 332,1725 357,1724 383,1724 408,1723 434,1722 459,1721 485,1721 510,1720 536,1720 561,1720 587,1719 612,1719 638,1719 664,1720"/>
                <TextEquiv>
                    <Unicode>m von einem Lord¬</Unicode>
                </TextEquiv>
            </TextLine>
            <TextLine id="r1l16" custom="readingOrder {index:15;}">
                <Coords points="264,1814 358,1799 377,1811 495,1805 522,1791 608,1808 645,1792 667,1802 681,1797 681,1754 519,1737 412,1759 369,1741 263,1766"/>
                <Baseline points="272,1788 297,1788 322,1788 347,1788 372,1788 397,1787 422,1787 447,1787 472,1786 497,1786 522,1785 547,1785 572,1785 597,1785 622,1784 647,1784 672,1784"/>
                <TextEquiv>
                    <Unicode>nzeninsel Plati, bis</Unicode>
                </TextEquiv>
            </TextLine>
            <TextLine id="r1l17" custom="readingOrder {index:16;}">
                <Coords points="373,1871 414,1873 452,1855 506,1867 570,1851 628,1876 659,1855 679,1857 679,1804 605,1806 585,1818 521,1803 372,1810"/>
                <Baseline points="382,1849 408,1848 434,1846 460,1846 487,1846 513,1845 539,1845 565,1845 592,1846 618,1846 644,1846 671,1845"/>
                <TextEquiv>
                    <Unicode>gen hebt und</Unicode>
                </TextEquiv>
            </TextLine>
            <TextLine id="r1l18" custom="readingOrder {index:17;}">
                <Coords points="310,1867 322,1869 340,1851 344,1851 352,1859 356,1855 357,1857 368,1855 366,1812 353,1814 342,1805 338,1805 334,1810 328,1808 325,1812 320,1809 308,1809"/>
                <Baseline points="317,1849 358,1848"/>
                <TextEquiv>
                    <Unicode>Fu</Unicode>
                </TextEquiv>
            </TextLine>
            <TextLine id="r1l19" custom="readingOrder {index:18;}">
                <Coords points="513,1938 532,1935 541,1938 553,1930 573,1937 603,1924 620,1928 621,1866 598,1871 590,1862 583,1862 573,1872 563,1865 550,1874 533,1866 514,1871"/>
                <Baseline points="522,1909 552,1909 582,1909 612,1911"/>
                <TextEquiv>
                    <Unicode>räbt.</Unicode>
                </TextEquiv>
            </TextLine>
            <TextLine id="r1l20" custom="readingOrder {index:19;}">
                <Coords points="373,1923 389,1921 410,1936 416,1931 430,1936 469,1916 486,1921 486,1870 477,1870 472,1875 451,1867 446,1872 427,1873 424,1869 412,1873 400,1866 385,1877 373,1877"/>
                <Baseline points="381,1911 413,1911 445,1910 478,1910"/>
                <TextEquiv>
                    <Unicode>tti be</Unicode>
                </TextEquiv>
            </TextLine>
            <TextLine id="r1l21" custom="readingOrder {index:20;}">
                <Coords points="507,1987 550,1994 560,1984 567,1991 579,1991 603,1978 632,1990 640,1982 676,1980 676,1942 659,1942 635,1929 621,1927 616,1932 596,1925 556,1943 507,1931"/>
                <Baseline points="516,1970 541,1971 566,1972 591,1972 616,1971 641,1971 667,1969"/>
                <TextEquiv>
                    <Unicode>, dass</Unicode>
                </TextEquiv>
            </TextLine>
            <TextLine id="r1l22" custom="readingOrder {index:21;}">
                <Coords points="329,1984 338,1983 349,1989 352,1988 355,1984 364,1983 358,1941 349,1942 348,1944 341,1946 338,1949 336,1947 324,1949"/>
                <Baseline points="337,1975 353,1973"/>
                <TextEquiv>
                    <Unicode>ei</Unicode>
                </TextEquiv>
            </TextLine>
            <TextLine id="r1l23" custom="readingOrder {index:22;}">
                <Coords points="394,2052 440,2043 479,2064 505,2062 549,2037 590,2050 614,2041 674,2045 686,2041 685,1984 664,1980 637,2004 591,1993 555,2008 495,2002 469,1987 437,2009 413,2004 393,2015"/>
                <Baseline points="402,2038 427,2037 452,2036 477,2035 502,2034 527,2033 552,2033 577,2032 602,2032 627,2032 652,2032 677,2033"/>
                <TextEquiv>
                    <Unicode>seiner alten</Unicode>
                </TextEquiv>
            </TextLine>
            <TextLine id="r1l24" custom="readingOrder {index:23;}">
                <Coords points="437,2108 459,2111 477,2125 524,2103 583,2119 627,2101 656,2109 678,2098 677,2062 645,2063 614,2041 583,2057 533,2055 510,2067 436,2047"/>
                <Baseline points="445,2097 473,2098 501,2098 529,2096 557,2095 585,2095 613,2094 641,2094 669,2095"/>
                <TextEquiv>
                    <Unicode>1, exotische</Unicode>
                </TextEquiv>
            </TextLine>
            <TextLine id="r1l25" custom="readingOrder {index:24;}">
                <Coords points="519,2170 533,2174 581,2165 591,2175 619,2170 625,2176 641,2166 665,2175 673,2166 692,2172 693,2115 667,2118 628,2102 618,2109 604,2105 596,2114 558,2115 548,2125 536,2116 520,2117"/>
                <Baseline points="528,2157 553,2158 579,2158 605,2157 631,2157 657,2159 683,2162"/>
                <TextEquiv>
                    <Unicode>zu den</Unicode>
                </TextEquiv>
            </TextLine>
            <TextLine id="r1l26" custom="readingOrder {index:25;}">
                <Coords points="438,2176 448,2176 451,2172 455,2173 461,2166 467,2169 478,2167 482,2170 492,2170 490,2122 479,2122 476,2126 473,2123 466,2125 452,2120 447,2126 444,2124 435,2125"/>
                <Baseline points="445,2162 484,2160"/>
                <TextEquiv>
                    <Unicode>ehr</Unicode>
                </TextEquiv>
            </TextLine>
            <TextLine id="r1l27" custom="readingOrder {index:26;}">
                <Coords points="520,2234 539,2233 548,2224 575,2243 613,2229 632,2240 657,2244 662,2238 681,2245 681,2192 626,2194 611,2179 578,2189 557,2171 520,2166"/>
                <Baseline points="528,2222 556,2221 585,2221 614,2221 643,2221 672,2220"/>
                <TextEquiv>
                    <Unicode>bhabe-</Unicode>
                </TextEquiv>
            </TextLine>
            <TextLine id="r1l28" custom="readingOrder {index:27;}">
                <Coords points="501,2287 532,2283 555,2299 587,2290 601,2298 618,2287 683,2296 681,2246 646,2254 602,2236 585,2239 565,2255 557,2250 523,2259 500,2255"/>
                <Baseline points="510,2282 537,2281 564,2281 591,2280 618,2279 645,2278 673,2277"/>
                <TextEquiv>
                    <Unicode>echter</Unicode>
                </TextEquiv>
            </TextLine>
            <TextLine id="r1l29" custom="readingOrder {index:28;}">
                <Coords points="525,2358 539,2361 551,2353 563,2360 570,2356 582,2365 592,2358 633,2351 643,2359 678,2361 677,2323 669,2323 652,2309 640,2313 593,2291 581,2294 559,2312 525,2307"/>
                <Baseline points="533,2346 560,2345 587,2344 614,2343 641,2344 669,2346"/>
                <TextEquiv>
                    <Unicode>it nur,</Unicode>
                </TextEquiv>
            </TextLine>
            <TextLine id="r1l30" custom="readingOrder {index:29;}">
                <Coords points="524,2409 551,2426 594,2417 609,2422 618,2418 630,2429 678,2404 693,2404 693,2356 670,2354 635,2363 616,2352 590,2364 557,2354 523,2361"/>
                <Baseline points="532,2407 557,2407 582,2406 608,2405 633,2405 658,2405 684,2407"/>
                <TextEquiv>
                    <Unicode>onalen</Unicode>
                </TextEquiv>
            </TextLine>
            <TextLine id="r1l31" custom="readingOrder {index:30;}">
                <Coords points="520,2482 546,2486 568,2471 584,2472 603,2490 628,2476 640,2482 673,2468 692,2473 692,2437 656,2430 646,2422 615,2433 589,2416 564,2428 547,2423 533,2436 521,2436"/>
                <Baseline points="530,2465 555,2464 581,2464 607,2463 632,2463 658,2465 684,2467"/>
                <TextEquiv>
                    <Unicode>Sitten</Unicode>
                </TextEquiv>
            </TextLine>
            <TextLine id="r1l32" custom="readingOrder {index:31;}">
                <Coords points="569,2520 578,2520 600,2537 629,2539 637,2548 649,2550 658,2550 670,2541 690,2540 691,2481 679,2481 662,2497 624,2491 607,2498 569,2498"/>
                <Baseline points="578,2527 604,2528 630,2527 656,2527 682,2529"/>
                <TextEquiv>
                    <Unicode>von</Unicode>
                </TextEquiv>
            </TextLine>
            <TextLine id="r1l33" custom="readingOrder {index:32;}">
                <Coords points="549,2599 564,2599 582,2609 600,2599 605,2602 616,2597 623,2601 629,2596 645,2604 659,2599 677,2604 677,2548 665,2548 659,2555 638,2561 621,2556 588,2561 558,2541 549,2541"/>
                <Baseline points="557,2589 584,2589 612,2589 640,2588 668,2590"/>
                <TextEquiv>
                    <Unicode>loma¬</Unicode>
                </TextEquiv>
            </TextLine>
            <TextLine id="r1l34" custom="readingOrder {index:33;}">
                <Coords points="567,2670 579,2669 590,2659 604,2658 621,2661 638,2656 647,2661 655,2655 662,2662 680,2662 678,2615 649,2620 642,2615 627,2617 599,2599 592,2606 565,2606"/>
                <Baseline points="574,2652 606,2649 638,2650 670,2648"/>
                <TextEquiv>
                    <Unicode>aller-</Unicode>
                </TextEquiv>
            </TextLine>
            <TextLine id="r1l35" custom="readingOrder {index:34;}">
                <Coords points="634,2859 644,2861 653,2855 659,2856 662,2860 667,2855 674,2861 681,2860 692,2863 696,2822 686,2821 674,2806 670,2809 664,2801 640,2797"/>
                <Baseline points="644,2840 686,2844"/>
                <TextEquiv>
                    <Unicode>n</Unicode>
                </TextEquiv>
            </TextLine>
            <TextLine id="r1l36" custom="readingOrder {index:35;}">
                <Coords points="629,3092 643,3091 649,3096 653,3095 656,3098 658,3096 664,3104 676,3101 695,3107 697,3057 684,3055 676,3060 668,3054 665,3056 655,3045 651,3047 631,3042"/>
                <Baseline points="638,3085 663,3085 688,3087"/>
                <TextEquiv>
                    <Unicode>en</Unicode>
                </TextEquiv>
            </TextLine>
            <TextLine id="r1l37" custom="readingOrder {index:36;}">
                <Coords points="580,3157 600,3156 609,3150 624,3159 643,3156 663,3175 691,3177 691,3107 641,3118 631,3115 621,3104 600,3114 580,3114"/>
                <Baseline points="589,3146 620,3143 651,3144 683,3146"/>
                <TextEquiv>
                    <Unicode>nbar</Unicode>
                </TextEquiv>
            </TextLine>
            <TextLine id="r1l38" custom="readingOrder {index:37;}">
                <Coords points="597,3223 605,3223 614,3232 629,3218 638,3220 651,3213 670,3217 681,3207 686,3211 703,3207 704,3173 693,3171 686,3178 671,3178 657,3174 627,3155 623,3158 613,3153 598,3153"/>
                <Baseline points="605,3208 635,3206 665,3206 695,3210"/>
                <TextEquiv>
                    <Unicode>eine</Unicode>
                </TextEquiv>
            </TextLine>
            <TextLine id="r1l39" custom="readingOrder {index:38;}">
                <Coords points="584,3280 599,3283 617,3277 628,3287 646,3291 663,3285 671,3290 689,3278 704,3277 705,3231 686,3225 676,3234 666,3235 657,3226 650,3230 640,3224 637,3228 623,3224 609,3236 601,3230 585,3230"/>
                <Baseline points="593,3270 618,3269 644,3270 670,3271 696,3271"/>
                <TextEquiv>
                    <Unicode>atia,</Unicode>
                </TextEquiv>
            </TextLine>
            <TextLine id="r1l40" custom="readingOrder {index:39;}">
                <Coords points="568,3406 585,3404 604,3411 628,3395 660,3410 693,3381 706,3378 706,3352 686,3355 677,3364 667,3364 655,3356 640,3368 602,3349 590,3351 581,3342 568,3341"/>
                <Baseline points="577,3393 607,3394 637,3394 667,3394 698,3392"/>
                <TextEquiv>
                    <Unicode>ilt er</Unicode>
                </TextEquiv>
            </TextLine>
            <TextLine id="r1l41" custom="readingOrder {index:40;}">
                <Coords points="550,3471 579,3471 607,3491 620,3484 643,3487 664,3469 686,3465 705,3449 715,3448 714,3404 695,3411 686,3405 675,3414 642,3408 630,3420 601,3407 579,3424 548,3421"/>
                <Baseline points="558,3458 587,3459 617,3459 646,3458 676,3456 706,3454"/>
                <TextEquiv>
                    <Unicode>brüche</Unicode>
                </TextEquiv>
            </TextLine>
            <TextEquiv>
                <Unicode>Neis
des
1.
Die Fral
ch. Ein dämonischer
Familie, Panayotti, führt
aftes Fräulein aus den
sellschaft heim und wird
heimnisvollen Waldgang
der Mauds Verhängnis
beschleunigt durch seine
Mordtat den Heimgang
Frau. Damit verfällts
Sinne umdunkeln sich.
m von einem Lord¬
nzeninsel Plati, bis
gen hebt und
Fu
räbt.
tti be
, dass
ei
seiner alten
1, exotische
zu den
ehr
bhabe-
echter
it nur,
onalen
Sitten
von
loma¬
aller-
n
en
nbar
eine
atia,
ilt er
brüche</Unicode>
            </TextEquiv>
        </TextRegion>
        <TextRegion orientation="0.0" id="r2" custom="readingOrder {index:1;}">
            <Coords points="1283,169 1283,4034 2664,4034 2664,169"/>
            <TextLine id="r2l1" custom="readingOrder {index:0;}">
                <Coords points="1844,230 1920,247 1979,207 2113,230 2368,218 2367,174 2258,183 2170,167 2138,185 2057,173 1950,189 1843,174"/>
                <Baseline points="1852,206 1877,206 1902,207 1928,207 1953,207 1978,207 2004,207 2029,207 2054,206 2080,206 2105,206 2130,205 2156,205 2181,204 2206,203 2232,202 2257,201 2282,200 2308,199 2333,198 2359,196"/>
                <TextEquiv>
                    <Unicode>—</Unicode>
                </TextEquiv>
            </TextLine>
            <TextLine id="r2l2" custom="readingOrder {index:1;}">
                <Coords points="1413,314 1484,302 1555,318 1629,294 1651,315 1691,307 1762,326 1830,302 1862,311 1864,236 1812,226 1749,252 1656,236 1618,256 1538,249 1514,262 1449,238 1415,248"/>
                <Baseline points="1422,295 1447,295 1472,295 1498,296 1523,296 1549,297 1574,298 1599,299 1625,300 1650,301 1676,302 1701,303 1726,303 1752,304 1777,304 1803,303 1828,302 1854,301"/>
                <TextEquiv>
                    <Unicode>box 35/6</Unicode>
                </TextEquiv>
            </TextLine>
            <TextLine id="r2l3" custom="readingOrder {index:2;}">
                <Coords points="1735,1020 1903,1011 1968,1028 2041,1012 2089,1029 2115,1014 2170,1033 2226,1019 2227,963 2095,976 1936,951 1898,975 1826,959 1735,979"/>
                <Baseline points="1744,1004 1770,1005 1796,1005 1822,1005 1849,1005 1875,1005 1901,1005 1927,1005 1954,1005 1980,1005 2006,1005 2033,1005 2059,1006 2085,1006 2111,1006 2138,1006 2164,1007 2190,1007 2217,1008"/>
                <TextEquiv>
                    <Unicode>DEUTSCHE BUCHER.</Unicode>
                </TextEquiv>
            </TextLine>
            <TextLine id="r2l4" custom="readingOrder {index:3;}">
                <Coords points="1302,1114 2661,1118 2661,1082 2458,1049 2399,1085 1303,1072"/>
                <Baseline points="1311,1102 1378,1104 1445,1107 1512,1109 1579,1110 1646,1111 1713,1112 1780,1112 1847,1112 1914,1112 1982,1111 2049,1111 2116,1110 2183,1110 2250,1109 2317,1109 2384,1109 2451,1110 2518,1111 2585,1112 2653,1114"/>
                <TextEquiv>
                    <Unicode>unbändiger Naturkinder sollen durch den Reiz des Kontrastes</Unicode>
                </TextEquiv>
            </TextLine>
            <TextLine id="r2l5" custom="readingOrder {index:4;}">
                <Coords points="1292,1193 2653,1176 2571,1119 1293,1152"/>
                <Baseline points="1301,1164 1368,1167 1435,1170 1502,1172 1569,1173 1637,1174 1704,1175 1771,1175 1838,1175 1905,1175 1973,1174 2040,1174 2107,1173 2174,1173 2241,1173 2309,1173 2376,1173 2443,1174 2510,1175 2577,1176 2645,1178"/>
                <TextEquiv>
                    <Unicode>doppelt und dreifach wirken in seinem eisgekühlten Diplo¬</Unicode>
                </TextEquiv>
            </TextLine>
            <TextLine id="r2l6" custom="readingOrder {index:5;}">
                <Coords points="1289,1251 2638,1254 2669,1203 1289,1208"/>
                <Baseline points="1297,1228 1365,1231 1433,1232 1501,1233 1569,1234 1637,1235 1705,1235 1774,1236 1842,1236 1910,1236 1978,1236 2046,1236 2114,1236 2182,1236 2251,1236 2319,1236 2387,1236 2455,1237 2523,1238 2591,1239 2660,1240"/>
                <TextEquiv>
                    <Unicode>matenstil. Diese Kunstübung treibt und übertreibt er bis zur</Unicode>
                </TextEquiv>
            </TextLine>
            <TextLine id="r2l7" custom="readingOrder {index:6;}">
                <Coords points="1286,1300 2665,1309 2665,1260 2467,1244 1286,1252"/>
                <Baseline points="1295,1291 1363,1293 1431,1295 1499,1296 1567,1297 1635,1298 1703,1298 1771,1298 1839,1298 1907,1298 1975,1298 2043,1298 2111,1298 2179,1297 2247,1297 2315,1297 2383,1298 2451,1298 2519,1299 2587,1300 2656,1301"/>
                <TextEquiv>
                    <Unicode>Koketterie. Hätte Rudolf Lindau die Irrfahrten des Odysseus</Unicode>
                </TextEquiv>
            </TextLine>
            <TextLine id="r2l8" custom="readingOrder {index:7;}">
                <Coords points="1295,1385 2672,1386 2672,1333 2455,1309 1295,1334"/>
                <Baseline points="1304,1355 1372,1356 1440,1356 1508,1357 1576,1357 1644,1358 1712,1358 1780,1358 1848,1358 1916,1358 1984,1358 2052,1358 2120,1358 2188,1358 2256,1358 2324,1357 2392,1357 2460,1357 2528,1357 2596,1357 2664,1357"/>
                <TextEquiv>
                    <Unicode>zu besingen, er würde sicherlich nicht nach der “klingenden</Unicode>
                </TextEquiv>
            </TextLine>
            <TextLine id="r2l9" custom="readingOrder {index:8;}">
                <Coords points="1297,1439 2671,1427 2584,1379 2156,1366 2043,1408 1821,1367 1297,1390"/>
                <Baseline points="1305,1420 1372,1420 1440,1421 1508,1421 1576,1421 1644,1421 1712,1421 1779,1421 1847,1421 1915,1420 1983,1420 2051,1420 2119,1419 2187,1419 2254,1419 2322,1419 2390,1419 2458,1419 2526,1420 2594,1420 2662,1421"/>
                <TextEquiv>
                    <Unicode>Harfe des Demodokos langen. Viel eher könnte es ihn</Unicode>
                </TextEquiv>
            </TextLine>
            <TextLine id="r2l10" custom="readingOrder {index:9;}">
                <Coords points="1282,1498 2590,1506 2656,1501 2657,1458 1282,1445"/>
                <Baseline points="1291,1481 1358,1482 1426,1482 1494,1482 1562,1483 1630,1483 1698,1483 1765,1483 1833,1483 1901,1483 1969,1482 2037,1482 2105,1482 2173,1482 2240,1482 2308,1482 2376,1483 2444,1483 2512,1483 2580,1484 2648,1484"/>
                <TextEquiv>
                    <Unicode>locken, Heimsuchung und Heimkehr des göttlichen Dulders</Unicode>
                </TextEquiv>
            </TextLine>
            <TextLine id="r2l11" custom="readingOrder {index:10;}">
                <Coords points="1294,1553 2663,1556 2663,1514 2574,1495 1294,1497"/>
                <Baseline points="1303,1542 1370,1542 1438,1543 1505,1543 1573,1543 1640,1543 1708,1543 1775,1544 1843,1544 1910,1544 1978,1544 2046,1544 2113,1544 2181,1544 2248,1544 2316,1544 2383,1544 2451,1545 2518,1545 2586,1546 2654,1546"/>
                <TextEquiv>
                    <Unicode>in die Prosa eines Metternich’schen Rundschreibens zu kleiden</Unicode>
                </TextEquiv>
            </TextLine>
            <TextLine id="r2l12" custom="readingOrder {index:11;}">
                <Coords points="1286,1620 2663,1621 2663,1578 2484,1550 1286,1562"/>
                <Baseline points="1295,1605 1363,1606 1431,1606 1499,1606 1567,1606 1635,1606 1703,1606 1771,1606 1839,1606 1907,1606 1975,1606 2043,1606 2111,1606 2179,1606 2247,1606 2315,1606 2383,1606 2451,1606 2519,1607 2587,1607 2655,1608"/>
                <TextEquiv>
                    <Unicode>oder den Lebenslauf Monte Christos, die Räubergeschichten</Unicode>
                </TextEquiv>
            </TextLine>
            <TextLine id="r2l13" custom="readingOrder {index:12;}">
                <Coords points="1280,1690 2654,1681 2654,1646 2485,1615 1280,1645"/>
                <Baseline points="1289,1667 1356,1667 1424,1667 1492,1667 1560,1667 1628,1667 1695,1667 1763,1667 1831,1668 1899,1668 1967,1668 2034,1668 2102,1669 2170,1669 2238,1669 2306,1669 2373,1669 2441,1669 2509,1669 2577,1669 2645,1668"/>
                <TextEquiv>
                    <Unicode>von Vautrin und Rocambole aktenmässig zu protokolliren.</Unicode>
                </TextEquiv>
            </TextLine>
            <TextLine id="r2l14" custom="readingOrder {index:13;}">
                <Coords points="1284,1734 2656,1742 2605,1684 1284,1698"/>
                <Baseline points="1293,1730 1360,1729 1428,1729 1496,1729 1564,1728 1631,1729 1699,1729 1767,1729 1835,1729 1902,1730 1970,1730 2038,1731 2106,1731 2173,1731 2241,1731 2309,1731 2377,1731 2444,1730 2512,1729 2580,1728 2648,1727"/>
                <TextEquiv>
                    <Unicode>Das Rezept ist weder neu, noch schlecht. Stendhal erklärte</Unicode>
                </TextEquiv>
            </TextLine>
            <TextLine id="r2l15" custom="readingOrder {index:14;}">
                <Coords points="1287,1794 2575,1818 2665,1803 2665,1758 1287,1770"/>
                <Baseline points="1295,1791 1363,1790 1431,1790 1499,1790 1567,1790 1635,1790 1703,1790 1771,1790 1839,1790 1907,1790 1975,1791 2043,1791 2111,1791 2179,1792 2247,1792 2315,1792 2383,1793 2451,1793 2519,1793 2587,1793 2656,1793"/>
                <TextEquiv>
                    <Unicode>den Text des Code Napoléon für sein unerreichbares Vorbild,</Unicode>
                </TextEquiv>
            </TextLine>
            <TextLine id="r2l16" custom="readingOrder {index:15;}">
                <Coords points="1295,1844 2661,1862 2642,1811 2382,1800 1295,1825"/>
                <Baseline points="1303,1855 1370,1854 1437,1853 1505,1853 1572,1853 1640,1852 1707,1852 1775,1853 1842,1853 1910,1853 1977,1853 2044,1854 2112,1854 2179,1855 2247,1855 2314,1855 2382,1855 2449,1856 2517,1855 2584,1855 2652,1855"/>
                <TextEquiv>
                    <Unicode>und vom ersten aller französischen Novellisten hat man mit</Unicode>
                </TextEquiv>
            </TextLine>
            <TextLine id="r2l17" custom="readingOrder {index:16;}">
                <Coords points="1291,1909 1563,1943 2660,1918 2487,1863 1291,1885"/>
                <Baseline points="1299,1915 1366,1914 1434,1914 1501,1913 1569,1913 1637,1913 1704,1913 1772,1913 1840,1913 1907,1914 1975,1914 2043,1914 2110,1915 2178,1915 2246,1915 2313,1916 2381,1916 2449,1916 2516,1916 2584,1916 2652,1915"/>
                <TextEquiv>
                    <Unicode>Recht gesagt:“ Mérimée ist Weltmann in seinem Stil, wie in</Unicode>
                </TextEquiv>
            </TextLine>
            <TextLine id="r2l18" custom="readingOrder {index:17;}">
                <Coords points="1280,1967 2661,1991 2615,1938 2461,1931 1280,1937"/>
                <Baseline points="1289,1977 1357,1977 1425,1977 1493,1977 1561,1977 1630,1977 1698,1977 1766,1977 1834,1977 1902,1977 1971,1977 2039,1977 2107,1977 2175,1977 2243,1977 2312,1978 2380,1978 2448,1978 2516,1978 2584,1978 2653,1978"/>
                <TextEquiv>
                    <Unicode>allem übrigen, ja noch mehr, als in allem übrigen, denn das</Unicode>
                </TextEquiv>
            </TextLine>
            <TextLine id="r2l19" custom="readingOrder {index:18;}">
                <Coords points="1286,2047 2652,2054 2652,2003 2595,1994 1286,1999"/>
                <Baseline points="1294,2039 1361,2039 1429,2039 1496,2038 1564,2038 1631,2038 1699,2038 1766,2039 1834,2039 1901,2039 1969,2039 2036,2039 2104,2039 2171,2040 2239,2040 2306,2040 2374,2039 2441,2039 2509,2039 2576,2038 2644,2037"/>
                <TextEquiv>
                    <Unicode>Merkmal der Korrektheit besteht just darin, sich von nieman¬</Unicode>
                </TextEquiv>
            </TextLine>
            <TextLine id="r2l20" custom="readingOrder {index:19;}">
                <Coords points="1294,2110 2631,2118 2641,2055 1294,2069"/>
                <Baseline points="1303,2100 1369,2099 1435,2099 1502,2099 1568,2099 1635,2099 1701,2099 1768,2099 1834,2099 1901,2100 1967,2100 2033,2101 2100,2101 2166,2101 2233,2102 2299,2102 2366,2102 2432,2103 2499,2103 2565,2103 2632,2103"/>
                <TextEquiv>
                    <Unicode>dem in Anzug, Haltung, Tonfall, Sprechweise zu unterscheiden.“</Unicode>
                </TextEquiv>
            </TextLine>
            <TextLine id="r2l21" custom="readingOrder {index:20;}">
                <Coords points="1293,2171 2667,2190 2667,2137 2606,2122 1293,2109"/>
                <Baseline points="1301,2160 1368,2161 1436,2161 1504,2162 1572,2162 1640,2162 1708,2163 1775,2163 1843,2163 1911,2163 1979,2163 2047,2163 2115,2163 2183,2163 2250,2163 2318,2163 2386,2163 2454,2163 2522,2164 2590,2164 2658,2164"/>
                <TextEquiv>
                    <Unicode>Diesem Grundsatz folgt Mérimée, wie im Salon, auch am</Unicode>
                </TextEquiv>
            </TextLine>
            <TextLine id="r2l22" custom="readingOrder {index:21;}">
                <Coords points="1283,2219 2661,2243 2661,2192 2545,2169 2466,2203 1283,2190"/>
                <Baseline points="1291,2222 1359,2221 1427,2221 1495,2221 1563,2221 1631,2221 1699,2221 1767,2222 1835,2222 1903,2222 1971,2223 2039,2224 2107,2224 2175,2225 2243,2226 2311,2226 2379,2227 2447,2227 2515,2228 2583,2228 2652,2228"/>
                <TextEquiv>
                    <Unicode>Schreibtisch: “er hat sowenig Manier, dass man sagen möchte,</Unicode>
                </TextEquiv>
            </TextLine>
            <TextLine id="r2l23" custom="readingOrder {index:22;}">
                <Coords points="1286,2293 2666,2288 2560,2232 1287,2262"/>
                <Baseline points="1295,2281 1363,2282 1431,2283 1499,2284 1567,2284 1635,2285 1703,2285 1772,2285 1840,2285 1908,2285 1976,2285 2044,2285 2112,2285 2180,2285 2249,2285 2317,2285 2385,2285 2453,2286 2521,2286 2589,2286 2658,2287"/>
                <TextEquiv>
                    <Unicode>er hat keinen Stil. So soll es sein. Für ihn ist der beste Sti!</Unicode>
                </TextEquiv>
            </TextLine>
            <TextLine id="r2l24" custom="readingOrder {index:23;}">
                <Coords points="1279,2355 2663,2365 2663,2309 1279,2322"/>
                <Baseline points="1287,2344 1355,2345 1423,2346 1492,2346 1560,2347 1629,2347 1697,2347 1765,2347 1834,2347 1902,2347 1971,2347 2039,2347 2107,2347 2176,2347 2244,2347 2313,2347 2381,2348 2449,2348 2518,2349 2586,2350 2655,2351"/>
                <TextEquiv>
                    <Unicode>derjenige, dessen man gar nicht gewahr wird. Gewiss ist</Unicode>
                </TextEquiv>
            </TextLine>
            <TextLine id="r2l25" custom="readingOrder {index:24;}">
                <Coords points="1289,2411 2660,2431 2645,2355 2247,2393 2162,2358 1289,2367"/>
                <Baseline points="1297,2408 1364,2407 1432,2407 1500,2406 1567,2406 1635,2406 1703,2406 1770,2406 1838,2407 1906,2407 1974,2408 2041,2408 2109,2409 2177,2409 2244,2410 2312,2410 2380,2411 2447,2411 2515,2411 2583,2410 2651,2410"/>
                <TextEquiv>
                    <Unicode>ein Stil derart am schwersten zu erlangen. Diese Kunst, die</Unicode>
                </TextEquiv>
            </TextLine>
            <TextLine id="r2l26" custom="readingOrder {index:25;}">
                <Coords points="1285,2481 2644,2478 2644,2437 2559,2420 1285,2430"/>
                <Baseline points="1293,2468 1360,2468 1427,2468 1494,2468 1561,2468 1628,2468 1695,2468 1763,2469 1830,2469 1897,2469 1964,2470 2031,2470 2098,2470 2165,2471 2233,2471 2300,2471 2367,2471 2434,2471 2501,2471 2568,2470 2636,2469"/>
                <TextEquiv>
                    <Unicode>alle Kunst verbirgt, erfordert unbedingte Klarheit, unfehlbare</Unicode>
                </TextEquiv>
            </TextLine>
            <TextLine id="r2l27" custom="readingOrder {index:26;}">
                <Coords points="1284,2541 2650,2533 2352,2483 1284,2497"/>
                <Baseline points="1293,2528 1360,2528 1427,2529 1495,2529 1562,2529 1630,2530 1697,2530 1764,2531 1832,2531 1899,2532 1967,2532 2034,2533 2101,2533 2169,2534 2236,2534 2304,2535 2371,2535 2438,2535 2506,2535 2573,2536 2641,2536"/>
                <TextEquiv>
                    <Unicode>Richtigkeit des Ausdrucks, Genauigkeit, Leichtigkeit, ebenso</Unicode>
                </TextEquiv>
            </TextLine>
            <TextLine id="r2l28" custom="readingOrder {index:27;}">
                <Coords points="1284,2596 2660,2609 2599,2551 2335,2582 2234,2542 1285,2541"/>
                <Baseline points="1293,2590 1364,2590 1436,2590 1507,2590 1579,2591 1650,2591 1722,2591 1793,2592 1865,2592 1936,2593 2008,2594 2079,2594 2151,2595 2222,2595 2294,2596 2365,2596 2437,2596 2508,2597 2580,2597 2652,2597"/>
                <TextEquiv>
                    <Unicode>behenden als behaglichen Wechsel der Töne. Nach dem</Unicode>
                </TextEquiv>
            </TextLine>
            <TextLine id="r2l29" custom="readingOrder {index:28;}">
                <Coords points="1290,2652 2560,2688 2657,2670 2658,2627 1290,2608"/>
                <Baseline points="1299,2649 1366,2650 1434,2651 1501,2652 1569,2652 1636,2653 1704,2653 1771,2654 1839,2654 1906,2654 1974,2655 2041,2655 2109,2655 2176,2655 2244,2655 2311,2656 2379,2656 2446,2656 2514,2657 2581,2657 2649,2658"/>
                <TextEquiv>
                    <Unicode>Urteil aller echten Kenner hat Mérimée diese Eigenschaften</Unicode>
                </TextEquiv>
            </TextLine>
            <TextLine id="r2l30" custom="readingOrder {index:29;}">
                <Coords points="1274,2732 2657,2726 2657,2690 2455,2667 1275,2684"/>
                <Baseline points="1283,2715 1351,2715 1419,2715 1487,2714 1556,2714 1624,2714 1692,2714 1761,2714 1829,2715 1897,2715 1966,2715 2034,2716 2102,2716 2170,2717 2239,2717 2307,2718 2375,2719 2444,2720 2512,2721 2580,2722 2649,2723"/>
                <TextEquiv>
                    <Unicode>in höchstem Maasse besessen.“ Der schwarze Ritter im</Unicode>
                </TextEquiv>
            </TextLine>
            <TextLine id="r2l31" custom="readingOrder {index:30;}">
                <Coords points="1286,2783 2645,2786 2591,2729 1287,2732"/>
                <Baseline points="1295,2773 1362,2774 1429,2774 1496,2775 1563,2776 1630,2776 1697,2777 1764,2777 1831,2777 1898,2777 1965,2777 2032,2777 2099,2778 2166,2778 2233,2778 2300,2779 2367,2779 2434,2780 2501,2781 2568,2782 2636,2783"/>
                <TextEquiv>
                    <Unicode>romantischen Turnier,“ wie ihn — wenn ich mich recht ent¬</Unicode>
                </TextEquiv>
            </TextLine>
            <TextLine id="r2l32" custom="readingOrder {index:31;}">
                <Coords points="1289,2846 2509,2866 2658,2844 2658,2800 1289,2806"/>
                <Baseline points="1297,2835 1364,2835 1432,2836 1499,2836 1567,2837 1635,2837 1702,2838 1770,2838 1837,2838 1905,2839 1973,2839 2040,2839 2108,2840 2175,2840 2243,2840 2310,2840 2378,2840 2446,2840 2513,2840 2581,2840 2649,2840"/>
                <TextEquiv>
                    <Unicode>sinne — Georg Brandes genannt hat, kredenzte lieber krystall¬</Unicode>
                </TextEquiv>
            </TextLine>
            <TextLine id="r2l33" custom="readingOrder {index:32;}">
                <Coords points="1276,2900 2660,2912 2596,2855 1276,2860"/>
                <Baseline points="1285,2897 1353,2897 1421,2897 1490,2897 1558,2897 1626,2897 1695,2898 1763,2898 1831,2899 1900,2899 1968,2900 2036,2901 2105,2901 2173,2902 2241,2903 2310,2903 2378,2904 2446,2904 2515,2905 2583,2905 2652,2905"/>
                <TextEquiv>
                    <Unicode>helles Wasser aus dem Felsenquell, als überwürzten Glühwein.</Unicode>
                </TextEquiv>
            </TextLine>
            <TextLine id="r2l34" custom="readingOrder {index:33;}">
                <Coords points="1287,2983 2654,2966 2654,2928 2386,2917 1287,2916"/>
                <Baseline points="1295,2960 1362,2960 1430,2960 1497,2960 1565,2960 1632,2960 1700,2961 1767,2961 1835,2962 1902,2962 1970,2962 2038,2963 2105,2963 2173,2963 2240,2964 2308,2964 2375,2964 2443,2964 2510,2964 2578,2964 2646,2964"/>
                <TextEquiv>
                    <Unicode>Er zog es vor, zu bilden, statt zu “bildern“: ancun sonci</Unicode>
                </TextEquiv>
            </TextLine>
            <TextLine id="r2l35" custom="readingOrder {index:34;}">
                <Coords points="1286,3033 2658,3036 2658,2999 2564,2978 1286,2982"/>
                <Baseline points="1295,3026 1362,3025 1430,3024 1498,3024 1566,3024 1633,3023 1701,3023 1769,3023 1837,3023 1904,3024 1972,3024 2040,3024 2108,3024 2175,3024 2243,3025 2311,3025 2379,3025 2446,3025 2514,3025 2582,3025 2650,3025"/>
                <TextEquiv>
                    <Unicode>d’erpression éclatante, de ciselure, de joaillerie li'téraire: cest</Unicode>
                </TextEquiv>
            </TextLine>
            <TextLine id="r2l36" custom="readingOrder {index:35;}">
                <Coords points="1277,3094 2536,3112 2644,3092 2645,3044 1277,3052"/>
                <Baseline points="1286,3082 1353,3082 1421,3082 1488,3083 1556,3083 1623,3083 1691,3084 1758,3084 1826,3084 1893,3084 1961,3085 2028,3085 2096,3085 2163,3086 2231,3086 2298,3086 2366,3087 2433,3087 2501,3087 2568,3087 2636,3087"/>
                <TextEquiv>
                    <Unicode>aur saits, cest aus gestes et paroles des personnages d’étre pitto¬</Unicode>
                </TextEquiv>
            </TextLine>
            <TextLine id="r2l37" custom="readingOrder {index:36;}">
                <Coords points="1276,3142 2650,3158 2650,3108 2571,3098 1276,3087"/>
                <Baseline points="1285,3144 1352,3145 1420,3146 1488,3147 1556,3148 1624,3148 1691,3148 1759,3148 1827,3147 1895,3147 1963,3147 2030,3147 2098,3147 2166,3147 2234,3147 2302,3148 2369,3148 2437,3150 2505,3151 2573,3153 2641,3156"/>
                <TextEquiv>
                    <Unicode>resques.“ Nichts scheint einleuchtender als diese Regel, nichts</Unicode>
                </TextEquiv>
            </TextLine>
            <TextLine id="r2l38" custom="readingOrder {index:37;}">
                <Coords points="1280,3225 2646,3223 2646,3156 1281,3168"/>
                <Baseline points="1289,3205 1356,3206 1423,3207 1491,3208 1558,3208 1626,3209 1693,3210 1761,3210 1828,3211 1896,3211 1963,3211 2030,3212 2098,3212 2165,3212 2233,3212 2300,3212 2368,3212 2435,3212 2503,3212 2570,3212 2638,3212"/>
                <TextEquiv>
                    <Unicode>leichter nachzuahmen, als dieses Beispiel. Gleichwol ist nicht</Unicode>
                </TextEquiv>
            </TextLine>
            <TextLine id="r2l39" custom="readingOrder {index:38;}">
                <Coords points="1278,3280 2647,3298 2647,3255 2544,3220 1278,3230"/>
                <Baseline points="1287,3265 1354,3267 1422,3269 1489,3271 1557,3272 1624,3273 1692,3274 1759,3274 1827,3275 1894,3275 1962,3275 2030,3275 2097,3274 2165,3274 2232,3274 2300,3274 2367,3273 2435,3273 2502,3273 2570,3273 2638,3273"/>
                <TextEquiv>
                    <Unicode>leicht ein Künstler unnachahmlicher als Mérimée: Zeuge</Unicode>
                </TextEquiv>
            </TextLine>
            <TextLine id="r2l40" custom="readingOrder {index:39;}">
                <Coords points="1281,3351 2486,3355 2646,3348 2647,3303 1281,3305"/>
                <Baseline points="1289,3325 1356,3327 1423,3330 1491,3331 1558,3332 1626,3334 1693,3335 1761,3335 1828,3336 1896,3336 1963,3337 2030,3337 2098,3337 2165,3337 2233,3336 2300,3336 2368,3336 2435,3336 2503,3335 2570,3335 2638,3335"/>
                <TextEquiv>
                    <Unicode>dessen nach so vielen anderen wieder einmal Rudolf Lindau.</Unicode>
                </TextEquiv>
            </TextLine>
            <TextLine id="r2l41" custom="readingOrder {index:40;}">
                <Coords points="1285,3399 2179,3430 2270,3393 2619,3410 2656,3358 1285,3356"/>
                <Baseline points="1293,3390 1360,3391 1428,3392 1495,3393 1563,3393 1631,3394 1698,3394 1766,3394 1834,3395 1901,3395 1969,3395 2037,3395 2104,3395 2172,3395 2240,3395 2307,3396 2375,3396 2443,3396 2510,3397 2578,3397 2646,3398"/>
                <TextEquiv>
                    <Unicode>Wie Mérimée pflegt er mit Vorliebe aparte Vorwürfe. Wie</Unicode>
                </TextEquiv>
            </TextLine>
            <TextLine id="r2l42" custom="readingOrder {index:41;}">
                <Coords points="1333,3459 1884,3496 2570,3469 2558,3426 2300,3408 1333,3428"/>
                <Baseline points="1341,3457 1402,3459 1463,3460 1524,3461 1585,3462 1646,3463 1707,3463 1768,3463 1829,3463 1890,3463 1951,3463 2012,3463 2073,3463 2134,3463 2195,3463 2256,3463 2317,3464 2378,3465 2439,3466 2500,3467 2561,3470"/>
                <TextEquiv>
                    <Unicode>* EMiLE FaauEr: Eindes lilteraires sur 1e XlAme siecle. Paris, 1887, 346.</Unicode>
                </TextEquiv>
            </TextLine>
            <TextLine id="r2l43" custom="readingOrder {index:42;}">
                <Coords points="1925,3884 2006,3886 2019,3880 2031,3887 2052,3878 2074,3882 2071,3786 2053,3783 2033,3794 2014,3785 1967,3797 1939,3782 1922,3790"/>
                <Baseline points="1933,3867 1959,3868 1985,3867 2012,3866 2038,3865 2065,3863"/>
                <TextEquiv>
                    <Unicode></Unicode>
                </TextEquiv>
            </TextLine>
            <TextLine id="r2l44" custom="readingOrder {index:43;}">
                <Coords points="1688,3882 1697,3883 1701,3879 1704,3883 1712,3880 1719,3883 1735,3879 1743,3886 1764,3883 1767,3791 1758,3791 1755,3787 1746,3795 1734,3797 1704,3778 1692,3776"/>
                <Baseline points="1698,3865 1727,3867 1756,3867"/>
                <TextEquiv>
                    <Unicode>1</Unicode>
                </TextEquiv>
            </TextLine>
            <TextLine id="r2l45" custom="readingOrder {index:44;}">
                <Coords points="1658,3917 1798,3904 1890,3933 1973,3907 2047,3911 2192,3879 2191,3836 2062,3887 1819,3844 1760,3874 1658,3882"/>
                <Baseline points="1666,3910 1691,3907 1717,3905 1743,3903 1769,3901 1795,3901 1821,3900 1846,3900 1872,3900 1898,3901 1924,3901 1950,3901 1976,3901 2002,3901 2027,3901 2053,3900 2079,3899 2105,3898 2131,3895 2157,3892 2183,3889"/>
                <TextEquiv>
                    <Unicode></Unicode>
                </TextEquiv>
            </TextLine>
            <TextLine id="r2l46" custom="readingOrder {index:45;}">
                <Coords points="1945,3936 1963,3937 1998,3958 2037,3930 2093,3948 2107,3935 2131,3938 2133,3899 2085,3896 2050,3912 1979,3903 1961,3910 1946,3904"/>
                <Baseline points="1954,3929 1982,3931 2010,3933 2038,3935 2066,3936 2094,3937 2122,3935"/>
                <TextEquiv>
                    <Unicode> </Unicode>
                </TextEquiv>
            </TextLine>
            <TextLine id="r2l47" custom="readingOrder {index:46;}">
                <Coords points="2208,3954 2217,3954 2226,3946 2229,3949 2236,3946 2244,3951 2257,3942 2272,3942 2274,3892 2251,3890 2248,3893 2243,3891 2234,3893 2231,3889 2224,3893 2210,3892"/>
                <Baseline points="2217,3938 2264,3939"/>
                <TextEquiv>
                    <Unicode>00</Unicode>
                </TextEquiv>
            </TextLine>
            <TextLine id="r2l48" custom="readingOrder {index:47;}">
                <Coords points="2130,3967 2157,3971 2163,3968 2169,3975 2177,3976 2196,3882 2181,3878 2166,3885 2160,3880 2158,3882 2148,3880"/>
                <Baseline points="2143,3948 2173,3954"/>
                <TextEquiv>
                    <Unicode></Unicode>
                </TextEquiv>
            </TextLine>
            <TextLine id="r2l49" custom="readingOrder {index:48;}">
                <Coords points="2051,3970 2063,3968 2072,3972 2080,3969 2084,3963 2090,3965 2094,3959 2119,3974 2131,3972 2125,3939 2117,3940 2105,3933 2098,3943 2083,3942 2074,3940 2062,3932 2044,3931"/>
                <Baseline points="2059,3963 2089,3961 2119,3953"/>
                <TextEquiv>
                    <Unicode>WAT</Unicode>
                </TextEquiv>
            </TextLine>
            <TextLine id="r2l50" custom="readingOrder {index:49;}">
                <Coords points="2129,3995 2160,3988 2192,4016 2203,4016 2227,4032 2233,4025 2245,4032 2278,4027 2279,3950 2256,3941 2244,3951 2226,3946 2207,3960 2191,3946 2177,3958 2130,3949"/>
                <Baseline points="2138,3985 2164,3985 2190,3984 2217,3982 2243,3984 2270,3989"/>
                <TextEquiv>
                    <Unicode></Unicode>
                </TextEquiv>
            </TextLine>
            <TextLine id="r2l51" custom="readingOrder {index:50;}">
                <Coords points="1746,4047 1845,4050 1907,3994 1972,3978 2008,3979 2039,4002 2067,3993 2110,4018 2130,4011 2129,3973 2110,3963 2068,3973 2043,3953 1990,3957 1935,3928 1855,3930 1799,3905 1743,3917"/>
                <Baseline points="1753,4000 1779,3999 1805,3997 1831,3994 1858,3991 1884,3988 1910,3985 1937,3983 1963,3982 1989,3981 2015,3982 2042,3984 2068,3989 2094,3994 2121,4003"/>
                <TextEquiv>
                    <Unicode></Unicode>
                </TextEquiv>
            </TextLine>
            <TextLine id="r2l52" custom="readingOrder {index:51;}">
                <Coords points="2129,4041 2137,4040 2143,4045 2151,4037 2158,4039 2178,4037 2174,3983 2144,3986 2136,3996 2126,3996"/>
                <Baseline points="2135,4008 2168,4006"/>
                <TextEquiv>
                    <Unicode>672</Unicode>
                </TextEquiv>
            </TextLine>
            <TextLine id="r2l53" custom="readingOrder {index:52;}">
                <Coords points="1887,4067 1901,4061 1911,4066 1921,4058 1932,4065 1950,4057 1983,4062 1998,4052 2022,4063 2067,4055 2063,3992 2046,4000 2007,3980 1997,3985 1961,3979 1935,3984 1921,3997 1915,3992 1883,3997"/>
                <Baseline points="1894,4022 1921,4024 1948,4022 1975,4020 2002,4017 2029,4016 2056,4016"/>
                <TextEquiv>
                    <Unicode>GRR</Unicode>
                </TextEquiv>
            </TextLine>
            <TextEquiv>
                <Unicode>—
box 35/6
DEUTSCHE BUCHER.
unbändiger Naturkinder sollen durch den Reiz des Kontrastes
doppelt und dreifach wirken in seinem eisgekühlten Diplo¬
matenstil. Diese Kunstübung treibt und übertreibt er bis zur
Koketterie. Hätte Rudolf Lindau die Irrfahrten des Odysseus
zu besingen, er würde sicherlich nicht nach der “klingenden
Harfe des Demodokos langen. Viel eher könnte es ihn
locken, Heimsuchung und Heimkehr des göttlichen Dulders
in die Prosa eines Metternich’schen Rundschreibens zu kleiden
oder den Lebenslauf Monte Christos, die Räubergeschichten
von Vautrin und Rocambole aktenmässig zu protokolliren.
Das Rezept ist weder neu, noch schlecht. Stendhal erklärte
den Text des Code Napoléon für sein unerreichbares Vorbild,
und vom ersten aller französischen Novellisten hat man mit
Recht gesagt:“ Mérimée ist Weltmann in seinem Stil, wie in
allem übrigen, ja noch mehr, als in allem übrigen, denn das
Merkmal der Korrektheit besteht just darin, sich von nieman¬
dem in Anzug, Haltung, Tonfall, Sprechweise zu unterscheiden.“
Diesem Grundsatz folgt Mérimée, wie im Salon, auch am
Schreibtisch: “er hat sowenig Manier, dass man sagen möchte,
er hat keinen Stil. So soll es sein. Für ihn ist der beste Sti!
derjenige, dessen man gar nicht gewahr wird. Gewiss ist
ein Stil derart am schwersten zu erlangen. Diese Kunst, die
alle Kunst verbirgt, erfordert unbedingte Klarheit, unfehlbare
Richtigkeit des Ausdrucks, Genauigkeit, Leichtigkeit, ebenso
behenden als behaglichen Wechsel der Töne. Nach dem
Urteil aller echten Kenner hat Mérimée diese Eigenschaften
in höchstem Maasse besessen.“ Der schwarze Ritter im
romantischen Turnier,“ wie ihn — wenn ich mich recht ent¬
sinne — Georg Brandes genannt hat, kredenzte lieber krystall¬
helles Wasser aus dem Felsenquell, als überwürzten Glühwein.
Er zog es vor, zu bilden, statt zu “bildern“: ancun sonci
d’erpression éclatante, de ciselure, de joaillerie li'téraire: cest
aur saits, cest aus gestes et paroles des personnages d’étre pitto¬
resques.“ Nichts scheint einleuchtender als diese Regel, nichts
leichter nachzuahmen, als dieses Beispiel. Gleichwol ist nicht
leicht ein Künstler unnachahmlicher als Mérimée: Zeuge
dessen nach so vielen anderen wieder einmal Rudolf Lindau.
Wie Mérimée pflegt er mit Vorliebe aparte Vorwürfe. Wie
* EMiLE FaauEr: Eindes lilteraires sur 1e XlAme siecle. Paris, 1887, 346.

1

 
00

WAT


672
GRR</Unicode>
            </TextEquiv>
        </TextRegion>
        <TextRegion orientation="0.0" id="r3" custom="readingOrder {index:2;}">
            <Coords points="2790,4087 2790,4240 2910,4240 2910,4087"/>
            <TextLine id="r3l1" custom="readingOrder {index:0;}">
                <Coords points="2781,4191 2918,4191 2917,4116 2865,4105 2843,4117 2817,4116 2806,4125 2790,4110 2780,4110"/>
                <Baseline points="2790,4190 2820,4189 2850,4188 2880,4187 2910,4188"/>
                <TextEquiv>
                    <Unicode></Unicode>
                </TextEquiv>
            </TextLine>
            <TextEquiv>
                <Unicode></Unicode>
            </TextEquiv>
        </TextRegion>
    </Page>
</PcGts>
