3444 4219
4 3048 65 3130 mel
949 264 1063 341 377
2317 271 2450 343 378
332 316 1684 394 genügt haben würden, erbauen mich. Ich lächele über die Anmassung, mit
2190 329 2576 420 Die Reinheit.
335 377 1679 418 der ich früher einmal versuchte, selbst Predigten zu schreiben und sie für
1909 393 2710 476 Auf einem Marktplatz einer kleinen Stadt,
341 417 1684 462 besser hielt, als die der Geistlichen. In die Zeit der Jugend versetze ich
1915 460 2690 506 — Die keinen Namen sich bewahret hat, —
344 457 1692 518 mich überhaupt nicht gerne mehr, sie ist so lange schon vergangen. Wenn
1912 490 2806 558 Stand einst ein herrlich' Menschenbild aus Stein.
346 501 1687 553 ich Bekannte aus meiner Jugend wiedersehe, hab’ ich ein unheimliches
1910 538 2600 588 Der Künstler hauchte seine Seele ein
343 538 1700 592 Gefühl, weil sie so gebrechlich geworden sind. Dann fällt mir ein, dass
1913 557 2762 634 Dem spröden Marmorblock, — und siegeskühn
349 570 1692 631 ich ja auch eine ganze Menge Gebrechen habe. Doch ich gehe im Sommer
1903 599 2728 654 Ließ er daraus das schönste Weib erbluh'n.
348 621 1337 667 in's Bad. Ich denke noch alle Gebrechen loszuwerden.
1914 639 2773 702 Mit weichem Schwunge formte er die Glieder,
417 643 1691 694 31 Uhr. Nun bin ich beim siebzigsten Jahre angelangt. Eigene Ge¬
1912 665 2859 751 Der Busen hob — und senkt' sich scheinbar wieder!
336 679 1688 730 danken. War es der Anbruch meines letzten Jahrzehnts: Bereite dich, zu
344 729 1685 782 sterben! ruft es in mir. Ich mache keine Projekte mehr, ändere nichts mehr
1907 762 2729 831 Und doch umfloß den gleißend nackten Leib
343 762 1684 815 in Haus und Garten. Ich lebe so still dahin und betrachte jedes Jahr als
1912 804 2665 846 Gleich einem Mantel jene keusche Zucht,
343 808 1695 872 ein Geschenk. Bekomme meine Lebensversicherung ausgezahlt. Früher
1899 847 2668 902 Die Niedrigkeit stets zu begeifern sucht.
338 853 1692 903 dachte ich das kaum zu erleben; jedenfalls glaubte ich so gestellt zu sein,
1928 870 2902 937 — Das schöne Weib stand schweigend Jahr um Jahr,
338 890 1679 938 dass ich es nicht mehr nötig hätte. Jetzt habe ich schon sehr darauf ge¬
1903 921 2765 978 Geehrt, beschützt, — sie — allen Schutzes bar.
339 937 1680 982 wartet, und es dauert nicht lange, so ist das Geld für Schulden d’rauf¬
1914 949 2600 1010 Nie hatte kleinste Unbill sie erlitten,
344 967 1685 1025 gegangen. Soweit habe ich es wenigstens gebracht, dass ich jedes Jahr
1905 981 2788 1042 Und kam ein Bürger seines Weg's geschritten,
340 1007 1688 1067 eine kleine Reise machen kann. Wollte, ich hätt's vor 4o oder 50 Jahren
1909 1036 2776 1092 Blieb' er gar steh'n und schwenkte seinen Hut:
335 1049 1683 1094 gekonnt. Manchmal denk' ich, man warte auf meinen Tod. Meine Kinder
1922 1077 2714 1136 „Wie atmet es sich hier so leicht und gut!“
344 1088 1693 1141 haben schon graüe Haare. Aber lasst mich doch noch — — ein Weilchen
1911 1112 2725 1187 — Doch wie das Gute unaufhaltsam rinnt,
349 1125 1442 1183 nur! Die Sonne ist so schön und der Wald und die Sec
1919 1156 2685 1207 Auch Böses heimlich seine Fäden spinnt. —
422 1170 1689 1220 Ich werde bettlägerig. Fast 80 Jahre bin ich alt. In acht Tagen hoff' ich
1916 1191 2693 1260 Zwei freche Buben hat es arg verdrossen,
347 1200 1693 1249 aufzustehen. Eines Abends erwach' ich vom Schlaf; der Arzt und meine
1906 1241 2672 1289 Daß keiner diesen holden Leib genossen:
348 1240 1699 1283 Kinder stehen mit besorgter Miene um mich herum. Mir ist, als wäre das
1957 1266 2757 1328 Sie sahen nicht den keuschen Marmelstein,
336 1278 1690 1336 Zimmer voller Menschen. Ein entsetzlicher Schrecken durchfährt mich, dann
1903 1314 2754 1367 Dor ihren Sinnen ward er Fleisch und Bein,
351 1322 1697 1375 ein namenloser Schmerz. Einen ganz kleinen Augenblick hoffe ich noch:
1907 1355 2683 1408 Und weil er kalt blieb ihrer tollen Glut,
352 1361 1690 1422 dann aber denk' ich gefasst: Was macht es, ob die Zeit ein Jahr früher
1905 1389 2493 1453 Erfaßte beide blinde Rachewut.
348 1402 1689 1448 oder später kommt! Ich nehme Abschied von allen. Sie weinen, ich kann
1918 1420 2730 1497 An einem Abend, als kein Wächter droht' —
347 1442 1693 1499 nicht mehr weinen. Noch ein Rückblick — — was war’s denn, dies ganze,
1919 1470 2704 1533 Bewarfen sie das hehre Bild — mit Kot.
350 1480 622 1545 lange Leben!
429 1499 1690 1582 Zehn Jahre gingen dahin, wie fünf Minuten. Eben noch stand ich an
1904 1537 2705 1605 Kaum streift' die Sonne ihren Schleier ab,
350 1562 1682 1607 der Schwelle des Daseins, jetzt sink' ich, ein siecher Greis, in das Grab.
1917 1588 2704 1643 Da liefen die zwei Buben schon im Trab,
347 1600 1693 1651 Ich spitze die Ohren, — ich höre Wagen fahren. Das Leben tost weiter,
1911 1628 2639 1679 Um ihre Heldenthat am Tag zu seh'n.
349 1630 1695 1688 es schreitet über die Einzelnen dahin, — nichts sind sie — Staub. Acht
1909 1650 2768 1732 — Erlosch'nen Auges bleiben bleich sie steh'n,
338 1681 1692 1731 Tage trauern die Freunde, acht Jahre die Lieben, achtzig Jahre bleibt viel¬
1907 1704 2642 1764 Denn — weißer, köstlicher als je zuvor
345 1721 1683 1769 leicht, was du geschaffen. Und nun thue deinen letzten Seufzer, Mensch,
1906 1737 2821 1803 Wachs aus dem Schlamm der Frauenleib empor!
340 1756 1192 1817 und mache Platz denen, die nach dir kommen.
1919 1792 2691 1845 Die Nacht, die heilig tröstende und milde,
422 1791 1686 1854 Zehn Minuten vor 1. Der Zug hält, ich muss aussteigen. Und ich
1916 1830 2685 1886 Sie stieg herab zu dem entweihten Bilde
348 1843 1692 1904 schreite auf der Erde dahin, noch ein kraftvoller Mann, und die Blumen
1909 1861 2701 1924 Und rief des Himmels Thränen alle wach!
348 1876 822 1941 blühen — noch heute
1912 1905 2691 1964 Die wuschen ab die unverdiente Schmach.
2071 1938 2853 2009 — durch des Himmels Thränenstrom gefeit,
959 1932 1074 2023 *
1914 1986 2778 2050 Wird man die „Reinheit“ schau'n in Ewigkeit.
2661 1998 2976 2088 Hans Berthal.
533 2072 2688 2234 S. S. S. S. 2. Bicherbroprechuligeit. 8. S. 812
2624 2205 3063 2293 —
348 2227 630 2297 —
1727 2275 3054 2338 Zimmer und schloß die Thüre hinter sich.“ Langsam wird er sich seiner
726 2280 1311 2367 Feige Charaktere.
1729 2320 3057 2386 ganzen Feigheit bewußt — jetzt, nachdem die Frau tot ist, versteht er sich
476 2337 1543 2425 (Schnitzler, A.: Die Frau des Weisen und andere Novellen,
1735 2366 3046 2432 nicht mehr — er begreift nicht, wie er hatte so niedrig handeln können —
721 2390 1333 2463 Berlin, Fischer, 1898. 24 geh.)
1742 2404 3056 2457 „„und wie er zum Thor hinaus war, schlich er sich an der Mauer des Hauses
1731 2430 3053 2488 weiter, und sein Schritt wurde immer schneller, und es trieb ihn aus der
422 2434 1680 2505 Einen Zug haben die Hauptgestalten der Schnitzler'schen Novellen
1720 2471 3052 2518 Nähe des Hauses, und er eilte tief beschämt durch die Straßen; denn ihm
350 2485 877 2554 gemeinsam. Sie sind feig
915 2496 1692 2559 sie kennen ihre Feigheit nicht — aber sie
1730 2522 3060 2586 war, als durfe er nicht trauern wie die anderen, als hätte ihn seine tote
352 2536 1698 2590 fühlen sie und fürchten sie. — Alle müssen an ihrer Feigheit zu Grunde
1735 2565 2559 2617 Geliebte davon gejagt, weil er sie verleugnet —
352 2574 1690 2620 gehen. — Sie haben alle keine Lebenskraft, der ehemalige Geliebte der „Frau
358 2608 1691 2667 des Weisen“ nicht — und nicht er, der zu feig ist, seine kranke Geliebte zu
1803 2649 3056 2702 In der „Frau des Weisen“ sehen wir einen Menschen zu Grunde gehen,
355 2649 1694 2699 besuchen. Jener hat nicht den Mut gehabt, mit der Frau die ihm alles geben
1736 2679 3060 2735 weil er oberflächlich und äußerlich ist, weil er nicht den Mut hat, für seine
718 2687 1678 2732 Er fürchtet den Ehemann; — dieser ist noch feiger.—
350 2691 725 2750 will, fortzugehen. —
1728 2716 3058 2780 Handlung einzustehen. Der „Ehrentag“ behandelt die Seelengeschichte eines
356 2718 1672 2784 Er fühlt — daß die Krankheit seiner Geliebten mit jedem Tage zunimmt
1718 2763 3040 2818 Provinzschauspielers. — Friedrich Roland war nie ein großer Schauspieler —
357 2767 1690 2818 er fühlt auch, daß Frau Anna ihn erwartet — täglich — stündlich — daß
1732 2802 3068 2856 recht geglaubt, daß er ein „ganz Großer“ würde, hat er eigentlich auch nicht.
361 2803 1689 2859 er ihr durch sein Kommen Linderung verschaffen kann — aber er wagt sich
1736 2844 3061 2903 Zwakewußte er, daß er doch nicht so war, wie seine Kollegen — er fühlte,
359 2848 1700 2891 nicht hinauf in die Wohnung des Mannes, den er Jahre lang kalt und
1737 2876 3057 2936 „daß er durchaus nicht zu ihnen gehörte". „Er hätte was ganz anderes
357 2884 1690 2948 klug betrogen hat. Die Geliebte beschäftigt ihn den ganzen Tag, Nachts
1741 2909 3058 2970 werden können, wenn er Glück gehabt hätte.“ Und wenn er das auch nicht
358 2925 1693 2979 findet er keinen Schlaf — er denkt an sie, er überlegt sich „was er nächstens
2624 2960 3065 3013 „Die Art, wie er leise
1724 2949 2632 3016 laut aussprach ##es lag doch in seinem Wesen. —
364 2962 1689 3012 sagen wollte und flüsterte es vor sich hin.“ Der Gedanke, daß sie leidet,
1736 2991 3061 3052 und müde zu reden, wje er langsam und scheinbar stolz einher zu schreiten
353 3000 1701 3065 schreckt ihn auf — er stürzt auf die Straße — er muß zu ihr — doch vor
1724 3046 3060 3094 pflegte, ja selbst eine gemisse Gewohnheit den Kopf nach der Seite zu wenden
362 3041 1695 3092 ihrem Hause ist sein Mut zu Ende — er nimmt einen Dienstmann und
1741 3076 3058 3130 und dabei die Augen halb zu schließen, wurden als komische Zeichen seiner
359 3081 1697 3130 schickt ihn hinauf, um sich nach dem Befinden der Kranken zu erkundigen.
2249 3115 3057 3167 Aber langsam hatte er sich daran gewöhnt.
1742 3119 2197 3175 Unzufriedenheit gedeutet.“
361 3118 1701 3177 Aber selbst da fällt ihm ein wenn der Gatte doch einen Verdacht gefaßt
1730 3157 3065 3205 nur kleine Diener= und Pagenrollen spielen zu dürfen, „ja meistens war er
354 3155 1702 3227 hätte, den Dienstmann ins Verhör nähme, sich von ihm hierher führen
1726 3193 3069 3249 zweiter Knecht oder dritter Verschworenex.“ Er wurde müde und gleichgültig
361 3202 475 3265 ließ.“
1787 3222 3061 3277 #er antwortete nicht mehr auf die Bösheiten der Kollegen, ja sogar mit
446 3227 1696 3299 Auch als ihm der Arzt sagte, daß Frau Anna nicht mehr aufstehen wird,
1738 3274 3066 3329 den Frauen hatte er seit Jahren nichts mehr zu thun gehabt. — Er wollte
358 3262 1691 3328 hat er nicht den Mut — ihr ein letztes liebes Wort zu sagen — nur in
1733 3318 3066 3363 allein sein — allein fühlte er sich am wohlsten nur manchmal, wenn er
357 3316 1695 3369 Gedanken ist er mutig. „„Er sah sich die Treppe hinauf eilen, der Mann
1743 3356 3060 3407 Wein getrunken hatte, kam es ihm zum Bewußtsein, wie zwecklos dies Hin¬
353 3355 1688 3405 empfing ihn, führte ihn selbst zum Bette der Sterbenden — die lächelte ihn
1739 3391 3045 3447 vegetieren war — wie er im Grunde doch immer geheßt und gepeitscht war —
361 3400 1632 3443 an mit brechenden Augen — er beugte sich zu ihr, sie umarmte ihn.
1737 3433 3040 3481 wie gemein all' die Menschen waren, die ihn mit ihren Besheiten quälten —
364 3417 1688 3487 Und jetzt trat der Mann hinzu und sagte ihm: Nun gehen Sie wieder, mein
1479 3466 1528 3519 105
1582 3476 1705 3532 So
1736 3470 3066 3521 in solchen Augenblicken haßte er diesen schwarzen Haufen im Parquet — für
362 3479 1498 3529 Herr, wir werden einander wohl bald mehr zu sagen haben.“
1726 3505 3059 3569 den er allabendlich sich erniedrigen mußte — er hätte die Menschen so gern
1327 3508 1620 3568 so elend feig —
738 3507 1292 3573 aber in Wirklichkeit ist er feig
361 3517 586 3567 träumte er
1738 3540 3063 3600 überzeugt, daß er nicht nur der armselige Schauspieler war, der mmer nur
1113 3549 1694 3603 Erst als er von dem Mädchen
364 3556 896 3610 er läßt Frau Anna sterben.
1732 3592 3056 3640 drei gleichgültige Worte sagen durfte, er wollte diesem Pack da unten
349 3587 1695 3643 hört, die gnädige Frau sei gestorben, geht er hinauf — jetzt will er sie noch
1730 3623 3055 3693 schmeicheln: „„Er wollte bei nächster Gelegenheit mitten in der Szene auf die
367 3630 1692 3681 einmal umschlingen, noch einmal küssen. An dem Totenbett kniete der Gatte.
1728 3665 3066 3729 Knie fallen und zu beten anfangen: O edle Menschen — und ihnen sein
353 3669 1688 3725 Er sieht nicht wer neben ihm steht — er ergreift nur die Hand des Fremden
2427 3700 2472 3754 77
1744 3712 2396 3767 ganzes Leid klagen und sein Elend ..
889 3712 1687 3755 Dank.“ — Da geht mit dem Anderen eine
361 3711 782 3768 und flüstert: „Dank —
1809 3729 3064 3798 Ja, so wollte er einmal sprechen, man würde erkennen, „daß er ein
352 3751 1690 3797 Veränderung vor. „„Sein Schmerz wurde plötzlich ganz dürr und wesenlos.
1725 3774 3053 3849 großer Schauspieler wäre, und viele würden weinen und er vielleicht mit.
362 3790 1695 3838 Er wäre sich sehr lächerlich erschienen, hätte er mit diesem da zusammen
552 3819 620 3864 #77
1813 3826 3066 3887 So oft hat er das alles durchdacht, und die Sätze vor sich hingesprochen,
775 3829 1701 3898 „„Auf den Fußspitzen drehte er sich um verließ das
364 3817 597 3899 geschluchzt.““
1316 3879 2072 4000 Teit mnd Ge#t
2108 3987 2390 4126 N. 44.
1053 4047 1533 4140 1. Gardone
