3336 4252
1428 227 1874 325 box 35/6
1031 238 1214 305 ise!
939 241 998 305 W
568 244 855 303 au des
256 249 1263 335 DIe FI
177 417 282 492 Ase
169 454 1056 523 has been mlch ol i. Mlest
172 518 1389 574 the old naturalism, although it einledl in failure, was quite as
176 574 1383 616 interesting as if it had succceded. The novel, on the other handl,
189 606 1384 663 has fallen below the level of many geurs past; nothing has
171 659 1385 704 appeared that has a verg pressing claim upon the attention ofa
171 697 1379 748 non-German publie. But if one book rather than another is to
172 742 1386 793 be singled out as the best novel of the vear, it will probably be
178 803 1380 848 Frau Helene Böhlau's“ Halbtier,' while in the domain of the
188 851 1380 891 short story nothing better has recently been published than the
183 879 1385 944 collection bearing the title“ Die Fran des Weisen, by the
186 941 1386 988 Viennese author, Arthur Sehmitzler. The lrrie shows, on the
182 970 1384 1022 vhole, more freshness amd originality; hardig a seison jasses
194 1007 1422 1091 but lyrie poctry in Germany seeins to pass through some 1¬
961 1695 1054 1793 W
1757 1743 2661 1846 Russtenungs=Britung.
470 1757 1615 1843 zwischen diesen Menschen, die einander doch lieben und die
460 1822 1620 1891 einander fortwährend entgleiten, bis zum Tod. Der hält
458 1887 1606 1928 dann eine Zeit lang auch den Ueberlebenden in seiner eisernen
1631 1853 2776 1922 Bosnische Holzverwerthungs=Actiengesellschaft.
460 1927 1606 1976 Faust und zwingt ihn, seine ganze, wahre Seele herzugeben.
1709 1942 2774 1996 Wie bereits gestern kurz berichtet, widmete der Kaiser
471 1957 1607 2026 Intensiv geschaute, fein gezeichnete Seelenstudien sind diese
1628 1974 2765 2025 bei seinem gestrigen Rundgange durch die bosnische Aus¬
464 2011 1595 2065 zwei Erzählungen („Blumen“ und „Die Todten schweigen").
1631 2023 2773 2077 stellung eine eingehende Besichtigung dem großen, neben dem
465 2048 1606 2108 Die dichterische Größe des Todesgedankens kann und soll
1636 2067 2773 2111 Regierungspavillon an der Südavenue gelegenen Pavillon
463 2101 1606 2151 natürlich durch diese sorgsam gearbeiteten Skizzen
1624 2109 2773 2168 der Bosnischen Holzverwerthungs=Actien¬
994 2131 1617 2194 In einer anderen Novellette
468 2131 974 2203 nicht ausgefüllt werden.
1637 2155 2777 2204 gesellschaft in Teslic bei Usora. Beim Eingang
1237 2179 1605 2243 läßt der Dichter
454 2179 1234 2237 wieder („Die Frau des Weisen“)
1638 2196 2774 2243 des Pavillons wurde der Präsident der Gesellschaft, Doctor
457 2225 1602 2287 das große wortlose Verzeihen von einem innerlich
1639 2243 2768 2296 Joseph Kranz, vom Minister v. Kallay dem Monarchen
456 2266 1612 2318 fremden Dritten, dem Ehemanne, her wie einen starren
1632 2289 2773 2345 vorgestellt, worauf Dr. Kranz die folgenden Herren vor¬
470 2315 1618 2371 undurchdringlichen Schleier über die Frau sinken, so daß sie
1632 2337 2766 2389 stellte; die Directoren Buchholz und Kremenezky
466 2366 1615 2412 der Geliebte hinter diesem dunklen, ernsten Schatten, der
1635 2372 2772 2431 von den Schuckert=Werken, welche für alle bosnischen Pavillons
457 2407 1612 2459 über sie fällt, nicht wiederzuerkennen, seiner Liebe nicht
1624 2417 2776 2478 der Ausstellung die Beleuchtungsanlagen geliefert haben,
461 2447 1615 2500 wiederzugeben vermag. Das große schweigende Fremde, das
1642 2457 2774 2514 ferner Herrn Porges, Chef der Brünn=Königsfelder Ma¬
456 2487 1607 2531 von Außen her kommt und sich gebieterisch in einer Seele
1642 2503 2775 2564 schinenfabrik, welche die Holzbearbeitungsmaschinen für die
461 2535 1612 2587 durchsetzt, ihr ganzes Gefüge mit einem gewaltsamen Griff
1645 2553 2778 2608 Fabrik beigestellt und zur Ausstellung gebracht hat, ferner
469 2576 1597 2622 verändert, spielt immer und immer wieder in diesen tief ge¬
1637 2592 2777 2666 Herrn Karl Tschurl, Chef der gesellschaftlichen Holzmumi¬
463 2620 1617 2659 haltvollen Geschichten die bewegende Rolle. So rückt eine
1648 2637 1950 2696 ficirungsanstalt.
462 2656 1625 2712 dichterische Individualität, die von ihrer eigensten Natur und
1718 2661 2764 2732 Der Kaiser erkundigte sich bei Dr. Kranz über die
466 2708 1611 2760 vom Leben auf einen so ganz besonderen Platz gestellt wurde,
1637 2716 2768 2774 Fabricationszweige der Gesellschaft. Dr. Kranz theilte dem
470 2751 1612 2806 durch nichts Anderes, als die Kraft edler und wahrer Dich¬
1633 2767 2778 2831 Monarchen mit, daß die Werke der Gesellschaft sich nebst
470 2805 1615 2852 tung getrieben, auf die weitschauenden Höhen ewiger Ge¬
1629 2812 2780 2865 der Trockendestillation des Holzes ins¬
470 2835 1623 2888 danken, an die unsterblichen Grundthemen der größten Geister
1635 2851 2773 2911 besondere mit der Mumificirung von Hölzern
463 2882 1618 2937 vor. Die Technik Schnitzler, das Wort seiner Erzählung
1636 2904 2774 2965 nach einem ganz neuen Verfahren beschäftige. Dr. Kranz
476 2933 1624 2982 macht noch immer bescheiden bei den Außendingen, an der
1646 2945 2764 2991 wies darauf hin, daß dieses Verfahren auch für militä¬
472 2970 1612 3037 Wirklichkeit Halt; aber die Gedanken gehen von selber weiter,
1638 2999 2779 3042 rische Zwecke, insbesondere für Baracken=, Brücken= und
476 3019 715 3085 in's Ewige.
1641 3032 2774 3073 Pilotenbauten von großer Bedeutung sei. Durch dieses Ver¬
1641 3073 2766 3132 fahren wird das Holz in einen todten Körper
564 3065 1609 3126 Seine Arbeiten zeigen in der Composition den erfahrenen
1632 3122 2776 3179 verwandelt, so daß es weder der Fäulniß,
472 3121 1615 3163 Erzähler, der den Zweck in allen Momenten weiß und ihn
1635 3165 2771 3238 noch dem Springen, Reißen oder Schwellen
475 3174 1609 3224 sorgsam vorbereitet. Es ist kein unnützes Abschweifen, kein
1627 3196 1900 3273 ausgesetzt ist.
469 3224 1620 3262 jugendliches Verirren in ferne liegende Schönheiten in allen
1717 3234 2774 3313 Diese Mittheilungen über das Mumificirungsverfahren
481 3251 1629 3316 Geschichten dieses Buches. Was kommen soll, wird in deut¬
1649 3295 2769 3351 erregten solches Interesse des Monarchen, daß er sich von
468 3306 1611 3349 lichen, durchaus nothwendigen Zeichen vorbereitet und durch¬
1632 3339 2775 3379 Dr. Kranz eingehende Erklärungen über die dabei verwende¬
467 3350 1607 3404 geführt. Und da es sich nur um seelische Erscheinungen handelt,
1636 3387 2775 3440 ten Methoden geben ließ. Mit großer Aufmerksamkeit vernahm
482 3400 1619 3443 ist alles störende äußere Beiwerk, oft bis auf die Namen der
1628 3431 2771 3483 der Kaiser diese Mittheilungen und bemerkte dann, zu Minister
472 3442 1620 3485 Hauptpersonen, vermieden. Und dennoch sieht man — freilich
1635 3481 2779 3530 v. Kallay gewendet: „Das ist wirklich außerordentlich inter¬
473 3477 1609 3528 im Zusammenhang mit Schnitzler's früheren Arbeiten, die ja
1633 3514 2776 3551 essant.“ Welche Erfolge mit den modernen Holzimpräg¬
469 3532 1617 3569 mit dieser nur ein einziges großes Werk der Culturanalyse
1634 3561 2767 3613 nirungsmethoden erzielt werden, konnte der Kaiser an zwei
478 3559 1619 3601 bilden — jede Person auch körperlich ganz deutlich vor sich.
1632 3603 2771 3652 in dem Pavillon ausgestellten Objecten sehen. Das eine ist
480 3602 1608 3653 Die Sprache ist, bei aller Kraft und Fülle des Ausdruckes,
1638 3646 2774 3699 ein Stück imprägnirtes Holz, welches zwei Jahre im
470 3655 1620 3713 bei aller plastischen Greifbarkeit dessen, was gezeigt werden
1623 3686 2767 3735 Kriegshafen von Pola versenkt war und welchem noch
480 3692 1608 3752 soll, ganz ruhig und gelassen, wie eine schöne Verkündigung
1636 3731 2776 3777 die Muscheln anhaften, die sich im Meere daran angesetzt
479 3747 1622 3794 von etwas dem Bewußtsein unumstößlich Feststehenden, die
1639 3773 2771 3827 haben. Trotzdem ist das Holz vom Seewurm gar nicht
478 3777 1620 3832 Offenbarung einer Seele, welche die reiche Fülle ihres In¬
1634 3814 2759 3871 angefressen, sondern ist vollkommen intact geblieben,
482 3819 1622 3871 haltes bereits in gute und ruhige Ordnung zu bringen
1637 3869 2768 3916 während ein anderes gleichfalls im Hafen versenktes, jedoch
485 3865 1615 3919 wußte — ein köstlicher Theil aus unserer großen Erbschaft
1629 3893 2777 3942 nicht imprägnirtes Holzstück vollständig durchfressen erscheint.
1251 3905 1589 3977 Willi Handl.
478 3909 1101 3978 nach Johann Wolfgang Goethe.
1619 3922 2806 4022 Der Kaiser betrachtete diese Objecte mit ebenso großem
2978 1689 3149 1777 A
2934 1742 3078 1800 ——
2786 1756 3327 1837 im Theater hat einen sehr
2793 1824 3300 1884 In den nächsten Tagen
2802 1867 3316 1928 Sondervorstellungen für Sch
2781 1909 3316 1984 begonnen, sowie mit der Au
2791 1956 3302 2015 combinirten Ausstellungs¬
2784 1994 3330 2077 Süd- und Nordeingang de
2795 2040 2971 2102 werden.
2876 2067 3319 2142 [Im bosnischen Regie
2785 2115 3317 2178 der Kaiser auch die von der
2784 2163 3312 2220 gestellten Producte, wobei Mir
2790 2203 3321 2253 rath Dr. Max Landau vorst
2796 2245 3313 2288 Provenienz und Absatz und n
2790 2277 3322 2326 daß das Oel aus Galizien kom
2791 2325 3328 2366 während die Nebenproducte er##
2792 2355 3318 2402 Ammoniaksodafabrik
2787 2396 3318 2447 Verwaltungsrath Sigmund G
2790 2438 3323 2492 mit dem Bemerken vorgestellt,
2793 2475 3310 2531 der Monarchie und eine der b
2786 2511 3312 2569 widerte der Minister, daß die
2788 2554 3323 2601 Tuzla nach der Fabrik in Luka
2791 2592 3314 2639 Geiringer seine Anerkennung
2803 2668 3328 2774 Theater, Kunst
2856 2785 3319 2873 (Burgtheater.) Fräul
2779 2848 3304 2915 das Rautendelein. Sie ist.
2787 2898 3342 2960 vielleicht das reizendste von
2785 2944 3318 3004 Töne fröhlicher Liebe an, ihm
2796 2988 3342 3056 einer tiefen Zärtlichkeit durch
2787 3028 3318 3087 Lage mit dem schnurrenden
2798 3077 3326 3130 gurren. In der Tiefe erinner
2792 3121 3341 3169 an die Barsescu. So wei
2797 3157 3295 3221 Rautendelein spielt, so si
2796 3212 3342 3267 traf sie die Waldfrische und
2786 3253 3340 3312 besten. Nur einige Absichtlich
2796 3293 3342 3357 ten Posen und in dem häu
2794 3329 3340 3403 möchte man gerne beseitigt n
2931 3381 3340 3455 Das Deutsche Vo
2794 3427 3340 3499 bester Quelle erfahren, Gerhart
2802 3484 3314 3552 Censur überreicht. Statthalter
2794 3526 3332 3601 bekanntlich in dem famosen Int
2793 3579 3328 3643 nur mit Rücksicht auf die mome
2795 3627 3337 3693 verboten wurden, und daß je
2793 3677 3340 3729 nichts Besonderes mehr im Weg
2790 3728 3328 3789 Kleinigkeit eines „versöhnlichen
2783 3775 3338 3830 nimmt unseren Hoffnungen, nä
2780 3828 3341 3883 zu sehen, einigermaßen die Sich
2797 3869 3340 3934 guter Gedanke von der Directio
2797 3921 3337 3978 Behörde so rasch beim Wort zu
