3336 4252
1430 232 1881 330 box 35/6
533 242 1077 316 rau des Nej
1065 248 1268 348 isen
849 299 960 351 —
147 252 639 364 1. Die
718 306 818 340 —
2110 508 2660 617 — p#at
2412 576 2568 660 72¼
2345 671 2766 758 Nummer 221.
1255 683 2038 762 München, Freitag, 30. September.
525 685 987 797 Jahrgang 1898.
1068 892 1372 959 AON%
1258 929 1353 988 5
1033 922 1261 1020 H
1245 949 2795 1052 Allgrmeinen Zellung.
474 806 906 1049 Beila
1132 1000 1254 1065 * □
1286 1031 1356 1071 C
1314 1039 1430 1113 —
1078 1025 1291 1121 #
1168 1071 2805 1176 — stung — Quartalpreis für die Beilage: M. 4.50. (Bei direeter Lieserung:
553 1112 1089 1162 Druck und Verlag der Gesellschaft
1733 1154 2799 1193 Inland M. 6.—, Ausland M. 7.50.) Ausgabe in Wochenheften M. 5.-
649 1148 1098 1204 „Verlag der Allgemeinen Z
1801 1184 2758 1235 (Bei directer Lieferung: Inland M. 6.30, Ausland M. 7.—)
478 1161 1754 1245 Beiträge werden unter der Aufschrift „An die Redaction der Beilage 622/44
1756 1216 2783 1271 Aufträge nehmen an die Postämter, für die Wochenhefte auch die
752 1234 1300 1276 zur Allgemeinen Zeitung“ erbeten.
1693 1238 2797 1323 Buchhandlungen und zur direeten Lieserung die Verlagsexpedition.
485 1251 1567 1306 Der unbefugte Nachdruck der Beilage=Artikel wird gerichtlich verfolgt.
1113 1306 2163 1372 Verantwortlicher Herausgeber: Dr. Oskar Bulle in München.
1657 1419 2813 1496 liebten sich“ (Dresden und Leipzig, Pierson) aus: diese
899 1424 1209 1500 Aebersicht.
1660 1475 2817 1543 ganz unklar und formlos erzählte Geschichte eines Frauen¬
475 1471 1637 1545 Neue Erzählungen. Besprochen von Alexander v. Weilen. — Die
508 1525 1594 1577 heiligen Stätten in Palästina. — Mittheilungen und Nachrichten. —
1656 1537 2821 1604 herzens, stofflich an Gabriele Reuter erinnernd, ist wohl
500 1574 1154 1640 Inhaltsverzeichniß zum III. Quartal.
1657 1575 2383 1656 eines der unfehlbarsten Schlafmittel.
1745 1601 2825 1684 In diesen und vielen ähnlichen Werken lebt eine alte
1658 1669 2817 1728 Tradition weiter; die Erweiterung, von der oben ge¬
1664 1726 2825 1786 sprochen wurde, kann sich nur dadurch vollziehen, daß Ge¬
807 1727 1300 1817 Neue Erzählungen.
1664 1766 2819 1824 danken unsrer Zeit in den Mittelpunkt der Dichtung treten
695 1802 1418 1870 Besprochen von Alexander v. Weilen.
1661 1808 2822 1872 und sie erfüllen. Die beiden groß angelegten Romane,
1662 1869 2827 1920 die diesmal vorliegen, stehen unter dem Zeichen Friedrich
565 1853 1639 1924 In der Literatur erheben sich heute dieselben Klagen wie
2464 1906 2825 1982 aber welch ver¬
1664 1911 2471 1989 Nietzsche's. Derselbe Ausgangspunkt —
476 1908 1639 1973 in Kunstausstellungen: man vermißt die großen, heroischen
1663 1956 2065 2025 schiedene Resultate!
474 1963 1629 2019 Gemälde und fühlt sich durch die Menge der Genrebilder
1746 1990 2820 2064 Nietzsche, der Dekadent, ist der geistige Vater von
465 2021 1638 2078 leicht abgespannt und angeödet. Auch die Schriftsteller
1670 2052 2821 2115 Gabriele d'Annunzio's: „Lust“ (übersetzt von M.
463 2064 1643 2123 geben am liebsten Skizzen, angedeutete Problemchen, der
1668 2106 2821 2155 Gagliardi, Berlin, Fischer). Mit diesem Buche ist dem
473 2105 1638 2163 historische Roman liegt ganz brach, ja selbst eindringende
1651 2153 2822 2205 deutschen Leser sozusagen das „Werk“ des Italieners über¬
468 2154 1641 2238 psychologische Analysen größeren Umfangs werden immer
1659 2200 2831 2254 liefert und sein innerstes Wesen in dieser dem Selbstportrait
467 2211 1638 2266 seltener. Auf der einen Seite ist dies ja bedauerlich, zumal
1657 2239 2827 2297 angenäherten Studie erschlossen. Aber seine Bedeutung
469 2255 1642 2306 da in diesen Kleinstücken der Erzählungskunst allzusehr der
1655 2285 2830 2355 geht weiter: es ist ein Denkmal einer ganzen Epoche und
461 2298 1634 2364 stoffliche Reiz, die Anekdote an und für sich, den Ausschlag
1666 2346 2833 2406 eine Ars amandi“ des endenden Jahrhunderts und des
460 2349 1637 2412 für die Beurtheilung der dichterischen Begabung geben muß,
1663 2384 2822 2439 raffinirten Ueberkulturmenschen. Der Inhalt ist in wenige
475 2400 1646 2451 ein höchst zweifelhaftes Kriterium; auf der anderen Seite
1655 2429 2826 2477 Worte zu fassen: Andrea Sperelli's Verhältniß zum Weibe.
475 2435 1644 2492 aber entsprechen diese kleinen Formen mit ihrem kleinen
1656 2479 2829 2542 Und dies erschöpst nicht etwa nur das Buch, nein, den
473 2482 1642 2541 Inhalte auch der Zeit, in der sie geschaffen worden, und
1659 2515 2830 2580 Helden selbst, der nur in physischen und geistigen Sensationen,
474 2536 1649 2585 die überlebensgroßen Gestalten unsrer Ahnen hätten in den
1661 2570 2826 2628 die alle wieder auf Liebe zurückgehen, dahintaumelt. Auch
475 2581 1642 2631 niedlichen Hütten, in die wir Leben wie Literatur bergen,
1661 2615 2824 2686 an Charakteren im landläufigen Sinne fehlt es gänzlich:
463 2631 1647 2686 keinen Raum. Der Ruf nach Göttern findet nur da Er¬
1670 2653 2827 2725 schattenhaft bleiben die Gestalten der beiden Frauen, und
465 2681 1641 2737 hörung, wo man Götter glaubt. Wenn sich auch die Un¬
1656 2716 2821 2773 sowohl das liebedürstende, wie das in erzwungener Keusch¬
475 2725 1646 2780 möglichkeit, große Gestalten im Sinne vergangener Zeiten
1653 2760 2824 2817 heit widerstrebende Weib werden in gleicher Weise Opfer
469 2771 1646 2830 zu schaffen, am stärksten und sichtlichsten im Drama kund¬
1659 2819 2824 2872 ihrer Sinne. Das Vergeistigte der Leidenschaft, das der
474 2811 1641 2890 gibt, auch die Prosaerzählung gibt ihr Bestes auf inhaltlich
1667 2854 2830 2912 Dichter in Maria zeichnen will, wird, obwohl er mit rhetori¬
481 2867 1246 2928 wie räumlich eng begrenztem Gebiete.
1661 2914 2828 2968 schen Tagebuchblättern arbeitet, doch nur wieder rein
569 2915 1641 2974 Umsomehr fallen Werke ins Auge, welche die engen
1655 2966 2826 3013 physisch, und die Frauen der Gesellschaft unterscheiden sich
467 2969 1636 3020 Grenzen kühn erweitern. Dazu rechne ich nicht jene histori¬
1656 2998 2826 3053 nicht im mindesten von den Hetären, welche eine episodistische
481 3006 1646 3078 schen Romane, welche einen Strumpf, den die Mühlbachs,
1655 3050 2834 3100 Scene vorführt. Denken und Wollen — das sind die zwei
482 3058 1654 3122 Scheibes u. a. unvollendet gelassen haben, getrost weiter
1665 3097 2828 3156 Dinge, welche d'Annunzio's Gestalten abgehen, vor allem
477 3107 1641 3169 stricken. Ein derartiger Leihbibliotheksroman liegt z. B. in
1658 3147 2825 3214 dem Helden, welcher das feinste, empfindlichste Barometer
472 3154 1652 3227 Oskar Mysings „Beresina“ (Berlin, O. Janke, 3 Bde.)
1666 3190 2829 3255 für erotische Sensationen verkörpert. Andrea Sperelli ist
479 3199 1650 3265 vor, eine Haupt= und Staatsaktion unter dem prunkenden
1661 3235 2828 3300 ein Künstler des „Genusses“ — vielleicht wäre so der Titel
481 3250 1648 3300 Aushängeschild des Namens Napoleon, verquickt mit einer
1665 3279 2838 3348 „Piacere“ besser wiederzugeben gewesen — er schwelgt im
470 3301 1649 3364 abenteuerlichen, effektgierigen Liebesgeschichte. Ebensowenig
1660 3320 2833 3393 höchsten Raffinement der Sinne durch die ihm eigenen
484 3345 1645 3398 kann eine Marlitt=Geschichte, wie E. v. Wald=Zedwitz':
1663 3388 2834 3445 künstlerischen Gaben. Er ist Dichter, Kupferstecher, Kavalier
483 3397 1651 3470 „Man sagt“ (Leipzig, List) Anspruch auf ernsthafte Be¬
1664 3429 2831 3491 ohne Tadel, ein Meister der Form, wie der Dichter selbst;
477 3438 1648 3501 achtung machen, wenn auch das Publikum an dem jungen
1657 3482 2827 3545 ihm ist er ein Abkömmlung jener Renaissance, wie er die¬
472 3498 1649 3551 Manne, der von einer theatralischen Sendung à la Wilhelm
1663 3522 2831 3592 selbe mit trunkenen Augen schaut, als eine Orgie aller
478 3556 1651 3598 Meister phantasirt, um urplötzlich seine künstlerischen Ideen,
1661 3596 2834 3633 Künste, aller Schönheiten, gekrönt von dem Schönsten, dem
482 3586 1644 3639 die allerdings niemals ernst waren, aufzugeben und in
1672 3631 2827 3685 Weibe. Selbst die Wollust wird ihm durch Erinnerung an
483 3632 1642 3699 den friedlichsten Hafen der Ehe einzufahren, sowie an den
1660 3678 2829 3725 ein Bild, ein Gedicht, eine Statue erst vermittelt, die
484 3682 1654 3730 vielen lustigen und traurigen Verliebten männlichen und
1666 3716 2827 3774 schöne Natur spricht zu ihm erst durch das Medium der
473 3728 1649 3787 weiblichen Geschlechts, die sich nach schrecklichen Verwirrungen
1664 3773 2817 3824 schönen Kunst. „Man muß sich sein eigenes Leben schaffen,
483 3778 1650 3840 doch zu den richtigen Pärleins zusammenfinden, und an
1666 3822 2825 3869 wie man ein Kunstwerk schafft“, lehrt ihm sein Vater; das
484 3828 1657 3885 den kleinen Hofintriguen sein Gefallen finden kann. Immer¬
1662 3863 2831 3922 klingt wie ein Goethe'sches Wort, aber eigentlich ist in ihm
483 3882 1657 3929 hin wird ihm das flott geschriebene Buch die Zeit ver¬
1654 3922 2833 3967 das Verhältniß umgekehrt: er schafft sich erst aus dem
476 3918 1648 3986 treiben, und das ist's ja, was so viele Leser vom Romane
1665 3952 2829 4011 Kunstwerke das Leben. Und dies ist ein bedeutender Unter¬
478 3972 1649 4028 verlangen. Eine andere Wirkung, die dickleibigen Büchern
1645 4001 2841 4064 schied. Sein ästhetischer Sinn ist sein einziger Führer,
485 4014 1651 4103 öfter eigen zu sein scheint, geht von A. Hers: „Sie
