3336 4219
611 190 1140 268 au des Nei:
1091 244 1325 305 —
949 248 990 288 —
737 259 844 299 —
282 218 646 305 Die
707 1629 1186 1728 Wiener Autoren.
502 1716 1440 1778 Guy de Maupassant sagte einmal: „Mich zwingen
418 1760 1442 1827 leider die Umstände, jahraus, jahrein Novellen und Romane
436 1824 1445 1870 zu schreiben. Wäre dies nicht der Fall, so würde ich mein
433 1864 1442 1922 ganzes Leben hindurch an einem einzigen Buche arbeiten
419 1907 992 1972 und daran unablässig bosseln.“
509 1963 1446 2016 Dieser Ausspruch, so paradox er auch erscheint, ent¬
437 2009 1445 2066 hält doch einen Kern tiefer Wahrheit. Wie bedeutend ist
422 2049 1439 2104 der Zahl nach das literarische Gepäck der meisten modernen
433 2105 1438 2166 Schriftsteller und besonders Derjenigen, denen es gelungen,
426 2149 1442 2204 die Massen an sich zu locken. Aber wenn man näher zu¬
424 2197 1433 2252 sieht, so findet man, daß Jeder eigentlich nur ein einziges
418 2244 1439 2303 Buch geschrieben, in dem seine Eigenart sich erschöpfte.
419 2295 1442 2358 Was dann folzt, sind gemeiniglich Variationen des
419 2340 1446 2394 ursprünglichen Themas. Die Wahrheit dieses Satzes
429 2385 1432 2440 leuchtet auch aus Arthur Schnitzler's jüngstem Buche
422 2441 1433 2495 hervor, einer Sammlung von Novellen, die er nach der
427 2483 1434 2538 ersten Geschichte „Die Frau des Weisen"*) betitelt
421 2528 1430 2585 hat. Der Ton, den Schnitzler in seinem Erstlingswerk, im
422 2583 1439 2632 „Anatol“, anschlug und der in seinen späteren Arbeiten
422 2623 1434 2664 immer wieder erklang, er hallt uns auch hier entgegen.
417 2666 1434 2720 Wir finden ihn auch in diesem Buche, den jungen, ein wenig
422 2710 1440 2779 blasirten, ein wenig trübsinnigen Lebemann, dessen Daseins¬
424 2756 1436 2822 zweck ausschließlich darin gipfelt, zu liebeln. Die große,
428 2819 1438 2866 elementare Leidenschaft kennt dieser Lebemann nicht. Für ihn
419 2851 1431 2910 ist die Liebe ein bald heiteres, bald wehmüthiges Spiel,
428 2901 1434 2950 das ihn anregt, aufregt, ohne ihn je in der Tiefe der
426 2944 1434 3008 Seele zu erschüttern. Es sind diesmal allerdings nicht
421 3006 1440 3056 hsüße Mädel“, sondern verheiratete Frauen, die ihm eine
425 3041 1438 3086 bunte Fülle angenehmer Sensationen verschaffen. Aus der
428 3084 1431 3161 Art und Weise, wie hiebei Schnitzler seine Stoffe be¬
528 3175 1161 3254 *) Berlin, Verlag S. Fischer, 1898.
1462 180 1891 275 box 35/6
1966 1541 2284 1647 —
1465 1633 2464 1689 handell, läßt sich entnehmen, wie er über die Ehe denkt.
1472 1673 2466 1733 Sie erscheint ihm als eine durchaus unliebsame, durch den
1470 1728 2479 1774 Ehebruch gemilderte Institution, bei der immer der „Dritte“.
1463 1773 2467 1823 Recht hat. Auf diesen fällt denn auch alles Licht; seine stillen
1465 1819 2471 1860 Seelenfreuden und seine Kümmernisse werden mit herz¬
1469 1868 2465 1919 beweglichen Worten geschildert. Das tritt so recht in der
1461 1913 2472 1969 zweiten Geschichte des Buches hervor. Ein junger Mann,
1459 1960 2464 2012 der zwar Alfred heißt, in dem wir aber unseren alten Be¬
1457 2004 2470 2072 kannten Anatol wieder erkennen, erwartet seine Geliebte,
1466 2054 2468 2104 die natürlich eine verheiratete Frau ist. Sie kommt nicht.
1465 2099 2458 2157 Aus einem gewichtigen Grunde: sie ist krank. Anatol
1457 2149 2456 2206 kennt nicht den Galten seiner Geliebten. Er hat sie auch
1461 2201 2466 2256 nie in ihrem Heim besucht. Er muß also draußen vor dem
1470 2239 2469 2307 Hause warten, um bald beim Stubenmädchen, so ofi es
1468 2293 1644 2348 auf der
1677 2286 2467 2350 ße erscheint, bald beim Arzt, wenn er den
1466 2340 2462 2396 Wagen beneigt, Nachfrage über den Zustand der Kranken
1463 2395 2463 2441 zu halten. So verstreichen einige qualvolle Tage. Da er¬
1467 2434 2475 2484 fährt er eines Morgens, daß die junge Frau gestorben sei.
1463 2479 2477 2531 Es drängt ihn, sie noch einmal zu sehen. Er betritt die
1463 2526 2465 2578 Wohnung und schreitet in das Schlafgemach, wo die Todte
1451 2578 2459 2627 liegt. Er ist nicht allein drin. Der Gatte liegt auf
1469 2618 2460 2679 den Knien zu Füßen des Bettes, darin die Todte, deren
1464 2664 2466 2724 Hand er hält. Er hebt ein wenig den Kopf, als der
1454 2716 2456 2775 „Andere“ eintritt, ergreift dessen rechte Hand und flüstert
1453 2758 2457 2814 mit thränenerstickter Stimme: „Dank, Dank!“ Und nun
1462 2803 2466 2859 glaubt der „Andere“ plötzlich, als ob um die Lippen der
1463 2858 2453 2920 Todten ein fremdes, verächtliches Lächeln spiele. Und dieses
1465 2902 2460 2960 Lächeln sagt: „Ich habe Dich geliebt und nun stehst Du
1463 2947 2458 3013 da wie ein Fremder und verleugnest mich. Sag' ihm doch,
1452 2996 2464 3052 daß ich die Deine war, daßes Dein Recht ist, vor viesem
1454 3046 2463 3102 Bette niederzuknien und meine Hände zu küssen. Sag' es
1449 3085 2452 3147 ihm! Warum sagst Du's ihm denn nicht?“ Aber er wagt
1452 3140 2476 3196 es nicht. Er schleicht sich hinaus und eilt tief beschämt
2486 1636 3333 1719 wie die Anderen, als hätte ihn seine todte Gelieb
2490 1681 3013 1748 gejagt, weil er sie verleugnet.
2573 1710 3331 1798 Sein Schilerz geht uns indes nicht son
2490 1769 3339 1837 Herzen. Wir wissen ja, daß dieser junge Lebeme
2495 1823 3340 1889 bald gesunden und in einer neuen Liebelei Tröstt
2494 1873 3340 1931 erquickliche Beruhigung finden werbe. Schnitzler
2494 1919 3332 1975 man sieht, der Tragik aus dem Wege, so traurig
2486 1965 3341 2019 weilen seine Stoffe sind. Seine Psychologie hat d
2481 2015 3340 2067 mehr Raffinement als Tiefe. Er überredet mehr
2481 2061 3336 2119 überzeugt. Aber seine stille, saufte Art hat do
2483 2102 3331 2156 liebenswürdigen Zauber, dem man sich nicht I
2493 2155 3341 2206 windet. Auf die Dauer freilich geht uns die Gleic
2483 2201 3341 2251 keit des Grundtones in der Darstellung sowohl,
2478 2244 3334 2305 in den Motiven doch auf die Nerven. Und so wi
2488 2292 3341 2348 zu wünschen, daß der Dichter über sein erstes Bi
2478 2343 3330 2415 auswachse und daß in seine Lebensauffassung etwa
2475 2376 2718 2459 hineinklinge.
2561 2465 3328 2541 Was hier als Wunsch erscheint, hat in 2
2486 2517 3332 2587 Engel's Begabung erfreuliche Erfüllung
2484 2574 3340 2623 Engel besitzt Humor. Das bekundet in viel höhere
2479 2624 3332 2673 als seine früheren Arbeiten sein jüngstes Buch
2483 2660 3330 2723 Liebckommt“,*) das eine Reihe kleiner G
2476 2711 3333 2769 enthält, von denen uns jede, bald durch eine fein
2487 2747 3330 2812 achtung, bald durch eine geistreiche Pointirung des
2487 2808 3334 2859 anspricht. Engel's Humor quillt aber nicht aus de
2479 2855 3339 2912 genügsamen, absichtslosen Freude bei der Betrach
2479 2905 3327 2961 Schwächen und Verkehrtheiten der Menschen. Se
2477 2950 3340 3003 hat gemeiniglich auch einen satirischen Stachel, de
2483 2997 3329 3050 besonderem Nachdruck gegen jene trockene, geschäft
2471 3045 3329 3104 Auffassung der Liebe und der Ehe kehrt, wie sie in
2477 3092 3331 3167 lichen Kreisen vorwaltet. Seine Satire ist li
2567 3177 3271 3254 *) Berlin 1898, Hugo Steinitz' Verlag.
