3276 4037
299 180 1728 253 9. Der blinde Geronimo und sei
1802 181 2123 255 Bruder
2303 181 2683 285 box 1/7
451 202 2122 288 SI
378 884 606 973 Leitung:
690 882 1000 983 Zeits
367 986 513 1066 —
699 970 1063 1070 Bresis:
363 1076 568 1164 Sstn
2556 1127 2701 1177 ——
2213 1134 2269 1199 71
752 1078 1169 1219 6. Juni 1915
2248 1144 3070 1259 SERLINEN TAGBLAT7
1895 1193 2346 1284 Ausschnitt aus:
386 1258 1652 1319 Arthur Schnitzler, „Der blinde Geronimo und sein
2262 1252 2566 1355 31.M0Al 1975
1913 1293 2089 1361 vom:
366 1300 1655 1374 Bruder“. (S. Fischer Verlag, Berlin.) — Mit diesem Büchleir
366 1358 1655 1411 hat der Wiener Dichter seine Kunst in hochherziger Weise in der
361 1393 1654 1463 Dienst der Kriegsfürsorge gestellt: Das gesamte Erträgwis ist dei
368 1439 643 1493 in Felde. Erl
677 1439 1658 1490 ndeten der deutschen und der österreichisch=unga
2086 1442 2807 1528 Die Poesie der Blindheit.
988 1484 1649 1523 dieser äußeren Bestimmung har
1891 1492 3062 1573 F. E. Arthur Schnitzlerder mitleidige Anatom mensch¬
1023 1519 1646 1580 des Buches, mit dem der Dichte
1837 1552 3059 1612 licher Seelen, hat eine Nobelle geschrieben „Der blinde Gero¬
986 1563 1647 1612 be gibt, die nicht materieller Ar
1852 1583 3060 1645 nimo“, die jetzt im Verlag S. Fischer, Berlin, neu erschienen ist, und
953 1598 1645 1653 3 Mitfühlen an ihre Seelen richtet
1842 1637 3056 1693 der man schon deshalb viele Freunde wünschen will, weil der Ertrag
964 1638 1650 1690 diese kleine Geschichte eine leise
1843 1682 3059 1733 des Buches den Kriegsblinden der deutschen und der
963 1686 1645 1732 an die Armen, die ihr Gebrecher
1847 1724 2865 1777 österreichisch= ungarischen Armee zugedacht ist.
978 1726 1480 1768 5 Verbitterung zeugend
1537 1726 1649 1778 Ab
1906 1744 3048 1812 Diese kleine Geschichte, herb im Geschehen, holdselig im Gefühl, ist
900 1757 1431 1809 früher Kindheit hat Geron
1549 1760 1655 1814 durd
1841 1800 3057 1850 wie ein Frühlingstag, den ein rasches Gewitter kreuzt, und sie findet
1003 1808 1413 1856 ren Bruders Carlo
1565 1803 1646 1856 zen
1844 1840 3058 1893 uns innig empfangsbereit, weil das körperliche Elend von vielen
1015 1838 1405 1899 lrheber des Unglücks
1848 1878 3058 1930 Tausenden vor unserem Auge ist. Was Schnitzler hier dichterisch ver¬
942 1887 1415 1944 iche Verzweiflung bege
1557 1885 1653 1937 urd
1848 1929 3042 1977 klärt, ist jene bei Blinden oft bemerkte Eigenschaft des Mißtrauens;
971 1930 1646 1977 ern durch ein Leben, das ganz den
935 1963 1655 2021 sein Handwerk, und damit jede Aus
1847 1973 3049 2017 sie ist eine Verdunkelung des Gemüts, die der Verdunkelung des Siunes
934 2011 1652 2056 und begleitet den Blinden, der mi
1851 2007 3055 2067 folgt. Der blinde Geronimo ist als Kind von seinem Bruder Carlo
917 2043 1646 2102 ttelpfennige erwirbt, auf seinen ruhe
1850 2040 3065 2102 durch einen unglücklichen Bolzenschuß ins Auge getrossen worden.
940 2091 1659 2138 eckt eines Tages dev leichtfertig
1850 2092 3058 2148 Nun wandenn die beiden schon lange Jahre über die Paßstraße des
876 2126 1648 2176 n Geronimo den schlummernden Arg¬
1846 2127 3061 2189 Stilsser Jochs, der eine als Sänger, der andere als Geldsammler, und
376 2132 458 2183 Sche
852 2167 1647 2223 trüge; und der Verdächtigte leidet bitter
375 2173 493 2226 wohn,
1847 2165 3057 2229 werben um das Mitleid der reisenden Herrschaften. Geronimo, durch
836 2211 1654 2260 Mißtrauen, unter dem Verlust der
380 2215 546 2266 unter de
1856 2213 3056 2278 einen dieser Spender aufgestachelt, glaubt, daß Carlo ein Goldstück
746 2254 1655 2300 die zum unentbehrlichen Inhalt seines Lebens
372 2253 641 2315 brüderlichen L
1860 2253 3066 2305 für sich behalten habe. Carlo wird in dem unerträglichen Verdacht
699 2297 1641 2345 des Blinden Zweifel in seine Ehrlichkeit zu be¬
605 2288 690 2346 Um
373 2294 562 2345 geworden
1848 2292 3077 2347 des Diebstahls nun wirklich zum Diebe. Er stiehlt ein Goldstück, um
375 2334 1653 2383 schwichtigen, wird er in Wahrheit schuldig, begeht er an einen
1855 2334 3068 2388 es dem Bruder gu zu können. Sie werden verhaftet. Da reißt sich
381 2381 1649 2425 Fremden einen Diebstaßt. Aber schneller, als er gefürchtet, folg
1855 2377 3068 2441 aus Geronimosen der Stachel los Neben dem Mißtrauen hat
376 2419 1642 2464 die Entdeckung, erreicht ihn der Arm der vergeltenden Gerechtig¬
1845 2418 3078 2479 der blinde Mann auch die Gabe des ###ehens, die ein guter Gott den
371 2453 1653 2504 keit. Und nun — da er selbst dem Argwohn gegen ihn die
1858 2455 3073 2512 ums Licht Betrogenen gewährt. Er ahni die Zusammenhänge und weiß
369 2488 1652 2555 stärkste Waffe in die Hand gedrückt, da er völlig daran verzweifeln
1855 2494 3082 2567 jetzt, was Brudertreue zu tun imstande ist. Die knappe Tragik schließt
368 2548 1653 2585 muß, Glauben zu finden — geschieht das Unerwartete: Der
1859 2546 2805 2597 wie mit einem süßen Gedicht auf die brüderliche Liebe.
362 2580 1645 2632 Blinde läßt plötzlich die Gitarre fallen, erhebt die Arme, tastet mit
1907 2580 3073 2632 Darum wirkt Schnitzlers Novelle nun auch gleich einem Gesang zu
365 2619 1658 2668 beiden Händen nach den Wangen des Bruders, nähert die Lippen
1864 2620 3068 2676 Ehren der allgemeinen Bruderpflicht, die an den Blinden
359 2661 1644 2706 dem Munde Carlos und küßt ihn. Ohne Erklärung hat Gero
1847 2665 3068 2723 dieses Krieges zu erfüllen ist. Mit einem neuen geheimen
359 2700 1650 2750 nimo plötzlich erkannt, was der Bruder für ihn und seinetwegen
1855 2721 3076 2764 Inhalt, den die wilde Zeit ihr gegeben, ruft sie alle Opfer¬
367 2747 1652 2791 getan, und Carlo sieht in dem beglückenden Bewußtsein, das Ver¬
1858 2744 3069 2800 lust auf. Auch die dem Buch beigegebene Radierung von
364 2769 1655 2837 trauen und die Liebe des Brudens wiedergewonnen zu haben
1847 2788 3078 2843 Ferdinand Schmutzer. an Feinheit dem Werk des Dichters
364 2825 1653 2878 dem Kommenden mit Seelenruhe entgegen. Das alles ist mir
1859 2824 3078 2884 ebenbürtig, hat diesen Nebensinn. Sie zeigt den blinden Geronimo neben
359 2863 1660 2929 einer schlichten, jede Aufdringlichkeit, jedes Pathos vermeidenden
1859 2869 3071 2934 seinem Bruder im dunkeln Torbogen als Straßensänger. Unsare Kriges¬
358 2906 1649 2954 aber zu Herzen gehenden Innerlichkeit erzählt. Eine Original¬
1859 2933 3078 2987 blinden vor diesem Bettlerschicksal zu bewahren, ist, wie fnanz#beiß
359 2940 1656 3006 radierung von Ferdinand Schmutzer ist als ein anziehender
1850 2966 2530 3032 eine Aufgabe, die gelöst werden muß.
364 2975 1657 3033 künstlerischen Schmuck dem Büchlein beigegeben, das nur 1,50 Mk
368 3019 1653 3074 bezw. 2 Kronen kostet, aber auch in einer numerierten, vom Antor
362 3064 1661 3127 und vom Zeichner signierten Vorzugsausgabe zum Preise von
1474 3092 1643 3173 Wa.
310 3110 1018 3182 4 Mark (5,Kronen) zu haben ist.
