3228 4037
244 167 1509 248 9. Der blinde Geronimo und
1500 177 1731 249 sein
1737 170 2059 249 Bruder
2254 174 2637 277 box 1/7
393 223 2073 282 — — K.  4 I. 4 A —  —  4 Ca AHa   A AE
264 432 665 507 Ausschnitt aus
1758 485 2213 562 Ausschnitt aus:
535 458 1448 576 29UrZ 19INeue Freie Presse, Wien
272 519 1402 650 #apfriesung Kliut Schnistel.] In den
2167 530 2736 664 helles Wiener Jeurnel Wier
2020 570 2312 648 ZEFEB 1915
1771 583 1944 643 vom:
234 567 1404 691 Räumen und zugunsten des Vollsheime#las gestern
235 629 979 716 Artur Schnitzler aus eigenen,
970 661 1405 725 an die Erlebnisse
1857 662 2998 762 (Vorlesung Artur Schnitzler.) Im Volks¬
229 680 1401 755 und Stimmungen dieser Tage irgendwie anklingenden
218 718 1398 793 Dichtungen. Die Blindenpsychologie begegnet leider eben jetzt
1738 726 2994 801 bildungshause erschien am Sonntag Arkur Schnitzler, um einem
221 763 1398 839 besonderem, aktuellem Interesse; so übte schon darum Schnitzlers
1732 793 2997 846 einfachen, ganz der Wirkung seiner Dichtungen hingegebenen
229 815 1391 902 zuerst in unserem Blatte erschienene meisterhafte Novelle „Das
1710 833 2992 903 Publikum einige seiner Sachen vorzulesen Schnitzler trug
222 844 1405 919 neue Lied“ ungemein tiefgreifende Wirkung. Wie nahe geht
1740 880 2988 936 zunächst eine seiner ergreifendsten, in zartester Tönung gehaltenen
219 891 1466 987 einem gerade hier, in diesen Vorstadtgassen, der ländlich= —
1726 940 2982 986 Novellen vor. Es war „Der blinde Geronimo und
230 927 1424 1001 städtischen Wiener Umrahmung, das Schicksal der armen:
1721 967 3005 1054 sein Bruder Karlos“, die von wundersamer Liebe durch¬
224 972 1454 1060 Marie, der erblindeten Volkssängerin, die als „weiß: Amsel“.4
2502 1019 2755 1082 —
222 1006 1462 1105 mit dem neuen Lied debülieren soll, das der coupletgewandte?
1709 1072 3003 1114 zogene Geschichte eines blinden Sängers, der sich von
221 1046 1397 1152 Rebay eigens für sie zum ersten Wiederauftreten nach ihrer
1721 1106 2977 1161 seinem von Schuldbewußtsein gequälten Bruder betrogen
218 1099 1398 1197 Genesung verfertigt hat. Sie begegnet an diesem schicksals¬
1731 1155 2981 1220 glaubt, um ihn dann im letzten Moment reuevoll wieder¬
220 1141 1393 1243 schweren Abend ihrem ungetreuen Liebhaber von einst, da die
217 1195 1399 1262 Welt für sie noch voller Freude und Farbe war — nun er¬
1717 1206 2979 1281 zufinden. Die wundervolle Einfachheit dieser Erzählung griff an
217 1232 1392 1330 weist er sich in Maries Unglück, das ihn für immer wie durch
1712 1242 2979 1333 die Herzen und gewann die Zuhörer mit jedem Zug ihrer ins
212 1257 1383 1366 Lebensschranken von ihr scheidet, als jener kühle „Selbstling",
1715 1296 2994 1373 Innerste dringenden Pfychologte Stürker noch wie diese
213 1312 1385 1407 der er wohl vom Anbeginn in dieser Beziehung gewesen. Nun
1716 1335 2974 1408 stille Geschichte wirkte Schnitzlers von pulfierend drama¬
217 1365 1375 1442 geht ihr ein jähes, inneres Licht auf; sie wird sich ihres
1733 1383 2996 1458 tischem Leben erfüllter Einakter „Der grüne Kakadn“ mit
215 1421 1393 1488 zum Resignieren bestimmten Zustandes bewußt und macht in
1729 1421 2981 1491 seinen wunderbar kontrastierten Gestalten und schillernden Bildern
210 1448 1384 1525 raschem Entschluß ihrem Dasein ein Ende. Diese Geschichte ist
1729 1477 2981 1554 aus der großen Revolution. Schnitzlers Vortragsweise war voll
216 1484 1375 1581 mit jener kunstvoll verschlungenen Erzählerdramatik geformt,
1700 1532 2975 1600 der seinsten Nuancen und voll plastischer Lebendigkeit. Herzlich
210 1525 1381 1622 die Schnitzlers tief in das „Dämmerland der Seele“ tauchenden:
1705 1570 2976 1643 dankte ihm das Publikumfür den künstlerisch genußreichen Abend.
206 1552 1367 1669 Novellen zugleich die atemlose Spannung des Theaters ge¬
203 1621 1375 1722 währt. Vor allem hat sie aber wieder in der unmittelbaren
200 1667 1361 1744 Schilderung des Volkssängertums jene wienerische Färbung,
201 1706 1364 1803 überlegenen Humor und heimatliche Grazie, wie sie nur
200 1735 1359 1830 diesem subtilen Gestalter zueigen ist. Noch frischer berührte
794 1786 835 1832 27
207 1781 1372 1871 der Dramatiker Schnitzler, der juy sodann mit der Schenken¬
1706 1802 2145 1886 Ausschnitt aus:
200 1818 1358 1912 szene aus dem „Jungen Medardus“ und dem mittleren Akt
2125 1830 2833 1935 Neue Freie Presse, Wien
1889 1855 2138 1926 E. 19 1
203 1868 1362 1951 aus dem „Ruf des Lebens“ präsentierte, die Tagesstimmung.
1723 1904 1894 1987 vom:
205 1893 1368 2004 Als Bühnendichter hat Schnitzlr Offiziersprobleme stets mit
196 1944 1359 2044 Vorliebe behandelt; auch der „Ruf des Lebens“ ist durch¬
1850 1960 2866 2046 [Artkr SchnitlerN#esung.] Die wen
196 1987 1371 2082 braust von soldatischen Rufen erfüllt von jener gesteigerten,
1753 1987 2858 2087 bekhnnte, vor 15 Jahren entstandene Schnitzlersche Meis
192 2034 1358 2127 phantastischen Wirklichkeit die schon das Wort „Krieg“ um uns
1749 2068 2903 2130 ##velle „Der blinde Geronimg und sein Bruder die d#
2441 2102 2539 2152 Shre
2393 2096 2433 2144 —
191 2074 1349 2175 erstehen läßt. In der Schenkenszene des „Jungen Medardus“
205 2113 1358 2215 schlägt jene jugendliche Begeisterung, mit der sich die
1731 2137 2912 2201 Dichter gestern im überfüllten Saale des Volksbildungshauses
190 2141 1355 2254 Akademiker auch hierzulande gegen die Bedrohung des Vater¬
1737 2187 2898 2240 zugunsten dieses Vereines und für Kriegsfürsorgezwecke las,
194 2191 1364 2303 landes zusammenschlossen, mächtig durch. Der dichtgefüllte
1746 2223 2913 2297 besitzt neben ihren besonderen künstlerischen Vorzügen überdies
183 2239 1390 2360 Saal nahm diese Darbietungen mit sehr warmem Beifall, ent¬“
1742 2261 2946 2319 noch ergreifende Aktualität. Sie behandelt in jener überaus
190 2283 345 2350 gegen.
1742 2312 2921 2363 feinfühligen und psychologisch tief bohrenden Art, die Artut
1738 2346 2912 2414 Schnitzler so vornehm auszeichnet, ein Schicksal, das leider in
1737 2387 2910 2441 diesen Tagen nicht selten geworden ist — das Blindenschicksal.
1745 2433 2909 2487 Schnitzler hat dieses erschütternde Problem auch in einer
1739 2485 2912 2532 späteren Novelle ausgestaltet. Der „blinde Geronimo“ aber be¬
1740 2519 2918 2579 rührt uns noch unmittelbarer, bezwingt uns unentrinnbar z
1743 2562 2922 2610 man gibt sich der bei aller Schlichtheit weisen und großen
1741 2604 2906 2667 Kunst dieser Erzählung um so williger hin, weil man darir
272 2568 1377 2704 Ausschnitt Wwbies Wiener Tagblatt, Wier
1734 2643 2903 2700 die „Volksseele“ selbst in ihrer zarten Kraft uni
544 2649 838 2739 I-ER1915
2805 2687 2900 2731 ein
281 2652 453 2735 vom:
1739 2682 2710 2727 Ursprünglichkeit spürt. Der blinde Geronimo
1742 2722 2899 2770 Bettelmusikant, der, von seinem Bruder Carlo getreulich
1736 2772 2902 2826 begleitet, talauf und talab durch die Alpenstraßen Südtirols
350 2788 1287 2863 Artur S#orlesung. Gestern abend
1733 2810 2907 2868 wandert. Carlo ist an dem Geschick Geronimos schuld; er ha
261 2821 1293 2898 serschien Artur Schnitzler im Volksbildungshause
1730 2855 2905 2909 ihm das Auge im Knabentollen durch einen Bolzen aus
267 2889 1287 2942 des 5. Bezirkes als Interpret eigener Dichtungen.
1737 2887 2908 2961 geschossen und seit diesem unglückseligen Mißgeschick das eigen
263 2920 1287 2971 Er las zunächst die Novelle „Der blinde Geronimo
1735 2939 2893 2991 Leben dem des Bruders zum Opfer gebracht; er begleitet ihn
264 2964 1282 3050 und sein Bruder Carlo“. Das Motiv dieser Er¬
1733 2980 2898 3041 auf seiner traurigen Wanderschaft. Nun erlaubt sich ein Tourist
1739 3017 2894 3071 den unziemenden Scherz, in dem Blinden die Vorstellung zu
267 3014 1285 3074 zählung ist von einer wundersamen Schlichtheit,
1734 3062 2901 3118 erwecken, als habe er ihm, vielmehr seinem sehenden Bruder
271 3074 1282 3114 ohne jene rätselhafte Problematik, die der Dichter
1734 3101 2903 3162 ein Goldstück geschenkt. Carlo besitzt diese Gabe, die Geronime
267 3111 1278 3169 sonst liebt, nur ein leiser Hauch vorüberhuschender
1737 3149 2901 3203 stürmisch von ihm heischt, keineswegs. Immer tiefer gräbt sich
263 3161 1281 3212 Erotik, das Ganze dabei doch quellend von innerem
1732 3190 2903 3237 das Mißtrauen in die Seele des Blinden. Carlo fühlt, daß
262 3204 1286 3270 Leben und in eine Darstellung von klassischer Ruhe
1730 3238 2903 3283 sein ohne die Zuneigung und das Vertrauen des Bruders
264 3247 1278 3323 gekleidet. Es war interessant zu beobachten, wie der
1737 3271 2900 3329 sinnloses Leben für immer verloren sei, wenn er sich nicht das
267 3298 1272 3368 stille Zauber dieser keuschen Kunst das Puklikum
1730 3319 2897 3360 Goldstück irgendwie beschaffen könne. Wie er nun um des
271 3353 1280 3410 allmählich gefangennahm. Von ganz andrer Art
1731 3352 2906 3394 Boiders willen zum Dieb wird und so die Liebe des Blinden
261 3382 1276 3460 war die zweite Darbietung des Dichters: der geist¬
1723 3386 2896 3463 wieder gewinnt, zeigt Schnitzler mit außerordentlicher Kraft und
251 3450 1275 3503 volle, dramatisch dröhnende Einakter „Der grüne
1726 3439 2895 3497 seelischer Zartheit zugleich. Das Publikum folgte mit ernstester
254 3485 1276 3561 Kakadu“ mit seiner packenden Antithese von Schein
1729 3492 2896 3537 Aufmerksamkeit den psychologisch verschlungenen Pfaden des
1731 3518 2896 3581 Dichters und wurde sodann von dessen farbenschillerndem
256 3529 1268 3598 und Wirklichkeit. Schnitzler wirkte bei dem Vortrag
1734 3569 2892 3613 „Grünen Kakadu“ in die stärkste. Spannung gebracht. Lebhafter,
250 3576 1276 3640 dieser Dichtung auch durch seine darstellerische
1733 3611 2914 3691 lang daueynder Beifall dankte Schnitzler für das Perk und die
255 3611 1275 3680 Kraft, die jeder Gestalt ihr charakteristisches Gepräge
1183 3668 1228 3696 45
2254 3649 2621 3718 M
1715 3651 2071 3724 Vörles-1
255 3657 1279 3744 verlieh. Das Publikum bekundete seinen Dank fur
249 3705 1282 3787 den genußreichen Abend durch stürmischen Beifalll
