3228 4068
293 210 1330 296 9. Der blinde Geronimo
1328 245 2081 302 und sein Bruder
2296 232 2640 320 box 1/7
1897 295 2082 340 —
1737 441 1907 541 B
1015 514 1289 597 Ne
286 529 421 607 M.
1546 560 2289 614 ladet sig n de til denne Gang at udlevere
1548 602 2289 673 ham hans Tilgodebavende, kan han jo
295 627 1254 696 ARGUS SUISSE ET INTERNATION 4
1549 658 2293 711 sagtens hare snydt ham i Aarevis. Bedst
519 678 1055 733 DE LA PRESSE S. A.
1534 713 2294 762 som Carlo er ved at fortvivle over ikke
432 719 1147 779 23, rue du Rhöne - Genéve
1541 747 2292 812 at kunne overbevise den Blinde om sin
296 750 1271 848 Adr. télégr.: Coupures-Genève — Téléph. 44.005
1551 791 2284 854 Uskyid, bliver de anholdt af en Gendarm
1545 841 2299 898 sigtet for det natlige Tyveri, som Caclo
299 849 1264 920 Bureau International de coupures de journau:
1548 888 2299 958 har gjort sig skyldig i for at berolige
417 912 1152 959 Traductions de et en toutes langues
1539 940 2287 1013 Broderen, Derved gaar Sagens Sammen¬
1549 986 2287 1055 heeng op for denne, og til Gendarmens
313 1001 1264 1091 Correspondants dans toutes les grandes villes
1545 1036 2293 1093 Forbleffelse giver han sig midt paa
1546 1078 2294 1147 Landevejen til at omfavne og kysse
676 1067 1201 1243 gur. Gopan
1551 1132 2304 1201 Carlo, der priser sig lykkelig for Anhol¬
306 1139 689 1236 Eatrait du Jeu###
1548 1177 2301 1250 delsen, ford: hen igennem den har gen¬
1546 1226 2277 1296 vundet sin Broders Tillid og Kierlighed.
313 1252 485 1326 Adresse:
2293 1285 2328 1328 □5
1599 1269 2298 1345 Fordanskningen af denne yndefulde
1549 1312 2299 1396 Miniature Tistorie er foretaget af Frn
305 1351 427 1417 Dafe:
1549 1372 2332 1434 Elisabeth Schou (Palsgaard), hvein dea“
1542 1428 2294 1484 ger megen Mre. Det ber betones, at Bo¬
867 1390 1218 1497 5 DEL 329
1542 1477 2293 1526 gen stelges til Fordel for Blindesagen.
1545 1518 2295 1580 Man ger altsaa en god Gerning ved ab
409 1525 556 1603 Sre
1547 1573 2307 1636 berede sig selv den Nydelse, det er at
1548 1613 1740 1674 leese den.
2044 1615 2249 1694 Bookman.
1155 1706 1250 1755 dure
481 1670 1120 1779 SCHNITZLER
364 1701 434 1766 Ta
1182 1749 1242 1797 30
308 1748 423 1817 Tarif
1189 1784 1309 1844 61.50
309 1805 424 1857 ment
479 1777 1122 1884 DEN BLINDE GERONIMO
1168 1828 1285 1876 130.—
311 1843 434 1892 périoc
1171 1865 1291 1926 250.—
314 1882 421 1935 limit
435 1885 1164 1969 Arthur Schnitzler: Den blinde Geronimo
1180 1923 1297 1989 année
319 1939 389 1998 On
464 1938 1161 2022 #hans Broder. (Hasse og Sons
1470 1991 1531 2058 cht
487 1998 655 2058 Forlag).
1566 1995 2703 2080 Spielplänen bereits merkbar ankündigt. Das Liebesmoment
488 2007 1163 2095 Den estrigske Litteraturs Altmeisten
1477 2046 1532 2104 98
1569 2049 2592 2113 trite vergleichsweise zurück, die Moral beherrscht
433 2080 1181 2139 Arthur Schnitzler, der her til Lands er
1480 2097 1533 2146 ue
1567 2087 2254 2146 Man verlangt jetzt von dem
2259 2096 2584 2165 liederlichsten
2585 2098 2659 2158 alle
428 2130 1169 2193 steerkt gouteret som Dramatiker, har,
1477 2136 1534 2207 ch
1568 2133 2456 2203 Götter, gleichgültig, ob er nun wirklich
2454 2143 2678 2200 in den
443 2176 1181 2236 naar alt kommer til alt, maaske preesteret
1475 2192 1532 2241 n,
1560 2178 2661 2241 Ruhestand getreten oder bloß „gegen Karenz der Gebühren“
1480 2233 1535 2281 #
429 2229 1179 2295 sit ypperste som Forteller — f. Eks.
1559 2231 2684 2285 wie es in der Dienstsprache heißt, beurlaubt ist, in allen
434 2271 1179 2328 1 den uforglemmelige Sygdomshistorie
1568 2276 2680 2344 Fällen, daß er sich anständig aufführt und mit seinen
1487 2323 1523 2369 d
443 2325 1174 2376 „Sterben“, hvorom nervirende No¬
1562 2325 2677 2381 Evolutionen im festen Rahmen des Sittengesetzes bleibt.
1484 2377 1530 2431 #
436 2366 1174 2441 vellette erindrer ved den mesterlige Sik¬
1551 2371 2690 2437 Am besten freilich, er verhält sich bis auf weiteres neutral,
438 2419 1168 2475 kerhed, hvormed Schnitaler ogsaa her har
1553 2421 2681 2477 was in jeder Versammlung, nicht nur im Theater, derzeit
435 2464 1169 2517 afdeekket den legemlige Lidelses nedbry¬
1564 2464 2677 2538 das Schicklichste sein dürfte: Als Artur Schnitzler in den
1550 2507 2669 2570 letzten Monaten mehrmals für Kriegsfürsorgezwecke las
430 2512 1184 2589 dende Indvirkning paa Sjelen og Ka¬
1480 2554 1532 2614 n
1555 2553 2675 2622 da wählte er keine seiner schönen Liebesnovellen, keinen
425 2559 604 2619 rakteren.
1486 2597 1533 2651 8
1566 2602 2658 2659 seiner crotischen Einakter für das Programm. Er las der
478 2591 1187 2676 Den blinde Geronimo er ikke fedt
1484 2642 1530 2706 n
1561 2650 2653 2707 „blinden Geronimo“, ein erzählerisches Meisterwerk, das
424 2653 1184 2720 blind, men blevetidet i otte Aars Alderen
1554 2700 2649 2762 abseits der Liebe ein seelisch=sittliches Problem unendlic
428 2704 1173 2772 som Felge af etzVandeskud. Det uskyl¬
1481 2703 1533 2797 st
1558 2748 2666 2797 zart und geistreich entwickelt, und er las den „Grünen
424 2751 1189 2822 dige Ophav til hgis Martyrium, Broderen
1482 2790 1523 2846 t,
1556 2782 2663 2838 Kakadu“, wormn die Liebesstimme von der majestätische
423 2803 1170 2865 Carlo, har aflag det Lofte til sig selv
1472 2835 1525 2897 8,
1551 2832 2682 2898 Brandung der großen französischen Revolution Lominieft
431 2864 1174 2914 at vi ham hele sit Liv, hvad der, efter at
1484 2892 1518 2938 I,
1550 2881 2678 2953 wird. Der Dank seiner Hörer bewies dem Dichter, mit welch
424 2895 1172 2963 Faderen er ded i Armod, bliver ens¬
1478 2933 1520 2971 12
1556 2929 2671 3001 glücklichem Feingefühl er aus der Fülle seiner Schriften
417 2940 1174 3001 betydende med ab feige den Blinde paa
1481 2967 1516 3018 8
1551 2963 2335 3025 das augenblicklich Passendste gewählt hat.
424 2995 1167 3049 hans omvandrende Tilverelse som bet¬
1474 3014 1514 3075 el
1638 3017 2581 3089 Man wirft ja der modernen Literatur überhaupt,
428 3046 1175 3108 lende Spillemand i Gestgivergaardene ved
1546 3053 2580 3125 Wiener Literatur ganz besonders, ansonsten gern vor,
2594 3072 2664 3128 daß
431 3086 1167 3146 den italiensk-schweiziske Grense og ind¬
1453 3099 1511 3161 4d
1556 3107 2648 3176 sie der Erotik zuviel Raum gebe. Der Vorwurf, an sic
422 3136 1169 3200 kassere de Rejsendes Almisser. En Dag
1463 3160 1515 3215 er
1544 3163 2667 3223 gewiß nicht unberechtigt, war vor zehn Jahren berechtigter
426 3185 1174 3236 hender det, at en Herre, der har givet
1467 3185 1525 3260 8=
1549 3210 2662 3262 als in der dem Kriege unmittelbar vorangehenden Zeit, in
425 3233 1163 3297 Carlo en Franc, i et Anfald af diabolsk
1546 3248 2674 3324 der unsere Literatur weit eher polemisch, satirisch, das
432 3281 1154 3345 Eksperimenterelyst indbilder Geronimo,
1461 3296 1516 3357 m
1548 3295 2664 3359 heißt also im Grunde: kriegerisch gestimmt war — als hätte
428 3328 1162 3388 at det var et Tyvefrancsstykke, han havde
1474 3352 1508 3392 n
1559 3350 2681 3407 ie eine Ahnung des Kommenden gehabt. Was aber die
428 3373 1163 3444 kasteti Broderens Hue. Den Blinde tror
1464 3385 1504 3449 ck
1537 3393 2673 3454 Vergangenheit betrifft, so müßte men den Jadel viel weiter
426 3424 1156 3477 sig bedraget og holder saa fast ved sin
1461 3445 1504 3487 11=
1537 3434 2677 3495 erstrecken, weit über das Gehiet der eigentuchen Dichtkunst
430 3467 1166 3526 Mistanke, at Broderen i Nattens Lob
1541 3490 2671 3558 und eigentlichen Moderne hinaus. Unser Theater, unsere
430 3524 1154 3581 ger sig til Tyv for mieste Dag at kunne
1454 3523 1502 3587 die
1539 3526 2675 3593 Vulerei — man denke an Makart! — und unsere Musik
429 3571 1159 3637 preestere den store Guldment, Geronimo
1453 3584 2658 3661 en sind immer stark erotisch gewesen, unser Schrifttum nicht
422 3616 1162 3672 paastaar, at han har forholdt ham. Der¬
426 3665 1160 3728 med er Mistanken dog ikke udryddet af
2021 3661 2416 3774 Kn
430 3713 1167 3773 Geronimos Sind: Fordi Broderen har
444 3747 539 3838 —
