3344 4384
801 265 1244 356 box 37/1
117 251 695 370 2. Cuttings
936 501 1490 613 Lurkenstrasse
744 596 1392 684 - Filiale in Budapest: „Figyelô“
427 649 1693 763 Vertretungen in Berlin, Chicago, London, Newyork, Paris, Stockholm.
334 764 884 905 Ausschaitt aus:
353 916 824 1062 vom 19./11 21
837 1119 1505 1226 Vortrag Hermann Bahr.
809 1212 1674 1278 Der Teplitz=Schönauer Leeseelub, dem wir
660 1272 1657 1343 bereits die Bekanntschaft mit zahlreichen Geistes-
667 1318 1668 1386 heroen verdanken, gab uns am letzten Sonntag
681 1370 1668 1425 Gelegenheit, das Haupt der Wiener Schriftsteller¬
678 1415 1663 1494 Vereinigung „Jung Oesterreich“, Herrn Hermann
675 1460 1653 1534 Bahr, am Vortragstische kennen zu lernen. Der
679 1515 1668 1572 fürstlich Clary'sche Gartensaal vereinigte ein zwar
670 1565 1661 1617 kleines, aber auserlesenes Publicum, das dem
671 1617 1650 1676 bekannten Schriftsteller bei seinem Erscheinen den
681 1658 1653 1721 schmeichelhaftesten Empfang bereitete. — Hermann
681 1701 1665 1772 Bahr ist eine ebenso elegante als auch interessante
681 1756 1657 1813 Erscheinung. Er ist im Jahre 1863 in Linz
675 1806 1653 1860 geboren, steht somit im 36. Lebensjahre. Seine
681 1854 1657 1917 hohe Gestalt, sein männlich schönes, von einem
684 1901 1652 1956 schwarzen Vollharte umrahmtes ausdruckvolles
676 1956 1657 2018 Antlitz, nehmen im ersten Augenblicke für ihn
678 2003 1653 2068 ein. Sein sonores, volles Organ, seine scharfe
676 2052 1661 2107 Aussprache, erhöhen den Genuß seiner geistvollen
676 2106 1657 2148 Vorträge. Er spricht frei, ohne sich an irgend
676 2145 1657 2218 welche Notizen oder Aufschreibungen zu halten.
675 2191 1660 2281 Seine Aussprache verräth leise Anklänge an den
681 2246 1658 2308 Wiener Dialect. Es ist aber nicht jener Dalect,
667 2301 1652 2361 wie er im Prater beim „Calafatti“ gesprochen wird,
679 2345 1658 2412 sondern jener leichte, im Wiener Salon übliche Patois,
676 2401 1660 2445 der besonders, wenn er von schönen Frauenlippen
676 2443 1646 2500 kommt, so unendlich weich und anheimelnd klingt.
676 2489 1653 2555 Hermann Bahr trägt nicht vor, er plaudert.
678 2539 1655 2604 Genau so, wie er es etwa im „Casé Glattauer“
676 2590 1660 2640 (Griensteidl's Nachfolger) mit seinen Freunden
670 2651 1649 2708 thut. Er kommt nie in Erregung, er gestikulirt nicht,
662 2694 1649 2752 er brüllt nicht, er flüstert nicht. er plaudert
670 2732 1650 2793 nur, und das ist es, was die Vortäge Hermann
660 2787 1658 2834 Bahris selbst in Wien stets zu den besuchtesten
668 2826 1642 2888 macht. Hermann Bahr hat ebensoviel Freunde
673 2881 1653 2932 wie Feinde, daß er sich trotz dieses Umstandes
673 2933 1646 2990 doch eine so angesehene Stellung in der öster¬
673 2984 1652 3052 reichischen Literatur nicht nur zu erringen, sondern
673 3030 1649 3100 auch bis heute zu erhalten wußte, erhöht die Be¬
664 3075 1647 3137 deutung seiner Person. Am letzten Sonntag
675 3130 1649 3198 besprach er nun die Geschichte der Schriftsteller¬
675 3181 1646 3239 einigung „Jung=Oesterreich“, die gewissermaßen
660 3228 1646 3294 auch seine eigene Geschichte ist, da er ja als
664 3275 1647 3335 geistiges Haupt dieser Vereinigung gilt und alle
675 3323 1644 3392 Phasen der Entwicklung derselben selbst mit¬
670 3372 1646 3444 gemacht hat. Er leitete seinen Vortrag mit zwei
670 3425 1646 3477 selbsterlehten Anecboten ein, welche als Basis und
665 3476 1642 3536 programm für die jung österreichische Schrift¬
670 3520 1646 3577 stellerwelt zu gelten haben. Die erste Aneedote
670 3572 1653 3627 spielt in Salzburg, wo Bahr das Obergynuasium
671 3619 1649 3674 besuchte. Sein Geschichtsprofessor, der heute einen
664 3673 1647 3729 hohen Rang in der Gelehrtenwelt einnimmt, ist
659 3718 1652 3775 der Held derselben. Derselbe liebte es, in seinen
671 3767 1657 3841 Vorttägen von seinem Thema so weit abzu¬
667 3819 1650 3889 schweifen, daß er schließlich nicht mehr wußte,
673 3865 1641 3911 über was er anfangs sprechen wollte. Bei diesen
676 3900 1672 3980 Abschweisungen kam er aber regelmäßig aus die k
667 3955 1644 4016 Interpretation des Wortes Genie zurück. Ein
660 4007 1639 4067 Geme ist derjenige — behauptete er — der das
670 4046 1642 4117 G fühl für das Nothwendige hat. Goethe wäre zum
659 4100 1631 4172 Beispiel, würde er in der heutigen Zeit leben,
659 4152 1628 4207 ganz gewiß kein Dichter, weil eben heute das Dichten
1734 590 2721 660 schwärmte nur, da fühlte sie, daß das Schwärmen
1743 653 2717 698 allein für den Abend nicht ausreiche, weshalb sie
1745 697 2719 755 einige Verse von Heine declamirte, um sich hie¬
1735 750 2719 813 rauf wieder ein wenig zu schämen. Nachdem nun
1740 796 2716 848 Bahr einige Zeit geschwärmt und seine Beglei¬
1740 839 2719 909 terin sich längere Zeit geschämt hatte, erinnerte
1734 895 2727 949 sie sich wieder der vorher declamirten Verse von
1739 943 2724 999 Heine und seufzte wehmüthig: „Ach wie schön
1748 985 2716 1048 konnte doch Heine dichten, schade, daß das Dichten
1748 1036 2700 1092 heute ganz aus der Mode gekommen ist!“ —
1748 1084 2716 1132 Dieses hübsche Mädchen, betonte Bahr, habe un¬
1745 1130 2713 1195 bewußt das Programm von „Jung Oesterreich"
1748 1173 2725 1237 ausgesprochen. Das Dichten sei aus der Mode
1750 1233 2728 1291 gekommen! Die junge geistige Welt fühlte dies, sie
1743 1281 2719 1332 hatte unbewußt den Drang in sich, daß etwas ge¬
1745 1321 2719 1390 schehen müsse, um den Transport der seichten fran¬
1746 1374 2717 1430 zösischen decolletirten Muse nach Wien unmöglich zu
1748 1428 2728 1488 machen. Die heimische Production müsse auf¬
1745 1475 2717 1542 blühen, um das fremdländische Zeug, das dem
1745 1515 2716 1573 Wiener Volkscharakter so fremd sei zu verdrängen.
1745 1562 2716 1639 Eine kleine auserlesene Schaar heimischer lite¬
1745 1616 2708 1677 raturbegeisterter Seelen eilte daher in den 80er
1746 1674 2721 1723 Jahren in das da nalige Café Griensteidl, tranken
1743 1723 2713 1775 diverse Schwarze, Cognac und Weine und riefen
1753 1767 2706 1824 dazwischen energisch: „Es muß etwas geschehen.“
1819 1819 2717 1876 „Das war die erste agitatorische That von
1750 1855 2111 1928 „Jung Oesterreich“
2183 1865 2713 1928 " ruft Bahr unter allge¬
1748 1907 2725 1978 meiner Heiterkeit aus. Doch allmählich kühlten
1758 1966 2706 2022 sich die erhitzten Gemüther der Cognac verschlin¬
1759 2011 2711 2076 genden Literaturheroen ab und der Kreis der¬
1756 2057 2708 2122 selben wurde kleiner. Dieser kleine Kreis aber
1737 2117 2710 2178 blieb seinen Principien treu und versammelte sich
1735 2159 2711 2213 wieder bei Arthur Schnitzler und die Mitglieder
1742 2208 2714 2271 desselben zeigten zunächst ihre Kunst, „anders zu
1748 2252 2708 2316 sein als die Anderen, in der Prägung selten
1742 2306 2702 2360 oder noch nie angew ndeter Adjective und ihrer
1746 2353 2711 2405 Verbindung mit Substantiven, kurzum in Aeußer¬
1742 2401 2706 2472 lichkeiten, die anfangs als etwas Neues stutzig
1735 2454 2713 2524 machten, aber nicht lange über den wirklichen
1731 2503 2706 2554 Werth solcher Literaturproducte täuschen konnten.
1737 2550 2706 2607 Ja, wo sollte man also eigentlich ansetzen, um
1746 2599 2706 2650 eine neue Literatur poche schaffen zu helfen? Man
1751 2650 2708 2699 zählte die wirklich großen Dichter auf dem ganzen
1748 2692 2702 2762 Continent zusammen und wie viele waren es?
1750 2741 2705 2809 Zwei höchstens drei. Mit Unrecht warf man den
1745 2795 2710 2856 Wiener Poeten vor, daß sie Gerhart Hauptmann
1734 2844 2710 2902 beneideten; im Gegentheil, man bewunderte ihn
1732 2888 2711 2955 und spürte nur dem Geheimnis nach, welches ihn
1739 2943 2695 3000 groß gemacht. Endlich haite man's gefunden:
1734 2992 2705 3052 er schilderte, was er genau kannte, wos er täg¬
1739 3034 2695 3086 lich um sich sah, seine engere Heimath, die schle¬
1751 3085 2703 3151 sischen Menschen, er ließ sie in ihrer Sprache
1734 3130 2695 3189 reden, er beobachtete ihr Thun und Lassen, ver¬
1731 3175 2703 3249 pflanzte alles auf die Bühne und schuf sich so
1739 3223 2702 3291 seinen bedeutenden Namen. Das wollte man in
1737 3280 2705 3335 Wien auch einmal versuchen. Das hatten bisher
1732 3331 2710 3383 weder Grillparzer noch Anzengruber versucht.
1728 3376 2708 3446 Und doch lag es so nahe. Man brauchte ja doch
1732 3425 2700 3485 blos auf die Straße hinauszugehen, bei jedem
1732 3472 2694 3542 dritten Schritte stieß man auf Interessantes, die
1729 3524 2699 3573 alten Straßen und Häuser, die Kirchen, die
1734 3573 2702 3625 Menschen, die rastlos schaffenden Bürger und
1745 3619 2705 3673 Spießer in ihren niedrigen Vorstadigewölben und
1737 3671 2714 3729 Kneipen, all das war noch nicht auf der Bühne
1737 3722 2713 3774 so geschildert worden, wie man es jetzt thun
1740 3764 2711 3838 wollte. Und erst das füße Wiener Mädel! das
1732 3818 2708 3870 war jetzt das große Losungswort geworden, wel¬
1739 3859 2722 3922 ches die Bahr, Schnitzler, Ebermann auf ihr :
1742 3915 2719 3989 Schild erhoben. Ebermann, der mit seiner
1728 3966 2700 4016 „Athenerin" in Wien einen großen Erfolg davon¬
1732 4007 2688 4075 trug, siel in Berlin damit durch, weil sie ihn
1734 4059 2694 4112 dort nicht verstanden haben. Die Berliner sahen
1720 4106 2706 4160 eben nur Athener, während man in Wien sofort
1715 4149 2692 4209 erkannte, daß Ebermann sich selbst und seine
