3296 4224
260 313 1310 419 Panphlets, Offprints
185 1111 249 1168 16
149 1226 917 1305 Arzt (Jena, Diederichs). „Briefe aus
141 1290 906 1357 ke“ teilt Hans Ludwig Rosegger
145 1333 905 1409 m 6 Uhr 10 Min.“ mit (Kösteritz,
150 1387 895 1454 annt, ob Josef Zytlaun, der Ver¬
152 1436 893 1507 Kreszenz Bühler“, ein Arzt ist; er
172 1496 901 1555 welche zwischen Kaialepsie und
152 1530 905 1598 Fischer). In „Claires Liaison“ von
148 1583 905 1655 Schädel die Hauptrolle; die Witwe
141 1635 902 1702 MMannes, welchem der Schädel mit
147 1684 897 1756 rt hat; ein Psychiater teilt ihr mit, daß
160 1738 896 1805 Mann, wenn er länger geleht hätte,
156 1793 899 1847 Leipzig. Elischer). Der Roman von
159 1841 905 1905 handelt die Krankengeschichte eines
158 1890 889 1955 , welcher an progressiver Paralyse
147 1939 771 2001 n, Süddeutsche Monatshefte).
166 2001 890 2074 einer jetzt grassierenden Mode seine
161 2054 894 2125 n Dr. Wilhelm Lange gefunden
158 2101 896 2188 ne Schulze-Schmidt, die
155 2158 884 2218 childert ein Sanatorium für Nerven¬
158 2204 903 2276 Dresden, Reißner). „Briefe aus dem
155 2256 889 2329 scheres, wenn auch nicht einwand¬
164 2309 902 2376 rlin, Wigand). Das Luftschiff führt
147 2353 899 2433 io“ von August Niemann leistet
163 2408 897 2474 antasia Gesellschaft (Regensburg,
169 2448 903 2514 r. Robert v. Eichoff beschäftigt
174 2511 883 2588 mit „Fortschritt und Rückschritt“
167 2563 888 2622 tels hat Skizzen über „Die sexuelle
164 2610 895 2688 Freud zugeeignet (Leipzig, Stern).
160 2672 891 2738 fessor der Apologetik in Würzburg,
180 2732 888 2801 Jesu-Forschung unter dem Einfluß
165 2782 895 2840 eim). Wells nennt eine Patent¬
156 2832 892 2879 bll „Tono-Bungey“ (London, Milan).
159 2879 899 2941 urice Renard bessert Menschen
164 2939 897 2997 t er das Gehirn eines Mannes mit
168 2978 889 3039 neines Jünglings mit dem eines
167 3028 895 3096 schenhirn spielt eine traurige Rolle;
160 3083 896 3146 nkommt in der Gesellschaft besser
162 3129 901 3199 eniale Knut Hamsun erzählt von
164 3182 889 3248 Land geht, um bei einfacher länd¬
179 3235 891 3299 („Unter Herbststernen“, München,
175 3284 882 3341 witch, der Leibarzt des Königs
163 3329 898 3399 nan „Golgatha“ geschrieben (Stutt¬
163 3379 900 3443 Freene läßt einen Schiffsarzt eine
181 3428 906 3515 tremens stellen; in Wirklichkeit
1478 311 1922 404 box 36/3
1927 1118 2011 1185 17
1285 1217 2643 1319 handelt es sich um eine schreckliche, auf die Nerven gehende
1288 1291 2650 1376 Geschichte („Australisches“ von Kotze; Berlin, Fontane). In
1283 1331 2650 1420 demselben Buche greift in einer Erzählung von Dorrington
1281 1388 2650 1471 der beleidigte Ehemann nicht zum Revolver, sondern zum Opium,
1285 1452 2651 1503 um sein Weib langsam zu töten. Ein Arzt entdeckt an seiner Braut
1278 1492 2581 1572 die Anzeichen von Lepra und gibt ihr ein totbringendes Mittel.
1391 1565 2648 1629 Die humoristische Ausbeute des Jahres ist nicht groß. Genannt
1277 1621 2637 1704 sei „Der gekitzelte Askulap“ von Roda Roda (München, Müller).
1395 1669 2645 1763 Die „Lustigen Blätter“ haben eine Spezialnummer „Unsere
1277 1741 2644 1801 Arzte“ herausgegeben, welche nicht ohne Reiz ist. Heilemann
1269 1793 2649 1839 zeiehnet eine seiner hübschen Frauen, welche dem Publikum den
1272 1828 2640 1921 schlanken Rücken zuwendet und vom Geheimrat, nicht ohne Be¬
1279 1883 2643 1969 hagen, hinten oben links auskultiert wird. Der Geheimrat meint:
1277 1933 2652 1998 „Merkwürdig, ich höre immerfort die lustige Witwe!“ Die Patientin
1280 1987 2631 2078 antwortet: „Aber, Herr Professor, das ist ja in der Etage über uns!“
1898 2186 2000 2268 III.
1382 2252 2627 2339 Wenn auch der holde Wahn der Poesie die Häupter vieler
1264 2307 2637 2380 Kollegen umschwebt, so ist doch die lyrische Ausbeute des Jahres nicht
1264 2366 2638 2441 groß. Hugo Salus, der Führer der österreichischen Lyriker, hat
1265 2409 2633 2478 manches in Zeitschriften publiziert und uns Wiener auch mit einer
1271 2458 2640 2553 Vorlesung erfreut. Gelegentlich erinnert er an Böcklin, z. B. in
1277 2511 1621 2582 der „Sonate“.
1392 2587 2344 2649 „Sonst wird mir eine Landschaft stets zum Klang,
1382 2612 2028 2674 Und ihre Größe oder Lieblichkeit
1385 2656 2126 2715 Tönt als Musik mir nach für alle Zeit,
1391 2696 2148 2766 Bedeutsam oder lieblich, hell und bang,
1375 2743 2135 2800 Doch dieser Töne holder Uberschwang
1391 2780 2252 2849 Ward mir zur Landschaft: Frühlingsheiterkeit.
1382 2810 2172 2871 Die Hügel freuen sich im frischen Kleid,
1379 2860 2238 2910 Und sinnend fließt ein Bach die Flur entlang.
1383 2903 2241 2966 Zwei Greise stehn im Birkenhain und schaun
1383 2936 2066 2996 Ungläubig fast ins allgemeine Grün,
1381 2977 2281 3024 Und fühlen sich aufs Neu dem Sein verbündet.
1375 3023 2411 3100 Ein Kind kommt lachend. Sagt der Greis: „Ich staun'!
1383 3059 2311 3102 Sag, ist das Leben nicht mehr Leid und Müh'n?“
1380 3106 2317 3165 Das Kind lacht; Allegretto; und verschwindet..“
1382 3177 2633 3264 Ein an deresmal klingen durch seine Verse Vererbungsprobleme,
1265 3203 2206 3301 wie in dem Hymnus „Das Lied des Blutes“:
1469 3275 2384 3345 „Vor fünflausend Jahren — besinne dich doch! —
1462 3322 2331 3375 Trug mein Ahn’ und deiner ein Sklavenjoch!
1455 3369 2336 3423 Urd vor dreitausend Jahren in Qual und Not,
1454 3413 2221 3465 Denkst du’s nicht mehr? dein Ahne bot
1444 3447 2097 3523 Meinem den Labtrunk der Liebe!
