3344 4320
1464 231 1925 329 box 36/3
256 228 1317 333 Panphlets offorints
746 1206 1981 1293 „Die Bildschnitzer, eine Tragödie braver Leute in einem
622 1270 1993 1337 Akte“, kam im Burgtheater zur Aufführung. Peratoner hilft seinem
615 1330 1980 1376 Jugendfreunde Sonnleitner bei der Bildschnitzerei; dieser hat sich
624 1377 1977 1425 mit dem Schnitzmesser schwer verletzt und liegt krank darnieder.
621 1415 1986 1494 Von dem Verdienste bleibt ein Gulden für den im Ausgeding
616 1490 1982 1547 lebenden Valer übrig, alles andere verbraucht die Sonnleitnerin,
623 1529 1987 1589 Ihr Annele soll ein paar Filzpatschen bekommen, ein Gulden
621 1579 1986 1657 wird dem Vater mit Gewalt abgerungen. Der Alte erkennt den
622 1630 1990 1698 Zusammenhang und bringt den Ehebruch der Sonnieitnerin an
619 1681 1974 1742 den Tag. Von seinem Bette aus sieht Sonnleitner die Kata¬
624 1733 1974 1786 strophe. Er verweigert die Amputation der Hand, segnet das Paar,
619 1777 1989 1830 die „nie was unrecht’s miteinand’ g’habt hab'n“, und stirht an
620 1828 1980 1883 Blutvergiftung. Die Komödie „Uber die Brücke“ von Karl
612 1876 1980 1930 Schönherr wurde am 27. November im Burgtheater gegeben
618 1932 1985 1969 und verschwand bald aus dem Repertoire, In diesem Werke hat
621 1979 1985 2047 der Dichter den Weg von kleinbäuerlichen Verhältnissen und aus
619 2023 1985 2080 dem Märchenlande zur Tiroler Mittelstadt gefunden. Wir hören von
625 2077 1773 2153 20.000 Einwohnern und ein Friseur bildet den Chorus.
757 2132 1970 2205 „In so ein Provinzstadti steht ja die Welt still! Sogar die Haar'
624 2187 1980 2243 wachsen da den Leuten langsamer als in der Großstadt!“ (Die Leute ver¬
619 2228 1988 2272 saufen sich.) „Was will man in so an Nest sonst machen?“ Das Städtchen
618 2264 1987 2307 hat eine Forstakademie und ein Theater. Vor Jahren ist der Schauspieler
625 2313 1986 2368 Reising engagiert worden, die Tochter eines Schlossers hat sich in ihn
620 2355 1987 2391 verliebt und er in seiner Einsamkeit, in seiner jungen Sehnsucht ist halt
615 2393 1977 2438 so „hineingepatscht“. Bald zergeht der Wahn, sie streiten „Tag und Nacht
623 2430 1980 2469 vie Hund und Katz“. Er schimpft sie „Schlosserin, Arbeitstier, Küchen¬
613 2466 1979 2535 dragoner“ Sie bleibt ihm nichts schuldig. „Wenn i meine Sessel klopf’,
622 2512 1981 2566 so hal’s Hand und Fuß! Klopfen Sie's nach! Schauen Sie, ob nech a Staub
621 2549 1983 2588 d’rin ist! Oder geh'n Sie über die Brugg'n; in der Niklauserkirche hat
622 2594 1972 2629 mein Vater vor dreißig Jahr'n die eisernen Türbeschläg’ an der Kirchentür
612 2628 1977 2666 g’macht! Schauen Sie s’ an und greifen Sie s’ an! Aber das da . jed'n
615 2670 1980 2719 Abend den Leuten einen ander'n Schwindel vormachen . hundertmal
616 2715 1971 2756 sich aus einer Haut heraus und in eine andere hineinlügen, das is eine
616 2751 1976 2796 unnütze Arbeit! Die kann i nit fassen und greifen! Der Hammer hat kein'
615 2795 1974 2849 Stiel!“ Eine Tochter hält dieses Paar zusamien, „Einmal war sie krank“,
612 2823 1979 2888 erzählt Reising seinem Freund, „ich saß neben ihrem Bett; da fängt dir
616 2873 1983 2916 das Kind plötzlich aus dem Fieber heraus — sie hat oft aus meinen
616 2905 1973 2957 Rollen so Brocken aufgelischt, weißt du, wenn ich gelernt habe —, längt
616 2949 1976 2995 dir zu rezitieren an ... eine Wucht und Kraft darin. es ist nur so
615 2986 1980 3036 hervorgebrochen! Ba wird' mir klar, es steckt in ihr! Siehst du, ich bin
610 3026 1972 3086 ein toter Hund! Aber ich warte, bis die junge Knospe springt! Es muß
613 3071 1982 3117 einmal über sie kommen: die wilde Künsllersehnsucht! Darauf warte ich!
614 3105 1984 3153 Dann erst ist Lotte mein Kind! Es wird sich einmal an der Tochter
618 3155 1977 3204 weisen, was sie in mir erwürgt haben! Spießernest! Arbeitstier! Verlluchte
613 3194 1975 3247 Enge!“ .. „Die Luft in dem Spießernest hat mich erstickt! Ich liege im
611 3231 1412 3304 Grabe und schaue nur zu, wie ich faule!“
723 3294 1977 3375 Eine Ehescheidung und das Theater sind die entschiedenen
618 3355 1985 3428 Motive dieses Dramas, in welehem der konsequenteste Naturalismus
617 3399 1250 3479 echt und rücksichtslos waltel.
2045 168 2298 240 —.—
2573 1201 3307 1277 „Der Ruf des Lebens“ von Artur
2456 1277 3305 1337 Schönheiten wir vor Jahresfrist an diesen
2465 1328 3297 1380 erlebt in einer Umarbeitung auf mehre
2445 1373 3304 1433 große Erfolge. Die Kunst Artur Schni
2443 1422 3305 1486 Marionetten an unsichtbaren Drähien vorül
2454 1471 3304 1540 wirbeln und schließlich nach großen ew
2455 1525 3303 1587 gelen zu lassen, liefert in diesem Dram
2448 1576 3300 1634 Man vergißt bei der Lektüre oder bei der
2458 1632 3302 1685 ganz, daß die großen ewigen Gesetze, na
2454 1680 3306 1734 Menschen ihre Kreise vollenden müssen, nic
2460 1723 3302 1782 des Lebens und der dramatischen Kunst frül
2452 1775 3292 1840 quell korrigierte Schnitzler'’sche Gesetze
2458 1828 3306 1888 Dichter, welcher an die Stelle des nun einma
2455 1873 3302 1933 seine Schöpfung, seinen Mikrokosmus sei
2463 1925 3298 1983 wollen oder nicht, zum Miterleben und
2458 1970 3312 2040 Die „Liebelei“ hat in einer glänzenden
2453 2029 3268 2083 Volkstheaters außerordentlich gewirkt.
2458 2074 3305 2131 der Literatur an, ist aber weder klassisch
2459 2120 3304 2186 im Gegensatze zur „Kabale und Liebe“ (a
2459 2171 3299 2234 das Wiener Stück zurück) gesagt werde
2446 2223 3306 2293 Klassikers, welches bereits bedenkliche
2453 2272 3302 2330 „Liebelei“ wurde auch ins Englische üb
2467 2322 3299 2383 daß den englischen Theaterdirektoren der
2465 2372 3307 2428 aufzuführen. Neben der „Liebeli“ hat die
2457 2418 3302 2487 tesse Mizzi oder Der Familientag“ im Deuts
2459 2474 3303 2540 ein Intermezzo, eine Kleinigkeit, welche
2454 2518 3301 2593 zu Zeit zum Besten gibt, wie seine bei
2460 2573 3302 2643 diesem Gebiete „Der grüne Kakaau“ ode
2466 2623 3298 2688 Der Dichter hat es diesmal auf die Mor
2457 2669 3297 2740 sehen und damit das große Lob der Bün
2460 2728 3288 2790 Schnitzler weiß aber gar wohl, daß
2457 2774 3275 2833 und die Morai der Bürgerlichen eine
2459 2835 3301 2905 über diese Wahrheit hinwegtäuscht, ist 8
2573 2875 3291 2970 Der Führer der österreichischen
2464 2934 3271 3015 mit dem dramatischen Erstlingswerk
2461 3002 3301 3066 Breslauer Schauspielhause einen hüh
2465 3030 3297 3106 Das Stück zeigt einen zierlichen Aufbau u
2463 3104 3288 3153 Humer. Ebenso erzielte die Tragikomödie
2451 3142 3294 3230 Arztes Ludwig Zippert im Hamburger
2578 3210 3223 3286 Tschechows Schauspiel
2454 3267 3301 3334 fallen (Première im Deutschen Volksthe
2456 3331 3307 3385 russische Arzt zeigt uns einen nteraris
2452 3366 3282 3435 alternden Schauspielerin; der Sohn
2450 3412 3291 3500 Dichter, liebt ein Mädchen, das jenem
