3344 4320
1235 160 1423 220 —
2046 149 2248 222 —.—
1471 225 1929 316 box 36/3
243 224 1327 307 Panphletsofforints
1859 958 1923 1043 11
159 1062 753 1121 Francs Ruhe, für zehn Francs
1341 1073 2573 1143 „Glauben Sie denn,““ fragte Alfreider jetzt zögernd, „„daß das nicht
169 1116 751 1172 gewandter Verbeugung und der
1205 1123 2574 1198 geschehen wäre, wenn ich gleich zu einem verläßlichen Arzte ge¬
1200 1158 1564 1227 kommen wäre?“
182 1160 753 1231 verdientes Geldstück zu den
1338 1205 2570 1258 „Ja, davon hin ich überzeugt. Denn ein ehrlicher Arzt hätte Sie
1208 1259 2569 1310 nicht heiraten lassen, bevor Sie nicht ganz gesund gewesen wären. Und
317 1283 741 1362 eser konstatiert eine
1200 1295 2573 1332 noch eins. Wenn die Krankheit gleich zur Behandlung kommt, ist sie auch
1202 1340 1838 1395 viel leichter zu heilen — dann —
333 1339 744 1406 rache nicht heraus.
1326 1379 2566 1440 Er unterbrach sich und sah Alfreider an, der in seinem Auf- und
312 1387 757 1455 blander in Innsbruck.
1204 1412 1771 1476 Abgehen inne gehalten hatte.
300 1437 747 1505 hritt der Professor zur
1318 1468 1812 1543 Der Dichter epilogiert:
328 1494 748 1544 g einige Zeit, während
1330 1527 2562 1590 Maria, Lotte, Hilda und Lori — — Frauen mit jedem Namen hot
1200 1581 2569 1623 das Schicksal der armen Lori Graff schon einmal getroffen. Denn es ist
1202 1618 2571 1659 ein Schicksal, das sich überall seine Opfer holt und dessen Ernst und
389 1612 739 1680 1 sah bald hinüber
1210 1657 2569 1695 Trauer allerorts, in großen und kleinen Städten und auf dem Lande
375 1662 427 1706 ald
517 1665 740 1715 fast ebenso
1210 1696 2559 1750 hundertmal zuhause sind. Die Geschichte der Lori Graff, die gesund und
403 1697 757 1760 laume hingen. Sie
1200 1739 2564 1780 lebensfreudig in die Ehe ging und darin um alle ihre Hoffnungen betrogen
388 1741 752 1798 gessen, wo sie war,
1215 1775 2574 1821 wurde, spielt das Leben jahraus, jahrein auf seiner ernsten Bühne, mit
394 1778 744 1856 pa, der zu Hause
1210 1819 2562 1859 armen Unglücklichen als Darstellern, deren Angst und Verzweiflung echt
1207 1854 2564 1926 sind und deren Tränen und Gebete und deren Flüche aus roten, zuckenden
311 1867 359 1920 11
403 1855 746 1925 ein Glasplättchen
1207 1894 1548 1957 Herzen kommen.
367 1910 747 1976 amen ihre Gedanken
1322 1936 2574 1989 Ja. Unzählige Male hat das Leben dieses grausame Stück schon
1202 1998 2568 2030 gespielt. Und doch wissen nur so wenige darum und können nur so
410 1979 760 2053 beendet zu haben.
1204 2024 2570 2078 wenige einen Blick hinter den Vorhang werfen, den eine scheinheilige
256 2044 352 2094 nüber
1204 2071 2512 2116 und verlogene Gesellschaft zimperlich und feig davor hält.
349 2086 748 2150 ori Zeit ihres Lebens
1319 2121 2133 2182 Ich habe einmal den Vorhang aufgezogen.
318 2135 747 2201 xteer kurz und schroff.
251 2175 425 2239 erachtete:
1328 2166 2556 2243 Der Verfasser des „Jäger Mart“, von „Maria Himmelfahrt“,
345 2219 601 2285 ewesen sein.“
1210 2222 2563 2291 der „Helene Laasen“ wird den Weg zu seinen gesunden, in
237 2273 337 2337 dem
362 2272 744 2345 latten gesprochen.
1212 2277 2576 2336 freier Lust, auf Bergeshalden, hoch über dem häßlichen Alllag
302 2324 387 2385 end
518 2333 742 2393 es beginnt
1202 2330 2565 2384 lebenden und liebenden Menschen wieder finden. Man sieht, das
378 2371 746 2441 lattin, welche mit
1200 2381 2563 2443 Buch „Lori Graff“ enthält sehr vernünftige Lehren, welchen
1208 2432 2571 2480 der berühmte Namen des Verfassers gewiß zur großen Verbreitung
380 2426 743 2501 digen Gallen etwas
1207 2479 2560 2537 in allen Schichten der Bevölkerung verhelfen wird. Das Buch ver¬
488 2529 732 2591 helichen Ver¬
1207 2537 2560 2615 dient einen Preis als ein wichtiges Mittel zur Verbreitung hygieni¬
519 2577 741 2636 aus Ehrbar¬
1200 2578 1776 2651 scher Kenntnisse im Volke.
557 2619 746 2672 es dauert
603 2659 755 2710 denen
1314 2642 2561 2721 Hugo Salus hat ein „Trostbüchlein für Kinderlose“ ge¬
635 2698 750 2758 führt
1211 2716 2560 2763 schrieben (Jena, Diederichs). Es sind kleine Prosadichtungen, die
1205 2754 2561 2803 ein wenig an Andersens „Bilderbuch ohne Bilder“ anklingen,
1214 2801 2559 2859 sich mit der Kinderlosigkeit beschäftigen und von der Melancholie
1205 2854 2563 2909 unseres Dichterkollegen bewegt erscheinen. Einzelne Skizzen, wie
553 2874 745 2931 Ichen Fall
1199 2917 2575 2963 die „Totenfeier“, verraten auch den Arzt im Dichter. Anderes, wie
617 2920 743 2970 rtlich.
1204 2964 2564 3015 „Freund Kafkus“, ist das Werk eines großen Dichters, welcher
635 2998 744 3053 ssenl.
1205 2999 2561 3072 durch ärztliches Wissen und Können nicht irritiert wird. In dem
661 3042 747 3107 Sie
1206 3048 2565 3114 „Stummen Morgendialog“, welcher die Einleitung des Büchleins
1212 3096 2566 3157 bildet, spricht Salus mit sich selbst über den Wunsch nach
1208 3154 2570 3213 Kindern. „Die Liebe, die doch bewußte Güte ist, setzt zwischen
620 3179 752 3243 , das
1199 3202 2565 3262 die kinderbeschenkten Paare durchs Land immer wieder solche,
571 3224 747 3277 ssenhaft,
1204 3254 2566 3290 denen sie Kinder versagt, damit sich jene ihres Segens bewußt
580 3265 740 3332 Sie un¬
1213 3307 2575 3369 werden, damit sie ihr Glück, Liebe abgeben und Güte spenden zu
