<?xml version="1.0" encoding="UTF-8" standalone="yes"?>
<PcGts xmlns="http://schema.primaresearch.org/PAGE/gts/pagecontent/2013-07-15" xmlns:xsi="http://www.w3.org/2001/XMLSchema-instance" xsi:schemaLocation="http://schema.primaresearch.org/PAGE/gts/pagecontent/2013-07-15 http://schema.primaresearch.org/PAGE/gts/pagecontent/2013-07-15/pagecontent.xsd">
    <Metadata>
        <Creator>prov=University of Rostock/Institute of Mathematics/CITlab/Gundram Leifert/gundram.leifert@uni-rostock.de:name=ONB_Newseye_GT_M1+(htr_id=10810)::::v=2.4.2
prov=University of Rostock/Institute of Mathematics/CITlab/Tobias Gruening/tobias.gruening@uni-rostock.de:name=de.uros.citlab.module.baseline2polygon.B2PSeamMultiOriented:v=2.4.2
prov=University of Rostock/Institute of Mathematics/CITlab/Tobias Gruening/tobias.gruening@uni-rostock.de:name=/mnt/transkribus/LA/DEA/URO/LA_news_onb_att.pb:de.uros.citlab.segmentation.CITlab_LA_ML:v=2.4.2
Transkribus</Creator>
        <Created>2019-10-07T15:14:24.230+02:00</Created>
        <LastChange>2019-10-09T00:21:45.202+02:00</LastChange>
        <TranskribusMetadata docId="224194" pageId="9514706" pageNr="8" tsid="16617591" status="IN_PROGRESS" userId="40391" imgUrl="https://files.transkribus.eu/Get?id=NALONPVALXJVUYVLHZUKFEQY&amp;fileType=view" xmlUrl="https://files.transkribus.eu/Get?id=ZVTGHZCGFKGFNNYRSUDHNQOF" imageId="6202940"/>
    </Metadata>
    <Page imageFilename="224194_0008.jpeg" imageWidth="3344" imageHeight="4320">
        <ReadingOrder>
            <OrderedGroup id="ro_1711443813092" caption="Regions reading order">
                <RegionRefIndexed index="0" regionRef="r1"/>
                <RegionRefIndexed index="1" regionRef="r2"/>
            </OrderedGroup>
        </ReadingOrder>
        <TextRegion orientation="0.0" id="r1" custom="readingOrder {index:0;}">
            <Coords points="220,176 220,329 268,329 268,176"/>
            <TextLine id="r1l1" custom="readingOrder {index:0;}">
                <Coords points="210,298 219,299 222,303 238,288 242,290 245,287 254,291 258,297 276,296 281,216 271,213 262,216 249,227 235,230 224,222 215,222"/>
                <Baseline points="220,276 268,279"/>
                <TextEquiv>
                    <Unicode></Unicode>
                </TextEquiv>
            </TextLine>
            <TextEquiv>
                <Unicode></Unicode>
            </TextEquiv>
        </TextRegion>
        <TextRegion orientation="0.0" id="r2" custom="readingOrder {index:1;}">
            <Coords points="200,168 200,3437 2447,3437 2447,168"/>
            <TextLine id="r2l1" custom="readingOrder {index:0;}">
                <Coords points="2102,202 2151,199 2207,230 2242,217 2262,231 2305,206 2348,213 2401,202 2401,173 2349,167 2296,175 2268,159 2253,169 2214,162 2192,171 2173,159 2149,175 2101,173"/>
                <Baseline points="2110,198 2135,198 2161,197 2186,197 2212,197 2238,196 2263,196 2289,195 2315,194 2340,193 2366,192 2392,192"/>
                <TextEquiv>
                    <Unicode>E</Unicode>
                </TextEquiv>
            </TextLine>
            <TextLine id="r2l2" custom="readingOrder {index:1;}">
                <Coords points="1533,284 1570,308 1649,297 1673,314 1752,294 1869,312 1892,295 1921,311 1955,291 1991,300 1991,259 1886,229 1858,249 1834,225 1805,248 1766,228 1709,263 1666,239 1533,234"/>
                <Baseline points="1541,291 1567,291 1593,291 1619,291 1645,292 1671,293 1697,294 1723,295 1749,296 1775,296 1801,297 1827,297 1853,297 1879,297 1905,296 1931,294 1957,292 1983,289"/>
                <TextEquiv>
                    <Unicode>box 36/3</Unicode>
                </TextEquiv>
            </TextLine>
            <TextLine id="r2l3" custom="readingOrder {index:2;}">
                <Coords points="303,301 1149,332 1370,323 1371,270 1269,233 981,224 849,281 713,226 303,245"/>
                <Baseline points="312,291 364,292 417,294 469,294 522,296 574,296 627,297 679,298 732,298 784,299 837,299 889,300 942,300 994,301 1047,301 1099,302 1152,302 1204,303 1257,304 1309,305 1362,305"/>
                <TextEquiv>
                    <Unicode>PamphletsOfforints</Unicode>
                </TextEquiv>
            </TextLine>
            <TextLine id="r2l4" custom="readingOrder {index:3;}">
                <Coords points="212,1203 288,1227 400,1208 506,1225 605,1208 606,1168 537,1178 514,1165 460,1180 409,1150 368,1170 315,1162 286,1177 212,1165"/>
                <Baseline points="220,1202 245,1203 270,1203 295,1203 320,1203 345,1204 370,1204 395,1204 420,1204 445,1204 470,1205 495,1205 520,1206 545,1208 570,1208 596,1210"/>
                <TextEquiv>
                    <Unicode>er nicht von dem</Unicode>
                </TextEquiv>
            </TextLine>
            <TextLine id="r2l5" custom="readingOrder {index:4;}">
                <Coords points="1084,1209 2429,1223 2441,1139 1084,1164"/>
                <Baseline points="1093,1203 1163,1204 1233,1205 1304,1207 1374,1207 1445,1208 1515,1209 1586,1209 1656,1209 1727,1209 1797,1209 1868,1209 1938,1209 2009,1209 2079,1209 2150,1209 2220,1209 2291,1210 2361,1210 2432,1211"/>
                <TextEquiv>
                    <Unicode>Weib älleren Stils, trinkt Absinth, Ather und Morphium und hat</Unicode>
                </TextEquiv>
            </TextLine>
            <TextLine id="r2l6" custom="readingOrder {index:5;}">
                <Coords points="197,1271 221,1262 266,1281 320,1261 462,1267 488,1257 536,1274 596,1263 596,1225 550,1216 480,1226 432,1214 413,1226 394,1212 367,1231 197,1214"/>
                <Baseline points="205,1254 230,1256 256,1256 281,1257 307,1257 332,1257 358,1256 383,1256 409,1256 434,1255 460,1255 485,1256 511,1256 536,1257 562,1259 588,1261"/>
                <TextEquiv>
                    <Unicode>ifelt, vermutet eine</Unicode>
                </TextEquiv>
            </TextLine>
            <TextLine id="r2l7" custom="readingOrder {index:6;}">
                <Coords points="1064,1271 2438,1262 2339,1210 1064,1214"/>
                <Baseline points="1072,1251 1139,1253 1207,1255 1275,1256 1343,1257 1411,1258 1479,1259 1547,1259 1615,1260 1683,1260 1751,1260 1818,1260 1886,1261 1954,1261 2022,1261 2090,1261 2158,1261 2226,1261 2294,1261 2362,1261 2430,1262"/>
                <TextEquiv>
                    <Unicode>ebenfalls ein Herzleiden, an welchem sie in dem Moment stirbt,</Unicode>
                </TextEquiv>
            </TextLine>
            <TextLine id="r2l8" custom="readingOrder {index:7;}">
                <Coords points="192,1315 212,1323 258,1306 289,1322 380,1312 402,1324 447,1310 546,1319 601,1295 601,1268 537,1275 491,1259 418,1278 402,1264 370,1274 332,1264 313,1281 289,1272 252,1288 212,1269 192,1277"/>
                <Baseline points="200,1307 226,1308 252,1308 278,1308 304,1308 330,1308 356,1309 382,1309 409,1309 435,1309 461,1308 487,1308 513,1308 539,1309 565,1309 592,1309"/>
                <TextEquiv>
                    <Unicode>da auch die Mutter</Unicode>
                </TextEquiv>
            </TextLine>
            <TextLine id="r2l9" custom="readingOrder {index:8;}">
                <Coords points="1078,1325 2437,1326 2437,1286 2259,1265 1078,1264"/>
                <Baseline points="1086,1304 1153,1305 1220,1307 1287,1308 1354,1309 1421,1310 1488,1311 1555,1311 1622,1312 1689,1312 1757,1313 1824,1313 1891,1313 1958,1313 2025,1313 2092,1313 2159,1313 2226,1313 2293,1313 2360,1312 2428,1312"/>
                <TextEquiv>
                    <Unicode>als der Dramatiker mit diesem Requisit nichts mehr anzu¬</Unicode>
                </TextEquiv>
            </TextLine>
            <TextLine id="r2l10" custom="readingOrder {index:9;}">
                <Coords points="1069,1376 1122,1378 1137,1364 1160,1375 1209,1365 1264,1371 1276,1360 1310,1368 1348,1359 1370,1368 1370,1317 1326,1323 1302,1314 1268,1333 1254,1324 1175,1322 1131,1332 1109,1313 1069,1313"/>
                <Baseline points="1078,1354 1103,1357 1129,1357 1155,1358 1181,1358 1207,1358 1232,1357 1258,1357 1284,1357 1310,1357 1336,1359 1362,1361"/>
                <TextEquiv>
                    <Unicode>fangen weiß.</Unicode>
                </TextEquiv>
            </TextLine>
            <TextLine id="r2l11" custom="readingOrder {index:10;}">
                <Coords points="193,1372 224,1365 241,1377 285,1361 318,1376 373,1362 433,1380 468,1366 554,1372 610,1349 610,1331 579,1334 554,1316 413,1329 379,1311 312,1330 249,1315 223,1331 192,1318"/>
                <Baseline points="201,1361 226,1360 251,1360 276,1360 301,1360 326,1360 351,1360 376,1359 401,1359 426,1359 451,1358 476,1358 501,1358 526,1358 551,1357 576,1357 602,1357"/>
                <TextEquiv>
                    <Unicode>isses nicht glauben</Unicode>
                </TextEquiv>
            </TextLine>
            <TextLine id="r2l12" custom="readingOrder {index:11;}">
                <Coords points="1197,1412 2367,1432 2441,1409 2441,1371 1197,1373"/>
                <Baseline points="1206,1404 1267,1405 1328,1406 1389,1407 1451,1407 1512,1408 1573,1408 1635,1409 1696,1409 1757,1409 1819,1409 1880,1409 1941,1409 2002,1410 2064,1410 2125,1410 2186,1410 2248,1410 2309,1410 2370,1411 2432,1411"/>
                <TextEquiv>
                    <Unicode>Eine köstliche Geschichte ist dem Direktor eines Wiener</Unicode>
                </TextEquiv>
            </TextLine>
            <TextLine id="r2l13" custom="readingOrder {index:12;}">
                <Coords points="204,1422 245,1417 285,1430 348,1407 466,1424 596,1414 596,1387 557,1373 478,1381 457,1369 445,1381 373,1366 336,1384 293,1365 204,1369"/>
                <Baseline points="213,1414 239,1413 266,1412 293,1412 319,1411 346,1411 373,1410 400,1410 426,1409 453,1409 480,1409 506,1410 533,1410 560,1411 587,1412"/>
                <TextEquiv>
                    <Unicode>g über viele franzö¬</Unicode>
                </TextEquiv>
            </TextLine>
            <TextLine id="r2l14" custom="readingOrder {index:13;}">
                <Coords points="1081,1461 2441,1465 2315,1415 1081,1418"/>
                <Baseline points="1089,1456 1156,1457 1223,1457 1290,1458 1357,1458 1424,1458 1491,1459 1559,1459 1626,1459 1693,1459 1760,1458 1827,1458 1894,1458 1961,1459 2029,1459 2096,1459 2163,1459 2230,1460 2297,1461 2364,1462 2432,1463"/>
                <TextEquiv>
                    <Unicode>Theaters passiert. In seinem Bureau erscheint ein junger Mann,</Unicode>
                </TextEquiv>
            </TextLine>
            <TextLine id="r2l15" custom="readingOrder {index:14;}">
                <Coords points="194,1464 216,1478 358,1462 557,1476 601,1467 602,1424 523,1414 383,1433 349,1409 287,1429 194,1423"/>
                <Baseline points="202,1458 228,1458 254,1458 280,1459 306,1459 332,1459 358,1459 384,1460 410,1460 436,1461 462,1461 488,1461 514,1461 540,1462 566,1462 592,1461"/>
                <TextEquiv>
                    <Unicode>liert sich an einen</Unicode>
                </TextEquiv>
            </TextLine>
            <TextLine id="r2l16" custom="readingOrder {index:15;}">
                <Coords points="1077,1507 2437,1515 2437,1480 2268,1465 1077,1483"/>
                <Baseline points="1085,1508 1152,1508 1219,1508 1286,1508 1353,1508 1420,1508 1487,1508 1555,1508 1622,1508 1689,1508 1756,1508 1823,1508 1890,1509 1957,1509 2025,1509 2092,1509 2159,1510 2226,1510 2293,1510 2360,1511 2428,1511"/>
                <TextEquiv>
                    <Unicode>dessen sehr schlichtes und bescheidenes Auftreten auf einen Freikarten¬</Unicode>
                </TextEquiv>
            </TextLine>
            <TextLine id="r2l17" custom="readingOrder {index:16;}">
                <Coords points="205,1524 272,1533 417,1509 506,1511 539,1525 597,1513 597,1469 205,1474"/>
                <Baseline points="214,1508 240,1509 267,1509 294,1509 320,1509 347,1509 374,1509 401,1509 427,1509 454,1509 481,1509 507,1509 534,1510 561,1510 588,1511"/>
                <TextEquiv>
                    <Unicode>Hausarzt an und</Unicode>
                </TextEquiv>
            </TextLine>
            <TextLine id="r2l18" custom="readingOrder {index:17;}">
                <Coords points="193,1571 581,1572 593,1569 593,1526 559,1516 510,1533 474,1521 441,1531 337,1515 272,1534 193,1530"/>
                <Baseline points="202,1557 227,1558 253,1559 278,1559 304,1559 329,1559 355,1559 380,1559 406,1559 431,1559 457,1559 482,1559 508,1559 533,1559 559,1559 585,1560"/>
                <TextEquiv>
                    <Unicode>rzt spielt hier nach</Unicode>
                </TextEquiv>
            </TextLine>
            <TextLine id="r2l19" custom="readingOrder {index:18;}">
                <Coords points="1080,1571 2442,1547 1080,1520"/>
                <Baseline points="1088,1562 1155,1561 1222,1560 1289,1559 1357,1559 1424,1558 1491,1558 1559,1558 1626,1558 1693,1558 1761,1559 1828,1559 1895,1559 1962,1560 2030,1560 2097,1560 2164,1560 2232,1560 2299,1560 2366,1559 2434,1558"/>
                <TextEquiv>
                    <Unicode>jäger schließen läßt. Der Empfang ist nicht besonders freundlich.</Unicode>
                </TextEquiv>
            </TextLine>
            <TextLine id="r2l20" custom="readingOrder {index:19;}">
                <Coords points="1076,1614 2439,1625 2439,1580 2261,1566 1077,1573"/>
                <Baseline points="1085,1610 1152,1610 1219,1610 1286,1609 1354,1609 1421,1609 1488,1609 1555,1610 1623,1610 1690,1610 1757,1610 1824,1610 1892,1610 1959,1611 2026,1611 2093,1611 2161,1612 2228,1612 2295,1613 2362,1614 2430,1614"/>
                <TextEquiv>
                    <Unicode>Bald stellt es sich heraus, daß der schüchterne, verlegene Mann</Unicode>
                </TextEquiv>
            </TextLine>
            <TextLine id="r2l21" custom="readingOrder {index:20;}">
                <Coords points="213,1620 592,1621 604,1619 604,1573 571,1568 544,1582 431,1565 296,1578 270,1566 212,1570"/>
                <Baseline points="221,1613 246,1614 271,1614 296,1614 321,1614 346,1613 371,1613 396,1612 421,1612 446,1611 471,1611 496,1611 521,1610 546,1611 571,1611 596,1612"/>
                <TextEquiv>
                    <Unicode>Komödie „Der Arzt</Unicode>
                </TextEquiv>
            </TextLine>
            <TextLine id="r2l22" custom="readingOrder {index:21;}">
                <Coords points="1063,1664 2434,1673 2369,1616 1063,1633"/>
                <Baseline points="1072,1658 1139,1659 1207,1660 1275,1660 1342,1661 1410,1661 1478,1661 1545,1661 1613,1661 1681,1661 1749,1661 1816,1661 1884,1661 1952,1661 2019,1661 2087,1661 2155,1661 2222,1662 2290,1662 2358,1662 2426,1663"/>
                <TextEquiv>
                    <Unicode>Dr. Kamp“ ist, ein Arzt, dessen Drama „Am Vorabend“ in</Unicode>
                </TextEquiv>
            </TextLine>
            <TextLine id="r2l23" custom="readingOrder {index:22;}">
                <Coords points="203,1666 378,1679 466,1665 603,1671 603,1632 574,1624 543,1634 470,1617 377,1628 338,1614 312,1633 203,1620"/>
                <Baseline points="211,1661 236,1661 262,1662 287,1662 313,1661 338,1661 364,1660 389,1660 415,1659 440,1659 466,1659 491,1659 517,1659 542,1660 568,1661 594,1664"/>
                <TextEquiv>
                    <Unicode>tschen Volkstheater,</Unicode>
                </TextEquiv>
            </TextLine>
            <TextLine id="r2l24" custom="readingOrder {index:23;}">
                <Coords points="1074,1712 2429,1723 2429,1687 2253,1666 1074,1669"/>
                <Baseline points="1083,1708 1149,1708 1216,1708 1283,1709 1350,1709 1417,1710 1484,1710 1550,1711 1617,1711 1684,1712 1751,1712 1818,1712 1885,1713 1952,1713 2018,1713 2085,1713 2152,1713 2219,1712 2286,1712 2353,1711 2420,1711"/>
                <TextEquiv>
                    <Unicode>Paris große Erfolge errungen hat und sogar ins Chinesische über¬</Unicode>
                </TextEquiv>
            </TextLine>
            <TextLine id="r2l25" custom="readingOrder {index:24;}">
                <Coords points="200,1731 275,1716 398,1725 499,1715 554,1731 607,1702 607,1676 564,1679 551,1667 516,1688 467,1665 397,1689 354,1668 285,1666 243,1687 200,1666"/>
                <Baseline points="209,1710 234,1711 260,1712 286,1713 312,1713 338,1713 364,1713 390,1712 416,1712 442,1711 468,1711 494,1711 520,1712 546,1713 572,1714 598,1717"/>
                <TextEquiv>
                    <Unicode>Das Motiv, daß ein</Unicode>
                </TextEquiv>
            </TextLine>
            <TextLine id="r2l26" custom="readingOrder {index:25;}">
                <Coords points="219,1777 248,1785 269,1766 426,1776 455,1763 466,1774 498,1763 539,1775 602,1762 602,1732 530,1729 513,1717 491,1732 409,1717 375,1733 340,1721 310,1732 275,1715 219,1729"/>
                <Baseline points="228,1761 254,1762 280,1762 306,1762 332,1762 358,1761 384,1761 411,1760 437,1759 463,1759 489,1759 515,1759 541,1760 567,1761 594,1763"/>
                <TextEquiv>
                    <Unicode>und dasselbe dem</Unicode>
                </TextEquiv>
            </TextLine>
            <TextLine id="r2l27" custom="readingOrder {index:26;}">
                <Coords points="1074,1768 2450,1774 2376,1721 1074,1728"/>
                <Baseline points="1082,1758 1150,1760 1218,1761 1286,1762 1354,1763 1422,1763 1490,1763 1558,1763 1626,1763 1694,1763 1762,1763 1830,1763 1898,1763 1966,1763 2034,1763 2102,1763 2170,1763 2238,1764 2306,1765 2374,1766 2442,1768"/>
                <TextEquiv>
                    <Unicode>setzt wurde. Man muß eben mit ärztlichen Dramatikern heute</Unicode>
                </TextEquiv>
            </TextLine>
            <TextLine id="r2l28" custom="readingOrder {index:27;}">
                <Coords points="1081,1834 1182,1828 1218,1806 1273,1833 1396,1813 1456,1829 1603,1815 1603,1794 1533,1775 1427,1774 1399,1789 1364,1770 1163,1787 1081,1773"/>
                <Baseline points="1089,1808 1114,1809 1139,1809 1164,1810 1190,1810 1215,1811 1240,1811 1265,1811 1291,1811 1316,1811 1341,1811 1366,1811 1392,1811 1417,1811 1442,1811 1467,1811 1493,1811 1518,1812 1543,1813 1568,1814 1594,1815"/>
                <TextEquiv>
                    <Unicode>schon ernstlich reehnen.</Unicode>
                </TextEquiv>
            </TextLine>
            <TextLine id="r2l29" custom="readingOrder {index:28;}">
                <Coords points="219,1817 487,1818 516,1834 544,1817 600,1815 600,1783 566,1772 530,1784 496,1762 453,1779 395,1771 349,1785 219,1777"/>
                <Baseline points="227,1810 253,1811 279,1812 305,1812 331,1813 357,1813 383,1813 409,1813 435,1813 461,1812 487,1812 513,1813 539,1813 565,1813 592,1814"/>
                <TextEquiv>
                    <Unicode>ß diese ernüchtert</Unicode>
                </TextEquiv>
            </TextLine>
            <TextLine id="r2l30" custom="readingOrder {index:29;}">
                <Coords points="216,1875 243,1864 305,1880 349,1867 397,1883 423,1868 445,1882 462,1867 601,1875 601,1815 560,1815 516,1835 483,1817 379,1816 216,1836"/>
                <Baseline points="225,1860 251,1860 277,1860 303,1860 329,1860 356,1861 382,1861 408,1861 434,1862 460,1862 487,1862 513,1863 539,1864 565,1864 592,1865"/>
                <TextEquiv>
                    <Unicode>r vorjährigen Revue</Unicode>
                </TextEquiv>
            </TextLine>
            <TextLine id="r2l31" custom="readingOrder {index:30;}">
                <Coords points="249,1919 430,1929 444,1917 464,1932 497,1915 560,1928 601,1909 601,1877 589,1873 567,1883 542,1871 518,1885 461,1867 417,1886 362,1882 345,1866 278,1886 249,1874"/>
                <Baseline points="257,1911 282,1911 308,1912 334,1912 360,1912 386,1912 412,1912 437,1912 463,1912 489,1912 515,1912 541,1913 567,1914 593,1916"/>
                <TextEquiv>
                    <Unicode>ie Arzte in ein</Unicode>
                </TextEquiv>
            </TextLine>
            <TextLine id="r2l32" custom="readingOrder {index:31;}">
                <Coords points="251,1980 312,1987 353,1969 420,1976 439,1967 516,1978 540,1970 552,1980 607,1972 607,1934 547,1932 525,1917 443,1937 419,1923 328,1920 290,1936 251,1925"/>
                <Baseline points="259,1963 285,1963 311,1963 337,1963 363,1963 389,1963 415,1964 441,1964 467,1964 493,1965 519,1965 545,1965 571,1964 598,1964"/>
                <TextEquiv>
                    <Unicode>und Schwindler</Unicode>
                </TextEquiv>
            </TextLine>
            <TextLine id="r2l33" custom="readingOrder {index:32;}">
                <Coords points="1733,2011 1744,2013 1770,2004 1778,2011 1786,2009 1797,2017 1805,2012 1819,2012 1821,1947 1793,1946 1787,1939 1783,1943 1768,1944 1764,1940 1756,1942 1736,1934"/>
                <Baseline points="1742,1981 1777,1979 1812,1983"/>
                <TextEquiv>
                    <Unicode>II.</Unicode>
                </TextEquiv>
            </TextLine>
            <TextLine id="r2l34" custom="readingOrder {index:33;}">
                <Coords points="208,2021 284,2005 321,2025 376,2017 493,2031 551,2019 573,2034 592,2029 592,1984 526,1973 470,1970 448,1982 367,1969 319,1986 208,1978"/>
                <Baseline points="217,2016 243,2016 269,2016 295,2016 321,2016 347,2016 373,2015 400,2015 426,2015 452,2015 478,2014 504,2014 530,2014 556,2014 583,2014"/>
                <TextEquiv>
                    <Unicode>tor und den halb¬</Unicode>
                </TextEquiv>
            </TextLine>
            <TextLine id="r2l35" custom="readingOrder {index:34;}">
                <Coords points="1190,2049 2390,2076 2441,2007 1190,2012"/>
                <Baseline points="1198,2050 1259,2050 1321,2051 1383,2051 1444,2052 1506,2052 1568,2052 1629,2052 1691,2052 1753,2052 1815,2052 1876,2052 1938,2052 2000,2052 2061,2052 2123,2053 2185,2053 2246,2053 2308,2053 2370,2053 2432,2054"/>
                <TextEquiv>
                    <Unicode>Arztliche Prosadichtungen und Erzählungen treten in dieser</Unicode>
                </TextEquiv>
            </TextLine>
            <TextLine id="r2l36" custom="readingOrder {index:35;}">
                <Coords points="218,2075 285,2068 304,2080 340,2065 535,2079 593,2064 593,2032 581,2028 478,2037 376,2016 328,2038 218,2022"/>
                <Baseline points="227,2066 252,2066 278,2066 303,2066 329,2066 354,2066 380,2066 406,2066 431,2066 457,2066 482,2066 508,2067 533,2067 559,2067 585,2068"/>
                <TextEquiv>
                    <Unicode>enden Armenarzt.</Unicode>
                </TextEquiv>
            </TextLine>
            <TextLine id="r2l37" custom="readingOrder {index:36;}">
                <Coords points="1082,2098 2227,2129 2400,2117 2437,2062 1082,2069"/>
                <Baseline points="1090,2099 1156,2100 1223,2101 1290,2102 1357,2103 1424,2103 1491,2103 1558,2104 1625,2104 1692,2104 1759,2103 1825,2103 1892,2103 1959,2103 2026,2103 2093,2103 2160,2103 2227,2103 2294,2103 2361,2103 2428,2103"/>
                <TextEquiv>
                    <Unicode>Jahresrevue hinter die großen Leistungen unserer dramalischen</Unicode>
                </TextEquiv>
            </TextLine>
            <TextLine id="r2l38" custom="readingOrder {index:37;}">
                <Coords points="284,2127 332,2132 350,2114 482,2129 513,2118 546,2127 597,2121 597,2077 468,2074 437,2090 391,2068 283,2077"/>
                <Baseline points="292,2116 318,2115 345,2115 372,2114 399,2114 426,2114 453,2113 480,2113 507,2113 534,2113 561,2114 588,2114"/>
                <TextEquiv>
                    <Unicode>auf die Bühne</Unicode>
                </TextEquiv>
            </TextLine>
            <TextLine id="r2l39" custom="readingOrder {index:38;}">
                <Coords points="1076,2158 2443,2162 2310,2112 1076,2119"/>
                <Baseline points="1084,2146 1151,2148 1219,2150 1286,2151 1354,2152 1421,2153 1489,2154 1556,2155 1624,2155 1691,2155 1759,2155 1826,2155 1894,2155 1961,2154 2029,2154 2096,2154 2164,2153 2231,2152 2299,2152 2366,2151 2434,2151"/>
                <TextEquiv>
                    <Unicode>Kollegen zurück. Hans v. Hoffensthal hat einen Roman</Unicode>
                </TextEquiv>
            </TextLine>
            <TextLine id="r2l40" custom="readingOrder {index:39;}">
                <Coords points="261,2172 594,2177 594,2122 536,2134 509,2122 476,2139 360,2113 336,2129 261,2129"/>
                <Baseline points="269,2164 295,2163 321,2163 348,2163 374,2163 401,2163 427,2163 453,2163 480,2164 506,2163 533,2163 559,2163 586,2163"/>
                <TextEquiv>
                    <Unicode>und Fürsten auf</Unicode>
                </TextEquiv>
            </TextLine>
            <TextLine id="r2l41" custom="readingOrder {index:40;}">
                <Coords points="1078,2230 2402,2218 2440,2164 1078,2175"/>
                <Baseline points="1086,2202 1153,2202 1220,2203 1287,2203 1355,2203 1422,2204 1489,2204 1557,2204 1624,2204 1691,2205 1759,2205 1826,2205 1893,2205 1960,2205 2028,2205 2095,2204 2162,2204 2230,2203 2297,2203 2364,2202 2432,2201"/>
                <TextEquiv>
                    <Unicode>geschrieben, der mannigfaltige künsllerische und ärztliche Motive</Unicode>
                </TextEquiv>
            </TextLine>
            <TextLine id="r2l42" custom="readingOrder {index:41;}">
                <Coords points="248,2226 271,2219 308,2236 365,2217 392,2236 447,2231 459,2219 488,2228 502,2216 567,2236 599,2226 599,2188 567,2188 548,2173 503,2181 481,2169 445,2190 425,2180 409,2188 394,2173 358,2183 343,2175 303,2192 266,2171 248,2175"/>
                <Baseline points="257,2214 282,2215 308,2215 334,2216 359,2215 385,2215 411,2215 436,2215 462,2214 488,2214 513,2214 539,2215 565,2215 591,2216"/>
                <TextEquiv>
                    <Unicode>ise sind wie die</Unicode>
                </TextEquiv>
            </TextLine>
            <TextLine id="r2l43" custom="readingOrder {index:42;}">
                <Coords points="1071,2257 2393,2268 2443,2260 2443,2214 1071,2236"/>
                <Baseline points="1079,2254 1146,2254 1214,2254 1282,2254 1350,2254 1417,2254 1485,2254 1553,2254 1621,2254 1688,2255 1756,2255 1824,2255 1892,2255 1959,2255 2027,2255 2095,2255 2163,2255 2230,2255 2298,2255 2366,2255 2434,2255"/>
                <TextEquiv>
                    <Unicode>enthält, aber den Leser nicht durchaus befriedigen kann. „Lori</Unicode>
                </TextEquiv>
            </TextLine>
            <TextLine id="r2l44" custom="readingOrder {index:43;}">
                <Coords points="278,2271 400,2280 429,2270 449,2281 480,2269 495,2279 519,2271 535,2283 566,2269 598,2271 598,2235 549,2240 511,2221 491,2231 460,2219 448,2231 400,2236 376,2224 345,2237 333,2227 278,2235"/>
                <Baseline points="286,2265 311,2266 336,2266 361,2265 387,2265 412,2265 437,2265 462,2265 488,2266 513,2266 538,2267 563,2267 589,2268"/>
                <TextEquiv>
                    <Unicode>zwei nach dem</Unicode>
                </TextEquiv>
            </TextLine>
            <TextLine id="r2l45" custom="readingOrder {index:44;}">
                <Coords points="1069,2311 2443,2305 2298,2252 1069,2256"/>
                <Baseline points="1077,2301 1144,2302 1212,2304 1280,2304 1348,2305 1416,2305 1484,2306 1551,2306 1619,2305 1687,2305 1755,2305 1823,2304 1891,2304 1959,2303 2026,2303 2094,2303 2162,2302 2230,2302 2298,2302 2366,2303 2434,2304"/>
                <TextEquiv>
                    <Unicode>Graff“ (Berlin, Fleischel &amp; Co.) ist „den heiratsfähigen Mädchen</Unicode>
                </TextEquiv>
            </TextLine>
            <TextLine id="r2l46" custom="readingOrder {index:45;}">
                <Coords points="361,2342 407,2322 421,2331 449,2318 471,2327 514,2318 522,2327 543,2315 568,2328 601,2326 602,2279 536,2291 491,2273 458,2272 449,2281 427,2270 391,2283 379,2272 362,2272"/>
                <Baseline points="370,2315 397,2316 425,2316 453,2315 481,2315 508,2315 536,2317 564,2319 592,2322"/>
                <TextEquiv>
                    <Unicode>Molière,</Unicode>
                </TextEquiv>
            </TextLine>
            <TextLine id="r2l47" custom="readingOrder {index:46;}">
                <Coords points="290,2320 299,2321 306,2329 312,2325 322,2327 328,2290 313,2287 310,2283 296,2283"/>
                <Baseline points="300,2316 314,2318"/>
                <TextEquiv>
                    <Unicode>II</Unicode>
                </TextEquiv>
            </TextLine>
            <TextLine id="r2l48" custom="readingOrder {index:47;}">
                <Coords points="1083,2361 2440,2362 2329,2305 1083,2332"/>
                <Baseline points="1091,2357 1158,2356 1225,2356 1292,2355 1359,2355 1426,2355 1493,2354 1560,2354 1627,2354 1694,2353 1761,2353 1828,2353 1895,2353 1962,2353 2029,2353 2096,2354 2163,2354 2230,2355 2297,2355 2364,2356 2432,2357"/>
                <TextEquiv>
                    <Unicode>und deren Eltern“ gewidmet. Lori wird von ihrem Gatten infiziert.</Unicode>
                </TextEquiv>
            </TextLine>
            <TextLine id="r2l49" custom="readingOrder {index:48;}">
                <Coords points="285,2388 333,2362 355,2376 429,2369 449,2385 603,2365 603,2344 564,2339 542,2320 516,2329 444,2322 394,2339 338,2318 285,2337"/>
                <Baseline points="293,2366 318,2366 343,2366 368,2366 393,2366 418,2365 444,2365 469,2365 494,2365 519,2366 544,2366 569,2367 595,2368"/>
                <TextEquiv>
                    <Unicode>s kunsllerische</Unicode>
                </TextEquiv>
            </TextLine>
            <TextLine id="r2l50" custom="readingOrder {index:49;}">
                <Coords points="1077,2410 2434,2427 2434,2381 2239,2359 1077,2377"/>
                <Baseline points="1085,2405 1152,2405 1219,2405 1286,2405 1353,2405 1420,2405 1487,2405 1554,2405 1621,2405 1688,2405 1755,2404 1822,2404 1889,2404 1956,2404 2023,2404 2090,2405 2157,2405 2224,2405 2291,2406 2358,2406 2426,2407"/>
                <TextEquiv>
                    <Unicode>Die Gonorrhoe ist eigentlich die traurige Heldin des Romans,</Unicode>
                </TextEquiv>
            </TextLine>
            <TextLine id="r2l51" custom="readingOrder {index:50;}">
                <Coords points="266,2436 307,2426 329,2436 389,2418 442,2432 494,2422 612,2427 612,2391 571,2384 451,2386 415,2370 366,2368 342,2383 311,2375 289,2392 266,2383"/>
                <Baseline points="275,2416 300,2416 325,2415 350,2415 375,2415 401,2415 426,2415 451,2415 476,2416 502,2416 527,2417 552,2417 577,2418 603,2419"/>
                <TextEquiv>
                    <Unicode>n und bornierten</Unicode>
                </TextEquiv>
            </TextLine>
            <TextLine id="r2l52" custom="readingOrder {index:51;}">
                <Coords points="1084,2456 2444,2465 2401,2414 2150,2403 1084,2416"/>
                <Baseline points="1092,2454 1159,2454 1226,2454 1293,2454 1360,2454 1428,2454 1495,2454 1562,2454 1629,2453 1696,2453 1764,2453 1831,2453 1898,2453 1965,2453 2032,2453 2100,2453 2167,2453 2234,2452 2301,2452 2368,2452 2436,2453"/>
                <TextEquiv>
                    <Unicode>von welcher der Autor schreibt: „Diese Seuche kümmert sich</Unicode>
                </TextEquiv>
            </TextLine>
            <TextLine id="r2l53" custom="readingOrder {index:52;}">
                <Coords points="334,2473 363,2489 442,2465 464,2483 510,2473 533,2480 543,2471 565,2480 589,2468 613,2478 613,2430 592,2425 565,2433 543,2420 515,2439 500,2430 488,2441 454,2425 433,2436 399,2420 334,2424"/>
                <Baseline points="343,2467 369,2467 395,2467 421,2467 447,2467 473,2467 499,2467 525,2467 551,2467 577,2466 604,2466"/>
                <TextEquiv>
                    <Unicode>stellt hat. Im</Unicode>
                </TextEquiv>
            </TextLine>
            <TextLine id="r2l54" custom="readingOrder {index:53;}">
                <Coords points="1070,2512 2432,2515 2432,2472 2321,2449 1070,2473"/>
                <Baseline points="1079,2506 1146,2506 1213,2505 1280,2505 1347,2505 1415,2505 1482,2504 1549,2504 1616,2504 1683,2504 1751,2504 1818,2503 1885,2503 1952,2503 2019,2503 2087,2503 2154,2503 2221,2502 2288,2502 2355,2502 2423,2502"/>
                <TextEquiv>
                    <Unicode>recht wenig um soziale Rangstufen... sie macht ihre Reisen</Unicode>
                </TextEquiv>
            </TextLine>
            <TextLine id="r2l55" custom="readingOrder {index:54;}">
                <Coords points="354,2526 450,2528 458,2521 482,2530 500,2521 518,2533 577,2530 595,2523 596,2482 573,2487 544,2470 519,2489 484,2476 445,2488 428,2473 394,2488 354,2488"/>
                <Baseline points="362,2517 390,2517 418,2517 446,2517 474,2517 502,2517 530,2517 558,2518 586,2518"/>
                <TextEquiv>
                    <Unicode>ve Latimers</Unicode>
                </TextEquiv>
            </TextLine>
            <TextLine id="r2l56" custom="readingOrder {index:55;}">
                <Coords points="1081,2565 2425,2571 2435,2519 1081,2529"/>
                <Baseline points="1089,2553 1155,2554 1222,2555 1289,2555 1356,2555 1423,2556 1490,2556 1557,2556 1624,2556 1691,2556 1758,2556 1824,2556 1891,2556 1958,2556 2025,2555 2092,2555 2159,2555 2226,2554 2293,2554 2360,2554 2427,2553"/>
                <TextEquiv>
                    <Unicode>überall hin, in den Personenzügen billigster Klasse, logiert in den</Unicode>
                </TextEquiv>
            </TextLine>
            <TextLine id="r2l57" custom="readingOrder {index:56;}">
                <Coords points="369,2569 434,2571 470,2586 501,2575 603,2576 603,2534 542,2542 535,2535 506,2539 490,2525 470,2533 461,2525 389,2525 369,2535"/>
                <Baseline points="378,2565 405,2566 432,2566 459,2565 486,2565 513,2565 540,2565 567,2566 594,2567"/>
                <TextEquiv>
                    <Unicode>rVerfasser</Unicode>
                </TextEquiv>
            </TextLine>
            <TextLine id="r2l58" custom="readingOrder {index:57;}">
                <Coords points="1071,2615 2455,2590 1071,2566"/>
                <Baseline points="1079,2608 1147,2608 1215,2607 1284,2607 1352,2607 1421,2606 1489,2606 1557,2606 1626,2606 1694,2606 1763,2606 1831,2606 1899,2606 1968,2606 2036,2606 2105,2606 2173,2606 2241,2606 2310,2606 2378,2606 2447,2606"/>
                <TextEquiv>
                    <Unicode>kleinsten Spelunken, reist aber ebenso mit Luxuszug und schläft</Unicode>
                </TextEquiv>
            </TextLine>
            <TextLine id="r2l59" custom="readingOrder {index:58;}">
                <Coords points="383,2632 402,2633 428,2617 476,2635 505,2623 525,2630 599,2626 599,2585 584,2590 553,2572 514,2587 495,2604 454,2577 425,2576 406,2590 384,2579"/>
                <Baseline points="392,2615 420,2615 448,2616 476,2617 505,2617 533,2617 561,2617 590,2616"/>
                <TextEquiv>
                    <Unicode>k da, die</Unicode>
                </TextEquiv>
            </TextLine>
            <TextLine id="r2l60" custom="readingOrder {index:59;}">
                <Coords points="1080,2666 1907,2661 1907,2618 1820,2612 1354,2631 1080,2611"/>
                <Baseline points="1089,2652 1129,2652 1169,2653 1210,2653 1250,2653 1291,2653 1331,2653 1372,2653 1412,2653 1453,2653 1493,2653 1533,2653 1574,2653 1614,2654 1655,2654 1695,2654 1736,2654 1776,2655 1817,2656 1857,2656 1898,2657"/>
                <TextEquiv>
                    <Unicode>in den Betten der elegantesten Hotels.“</Unicode>
                </TextEquiv>
            </TextLine>
            <TextLine id="r2l61" custom="readingOrder {index:60;}">
                <Coords points="324,2677 348,2682 381,2672 396,2684 406,2673 440,2671 495,2692 526,2669 600,2668 599,2647 584,2647 553,2623 540,2630 500,2625 483,2635 432,2620 408,2634 358,2622 324,2631"/>
                <Baseline points="332,2667 357,2668 383,2668 409,2668 435,2668 461,2667 487,2667 513,2667 539,2667 565,2667 591,2668"/>
                <TextEquiv>
                    <Unicode>einen Tod zu</Unicode>
                </TextEquiv>
            </TextLine>
            <TextLine id="r2l62" custom="readingOrder {index:61;}">
                <Coords points="1191,2719 2437,2726 2437,2690 2305,2664 1191,2673"/>
                <Baseline points="1200,2714 1261,2714 1322,2714 1384,2714 1445,2714 1507,2714 1568,2714 1629,2714 1691,2714 1752,2715 1814,2715 1875,2715 1936,2715 1998,2715 2059,2715 2121,2715 2182,2715 2243,2715 2305,2715 2366,2715 2428,2715"/>
                <TextEquiv>
                    <Unicode>Die poetische Diktion Hoffensthals, seine Kunst,</Unicode>
                </TextEquiv>
            </TextLine>
            <TextLine id="r2l63" custom="readingOrder {index:62;}">
                <Coords points="360,2731 403,2719 445,2733 504,2722 522,2736 555,2724 603,2740 603,2670 543,2683 518,2678 502,2688 461,2680 453,2686 420,2673 396,2694 383,2683 360,2686"/>
                <Baseline points="369,2720 394,2719 419,2719 444,2719 469,2719 494,2719 519,2720 544,2720 569,2721 594,2721"/>
                <TextEquiv>
                    <Unicode>s Bett und</Unicode>
                </TextEquiv>
            </TextLine>
            <TextLine id="r2l64" custom="readingOrder {index:63;}">
                <Coords points="1070,2776 2417,2782 2434,2738 1373,2746 1176,2707 1070,2748"/>
                <Baseline points="1079,2766 1146,2766 1213,2766 1280,2766 1348,2766 1415,2766 1482,2766 1550,2766 1617,2766 1684,2766 1752,2766 1819,2767 1886,2767 1953,2767 2021,2767 2088,2766 2155,2766 2223,2766 2290,2766 2357,2765 2425,2765"/>
                <TextEquiv>
                    <Unicode>gleichsam in Blitzaufnahmen den Charakter der Menschen zu</Unicode>
                </TextEquiv>
            </TextLine>
            <TextLine id="r2l65" custom="readingOrder {index:64;}">
                <Coords points="424,2785 455,2786 467,2776 501,2779 513,2771 522,2778 536,2768 598,2790 600,2739 580,2730 551,2729 526,2740 520,2735 504,2738 496,2729 474,2729 463,2737 450,2728 443,2733 426,2726"/>
                <Baseline points="433,2770 459,2769 485,2769 512,2770 538,2771 564,2772 591,2774"/>
                <TextEquiv>
                    <Unicode>rief, in</Unicode>
                </TextEquiv>
            </TextLine>
            <TextLine id="r2l66" custom="readingOrder {index:65;}">
                <Coords points="1079,2816 2444,2822 2427,2779 2288,2771 1079,2791"/>
                <Baseline points="1088,2814 1155,2815 1222,2816 1290,2817 1357,2817 1425,2817 1492,2817 1559,2817 1627,2817 1694,2817 1762,2816 1829,2816 1896,2816 1964,2815 2031,2815 2099,2815 2166,2814 2233,2814 2301,2814 2368,2814 2436,2814"/>
                <TextEquiv>
                    <Unicode>erfassen, zeigt das Vorspiel, die alltägige Geschichte eines hübschen</Unicode>
                </TextEquiv>
            </TextLine>
            <TextLine id="r2l67" custom="readingOrder {index:66;}">
                <Coords points="488,2828 499,2828 506,2823 518,2829 528,2824 545,2835 562,2824 598,2822 600,2773 590,2772 580,2779 566,2781 552,2776 535,2785 523,2781 509,2793 490,2795"/>
                <Baseline points="498,2819 528,2820 559,2821 590,2823"/>
                <TextEquiv>
                    <Unicode>den</Unicode>
                </TextEquiv>
            </TextLine>
            <TextLine id="r2l68" custom="readingOrder {index:67;}">
                <Coords points="1070,2861 1626,2894 2439,2862 2395,2824 1070,2833"/>
                <Baseline points="1078,2869 1145,2869 1213,2868 1280,2867 1348,2867 1416,2867 1483,2866 1551,2866 1618,2866 1686,2866 1754,2866 1821,2866 1889,2866 1956,2866 2024,2866 2091,2866 2159,2866 2227,2866 2294,2866 2362,2865 2430,2865"/>
                <TextEquiv>
                    <Unicode>Mädehens auf dem Tanzboden. Lori Graff heiratet den Bezirks¬</Unicode>
                </TextEquiv>
            </TextLine>
            <TextLine id="r2l69" custom="readingOrder {index:68;}">
                <Coords points="377,2882 394,2882 401,2878 413,2882 428,2880 430,2827 422,2827 416,2832 413,2830 408,2835 404,2835 391,2824 379,2824"/>
                <Baseline points="386,2866 420,2867"/>
                <TextEquiv>
                    <Unicode>der</Unicode>
                </TextEquiv>
            </TextLine>
            <TextLine id="r2l70" custom="readingOrder {index:69;}">
                <Coords points="440,2886 477,2875 497,2882 526,2881 535,2874 564,2874 577,2883 601,2880 602,2822 592,2820 563,2843 552,2843 530,2824 441,2831"/>
                <Baseline points="450,2869 478,2869 507,2869 535,2869 564,2870 593,2872"/>
                <TextEquiv>
                    <Unicode>Gatten</Unicode>
                </TextEquiv>
            </TextLine>
            <TextLine id="r2l71" custom="readingOrder {index:70;}">
                <Coords points="1076,2928 2123,2946 2436,2928 2436,2887 1076,2889"/>
                <Baseline points="1085,2919 1152,2919 1219,2919 1286,2919 1353,2919 1420,2919 1487,2918 1555,2918 1622,2918 1689,2918 1756,2918 1823,2917 1890,2917 1957,2917 2025,2917 2092,2917 2159,2916 2226,2916 2293,2916 2360,2916 2428,2916"/>
                <TextEquiv>
                    <Unicode>kommissär Dr. Valentin v. Alfreider, den Freund jenes hübschen</Unicode>
                </TextEquiv>
            </TextLine>
            <TextLine id="r2l72" custom="readingOrder {index:71;}">
                <Coords points="399,2925 418,2925 426,2932 452,2923 466,2932 483,2925 498,2936 551,2924 602,2932 603,2904 583,2904 561,2888 540,2892 518,2878 492,2884 470,2877 431,2885 400,2879"/>
                <Baseline points="408,2918 434,2919 461,2919 487,2920 514,2920 540,2921 567,2922 594,2923"/>
                <TextEquiv>
                    <Unicode>itwe den</Unicode>
                </TextEquiv>
            </TextLine>
            <TextLine id="r2l73" custom="readingOrder {index:72;}">
                <Coords points="1082,2973 2430,2992 2430,2937 2328,2918 1082,2932"/>
                <Baseline points="1091,2970 1157,2969 1224,2969 1290,2969 1357,2968 1423,2968 1490,2968 1556,2968 1623,2968 1689,2968 1756,2968 1823,2968 1889,2968 1956,2968 2022,2968 2089,2968 2155,2968 2222,2968 2288,2967 2355,2967 2422,2967"/>
                <TextEquiv>
                    <Unicode>Mädehens. Bei dieser Ehestiftung wird auf „Familie, Adel, Stellung,</Unicode>
                </TextEquiv>
            </TextLine>
            <TextLine id="r2l74" custom="readingOrder {index:73;}">
                <Coords points="473,2979 482,2979 490,2988 497,2984 512,2993 523,2983 529,2988 540,2988 555,2976 572,2987 588,2987 588,2944 580,2944 568,2935 559,2937 545,2928 530,2930 520,2940 497,2936 492,2931 487,2936 474,2931"/>
                <Baseline points="482,2969 514,2970 547,2969 580,2971"/>
                <TextEquiv>
                    <Unicode>ganz</Unicode>
                </TextEquiv>
            </TextLine>
            <TextLine id="r2l75" custom="readingOrder {index:74;}">
                <Coords points="1087,3044 2449,3022 2382,2978 1087,2979"/>
                <Baseline points="1095,3018 1162,3018 1229,3017 1296,3017 1364,3017 1431,3017 1498,3017 1565,3017 1633,3017 1700,3017 1767,3017 1834,3017 1902,3017 1969,3017 2036,3017 2103,3017 2171,3017 2238,3017 2305,3017 2372,3016 2440,3016"/>
                <TextEquiv>
                    <Unicode>Vermögen, Außeres, Manieren“ gesehen. „Sonst noch etwas, was</Unicode>
                </TextEquiv>
            </TextLine>
            <TextLine id="r2l76" custom="readingOrder {index:75;}">
                <Coords points="473,3029 485,3026 497,3031 514,3026 542,3029 547,3025 584,3037 584,2988 555,2983 533,2995 521,2995 473,2980"/>
                <Baseline points="481,3021 512,3021 543,3020 575,3021"/>
                <TextEquiv>
                    <Unicode>baute</Unicode>
                </TextEquiv>
            </TextLine>
            <TextLine id="r2l77" custom="readingOrder {index:76;}">
                <Coords points="1084,3073 2448,3062 2347,3022 1084,3038"/>
                <Baseline points="1093,3067 1160,3067 1227,3067 1294,3067 1362,3068 1429,3068 1496,3068 1564,3068 1631,3068 1698,3069 1766,3069 1833,3069 1900,3069 1967,3069 2035,3069 2102,3069 2169,3069 2237,3068 2304,3068 2371,3067 2439,3067"/>
                <TextEquiv>
                    <Unicode>wichtig wäre? Nein.“ Während der Hochzeitsreise erkrankt Lori in</Unicode>
                </TextEquiv>
            </TextLine>
            <TextLine id="r2l78" custom="readingOrder {index:77;}">
                <Coords points="514,3078 531,3079 534,3083 543,3076 547,3076 555,3082 557,3080 570,3083 573,3035 558,3033 549,3039 544,3037 538,3042 533,3041 528,3036 525,3038 516,3037"/>
                <Baseline points="523,3070 562,3072"/>
                <TextEquiv>
                    <Unicode>au“</Unicode>
                </TextEquiv>
            </TextLine>
            <TextLine id="r2l79" custom="readingOrder {index:78;}">
                <Coords points="508,3131 520,3131 525,3135 528,3131 533,3137 543,3137 562,3129 573,3131 595,3128 596,3092 587,3092 584,3088 577,3092 562,3081 552,3087 545,3087 536,3085 530,3078 521,3076 518,3080 509,3079"/>
                <Baseline points="516,3119 551,3119 586,3121"/>
                <TextEquiv>
                    <Unicode>der</Unicode>
                </TextEquiv>
            </TextLine>
            <TextLine id="r2l80" custom="readingOrder {index:79;}">
                <Coords points="1066,3120 2450,3130 2380,3075 1066,3084"/>
                <Baseline points="1075,3121 1143,3122 1211,3122 1279,3122 1348,3122 1416,3122 1484,3122 1553,3121 1621,3121 1689,3121 1758,3121 1826,3120 1894,3120 1962,3119 2031,3119 2099,3119 2167,3118 2236,3118 2304,3117 2372,3117 2441,3116"/>
                <TextEquiv>
                    <Unicode>Nizza. Dr. Tompson wird geholt, ein englischer „Saisonkurarzt“. Er</Unicode>
                </TextEquiv>
            </TextLine>
            <TextLine id="r2l81" custom="readingOrder {index:80;}">
                <Coords points="1071,3191 1716,3183 1716,3142 1646,3132 1071,3138"/>
                <Baseline points="1079,3166 1110,3166 1141,3167 1173,3167 1204,3167 1236,3167 1267,3167 1299,3167 1330,3167 1362,3167 1393,3167 1424,3167 1456,3167 1487,3167 1519,3166 1550,3166 1582,3166 1613,3166 1645,3166 1676,3165 1708,3165"/>
                <TextEquiv>
                    <Unicode>verschreibt Pillen und meint:</Unicode>
                </TextEquiv>
            </TextLine>
            <TextLine id="r2l82" custom="readingOrder {index:81;}">
                <Coords points="505,3190 514,3191 526,3184 543,3192 561,3177 567,3183 580,3173 604,3173 606,3135 595,3133 590,3136 582,3132 566,3142 558,3134 547,3134 542,3139 508,3130"/>
                <Baseline points="515,3172 541,3171 568,3172 595,3176"/>
                <TextEquiv>
                    <Unicode>hes</Unicode>
                </TextEquiv>
            </TextLine>
            <TextLine id="r2l83" custom="readingOrder {index:82;}">
                <Coords points="1205,3229 2363,3220 2300,3165 1205,3194"/>
                <Baseline points="1213,3223 1270,3222 1327,3222 1384,3222 1441,3222 1498,3223 1555,3223 1612,3223 1669,3224 1726,3224 1783,3224 1840,3224 1897,3224 1954,3223 2011,3223 2068,3222 2125,3221 2182,3219 2239,3218 2296,3215 2354,3212"/>
                <TextEquiv>
                    <Unicode>„In der Tat nichts, Gnädigste. Ein bißchen Unregelmäßigkeit.“</Unicode>
                </TextEquiv>
            </TextLine>
            <TextLine id="r2l84" custom="readingOrder {index:83;}">
                <Coords points="473,3231 483,3232 495,3227 514,3230 519,3226 526,3232 560,3230 586,3235 587,3201 575,3200 569,3193 538,3197 514,3190 498,3177 475,3180"/>
                <Baseline points="482,3221 513,3221 545,3222 577,3226"/>
                <TextEquiv>
                    <Unicode>nken¬</Unicode>
                </TextEquiv>
            </TextLine>
            <TextLine id="r2l85" custom="readingOrder {index:84;}">
                <Coords points="1212,3275 2427,3269 2426,3234 2317,3223 1211,3231"/>
                <Baseline points="1220,3262 1279,3262 1339,3262 1399,3262 1459,3262 1519,3261 1579,3261 1639,3261 1699,3261 1759,3260 1819,3260 1878,3260 1938,3259 1998,3259 2058,3259 2118,3259 2178,3258 2238,3258 2298,3258 2358,3258 2418,3258"/>
                <TextEquiv>
                    <Unicode>In seiner ausführlichen Beruhigungsrede, die er begütigend vor¬</Unicode>
                </TextEquiv>
            </TextLine>
            <TextLine id="r2l86" custom="readingOrder {index:85;}">
                <Coords points="496,3294 525,3296 533,3288 539,3290 547,3285 574,3291 587,3279 595,3286 604,3286 605,3238 589,3240 581,3232 548,3232 529,3248 519,3243 497,3246"/>
                <Baseline points="505,3272 535,3271 565,3272 595,3274"/>
                <TextEquiv>
                    <Unicode>sie</Unicode>
                </TextEquiv>
            </TextLine>
            <TextLine id="r2l87" custom="readingOrder {index:86;}">
                <Coords points="1074,3300 2440,3294 2383,3261 1074,3276"/>
                <Baseline points="1083,3301 1150,3302 1217,3302 1285,3302 1352,3302 1420,3302 1487,3303 1554,3303 1622,3303 1689,3303 1757,3303 1824,3303 1891,3302 1959,3302 2026,3301 2094,3301 2161,3300 2228,3298 2296,3297 2363,3295 2431,3293"/>
                <TextEquiv>
                    <Unicode>brachte, gebrauchte er noch ein Sträußchen wissenschafllich klingender</Unicode>
                </TextEquiv>
            </TextLine>
            <TextLine id="r2l88" custom="readingOrder {index:87;}">
                <Coords points="506,3333 515,3333 525,3342 533,3341 542,3332 552,3329 563,3335 570,3330 581,3335 599,3332 600,3303 589,3303 576,3292 569,3294 556,3285 544,3286 533,3296 523,3294 507,3297"/>
                <Baseline points="515,3322 540,3321 565,3322 591,3324"/>
                <TextEquiv>
                    <Unicode>mir</Unicode>
                </TextEquiv>
            </TextLine>
            <TextLine id="r2l89" custom="readingOrder {index:88;}">
                <Coords points="1082,3343 2319,3353 2444,3303 1081,3315"/>
                <Baseline points="1091,3342 1158,3342 1225,3342 1292,3343 1359,3343 1427,3343 1494,3343 1561,3343 1628,3343 1695,3343 1763,3343 1830,3342 1897,3342 1964,3341 2031,3341 2099,3340 2166,3340 2233,3339 2300,3338 2367,3337 2435,3336"/>
                <TextEquiv>
                    <Unicode>Ausdrücke, wie „Störung der Zirkulation, leichte Spasmen der Arterien“</Unicode>
                </TextEquiv>
            </TextLine>
            <TextLine id="r2l90" custom="readingOrder {index:89;}">
                <Coords points="506,3378 514,3378 538,3391 557,3379 569,3383 585,3373 598,3375 599,3336 587,3337 582,3342 575,3337 561,3345 551,3340 544,3345 534,3341 507,3344"/>
                <Baseline points="514,3373 539,3374 564,3374 590,3375"/>
                <TextEquiv>
                    <Unicode>0n</Unicode>
                </TextEquiv>
            </TextLine>
            <TextLine id="r2l91" custom="readingOrder {index:90;}">
                <Coords points="1087,3388 1991,3401 2420,3387 2444,3349 1087,3358"/>
                <Baseline points="1096,3384 1166,3384 1236,3384 1307,3384 1377,3383 1448,3383 1518,3383 1589,3382 1659,3382 1730,3382 1800,3382 1871,3381 1941,3381 2012,3381 2082,3380 2153,3380 2223,3379 2294,3379 2364,3378 2435,3378"/>
                <TextEquiv>
                    <Unicode>und erklärte dies alles zusammen — wie jede Erkrankung bei Mädchen und</Unicode>
                </TextEquiv>
            </TextLine>
            <TextLine id="r2l92" custom="readingOrder {index:91;}">
                <Coords points="1076,3451 1998,3418 2363,3456 2448,3399 1075,3395"/>
                <Baseline points="1085,3426 1152,3427 1220,3427 1288,3427 1355,3427 1423,3427 1491,3427 1558,3426 1626,3426 1694,3425 1762,3425 1829,3424 1897,3424 1965,3423 2032,3422 2100,3422 2168,3421 2235,3420 2303,3420 2371,3419 2439,3419"/>
                <TextEquiv>
                    <Unicode>Frauen, ob sie nun gut aussahen oder schlecht — aus der „Anämie“, Er</Unicode>
                </TextEquiv>
            </TextLine>
            <TextEquiv>
                <Unicode>E
box 36/3
PamphletsOfforints
er nicht von dem
Weib älleren Stils, trinkt Absinth, Ather und Morphium und hat
ifelt, vermutet eine
ebenfalls ein Herzleiden, an welchem sie in dem Moment stirbt,
da auch die Mutter
als der Dramatiker mit diesem Requisit nichts mehr anzu¬
fangen weiß.
isses nicht glauben
Eine köstliche Geschichte ist dem Direktor eines Wiener
g über viele franzö¬
Theaters passiert. In seinem Bureau erscheint ein junger Mann,
liert sich an einen
dessen sehr schlichtes und bescheidenes Auftreten auf einen Freikarten¬
Hausarzt an und
rzt spielt hier nach
jäger schließen läßt. Der Empfang ist nicht besonders freundlich.
Bald stellt es sich heraus, daß der schüchterne, verlegene Mann
Komödie „Der Arzt
Dr. Kamp“ ist, ein Arzt, dessen Drama „Am Vorabend“ in
tschen Volkstheater,
Paris große Erfolge errungen hat und sogar ins Chinesische über¬
Das Motiv, daß ein
und dasselbe dem
setzt wurde. Man muß eben mit ärztlichen Dramatikern heute
schon ernstlich reehnen.
ß diese ernüchtert
r vorjährigen Revue
ie Arzte in ein
und Schwindler
II.
tor und den halb¬
Arztliche Prosadichtungen und Erzählungen treten in dieser
enden Armenarzt.
Jahresrevue hinter die großen Leistungen unserer dramalischen
auf die Bühne
Kollegen zurück. Hans v. Hoffensthal hat einen Roman
und Fürsten auf
geschrieben, der mannigfaltige künsllerische und ärztliche Motive
ise sind wie die
enthält, aber den Leser nicht durchaus befriedigen kann. „Lori
zwei nach dem
Graff“ (Berlin, Fleischel &amp; Co.) ist „den heiratsfähigen Mädchen
Molière,
II
und deren Eltern“ gewidmet. Lori wird von ihrem Gatten infiziert.
s kunsllerische
Die Gonorrhoe ist eigentlich die traurige Heldin des Romans,
n und bornierten
von welcher der Autor schreibt: „Diese Seuche kümmert sich
stellt hat. Im
recht wenig um soziale Rangstufen... sie macht ihre Reisen
ve Latimers
überall hin, in den Personenzügen billigster Klasse, logiert in den
rVerfasser
kleinsten Spelunken, reist aber ebenso mit Luxuszug und schläft
k da, die
in den Betten der elegantesten Hotels.“
einen Tod zu
Die poetische Diktion Hoffensthals, seine Kunst,
s Bett und
gleichsam in Blitzaufnahmen den Charakter der Menschen zu
rief, in
erfassen, zeigt das Vorspiel, die alltägige Geschichte eines hübschen
den
Mädehens auf dem Tanzboden. Lori Graff heiratet den Bezirks¬
der
Gatten
kommissär Dr. Valentin v. Alfreider, den Freund jenes hübschen
itwe den
Mädehens. Bei dieser Ehestiftung wird auf „Familie, Adel, Stellung,
ganz
Vermögen, Außeres, Manieren“ gesehen. „Sonst noch etwas, was
baute
wichtig wäre? Nein.“ Während der Hochzeitsreise erkrankt Lori in
au“
der
Nizza. Dr. Tompson wird geholt, ein englischer „Saisonkurarzt“. Er
verschreibt Pillen und meint:
hes
„In der Tat nichts, Gnädigste. Ein bißchen Unregelmäßigkeit.“
nken¬
In seiner ausführlichen Beruhigungsrede, die er begütigend vor¬
sie
brachte, gebrauchte er noch ein Sträußchen wissenschafllich klingender
mir
Ausdrücke, wie „Störung der Zirkulation, leichte Spasmen der Arterien“
0n
und erklärte dies alles zusammen — wie jede Erkrankung bei Mädchen und
Frauen, ob sie nun gut aussahen oder schlecht — aus der „Anämie“, Er</Unicode>
            </TextEquiv>
        </TextRegion>
    </Page>
</PcGts>
