3296 4224
1491 312 1951 397 box 36//3
564 304 1318 419 lets, Offprints
1294 366 1329 405 —
178 314 655 413 Pamph.
874 1264 2256 1329 einen Scharlatan und einen Arzt (Jena, Diederichs). „Briefe aus
881 1324 2249 1370 der Heilanstalt für Nervenkranke“ teilt Hans Ludwig Rosegger
882 1370 2250 1430 in der Novelle „Der Zug um 6 Uhr 10 Min.“ mit (Kösteritz,
881 1427 2244 1483 Seifert). Es ist uns nicht bekannt, ob Josef Zytlaun, der Ver¬
883 1468 2255 1517 fasser der Leidensgeschichte „Kreszenz Bühler“, ein Arzt ist; er
876 1525 2249 1588 gibt eine Krankengeschichte, welche zwischen Katalepsie und
885 1569 2255 1623 Epilepsie schwankt (Berlin, Fischer). In „Claires Liaison“ von
885 1623 2248 1690 Annette Kispert spielt ein Schädel die Hauptrolle; die Witwe
889 1679 2264 1728 erzählt die Geschichte ihres Mannes, welchem der Schädel mit
872 1710 2248 1783 breitgedrücktem Hinterkopf gehört hat; ein Psychiater teilt ihr mit, daß
886 1774 2257 1839 nach dieser Schädelbildung der Mann, wenn er länger gelebt hätte,
874 1828 2254 1885 geisteskrank geworden wäre (Leipzig, Elischer). Der Roman von
889 1883 2250 1939 Andro „Das offene Tor“ behandelt die Krankengeschichte eines
880 1934 2260 1983 berühmten Wiene. Komponisten, welcher an progressiver Paralyse
890 1982 2120 2030 zugrunde gegangen ist (München, Süddeutsche Monatshefte).
992 2040 2247 2093 Auch Hölderlin hat nach einer jetzt grassierenden Mode seine
880 2092 2262 2155 pathographischen Biographen in Dr. Wilhelm Lange gefunden
886 2139 2249 2207 (Stuttgart, Enke). Bernhardine Schulze-Schmidt, die
888 2189 2256 2246 Schwester eines Psychiaters, schildert ein Sanatorium für Nerven¬
889 2243 2250 2292 kranke („Fließendes Wasser“; Dresden, Reißner). „Briefe aus dem
891 2290 2241 2361 Irrenhause“ liefern noch drastischeres, wenn auch nicht einwand¬
887 2351 2250 2412 freies Beobachtungsmaterial (Berlin, Wigand). Das Luftschiff führt
889 2380 2264 2449 auch Arzte an Bord; im „Atherio“ von August Niemann leistet
891 2433 2257 2505 Dr. Pratico der Prinzessin Fantasia Gesellschaft (Regensburg,
887 2483 2267 2545 Wunderlich). Unser Kollege Dr. Robert v. Eichoff beschäftigt
887 2541 2240 2595 sich in einer größeren Studie mit „Fortschritt und Rückschritt“
894 2605 2255 2656 (Leipzig, Hasert). Dr. Fritz Wittels hat Skizzen über „Die sexuelle
890 2641 2253 2714 Not“ gesammelt und Professor Freud zugeeignet (Leipzig, Stern).
998 2710 2267 2785 Dr. Philipp Kneip, Professor der Apologetik in Würzburg,
886 2762 2257 2817 behandelt die „Moderne Leben Jesu-Forschung unter dem Einfluß
893 2824 2242 2874 der Psychiatrie“ (Mainz, Kirchheim). Wells nennt eine Patent¬
889 2863 2250 2918 medizin, welche Vieles heilen soll „Tono-Bungey“ (London, Milan).
897 2915 2263 2973 „Der Doktor Lerne“ von Maurice Renard bessert Menschen
886 2975 2266 3023 aus; irrtümlicherweise vertauscht er das Gehirn eines Mannes mit
884 3028 2264 3069 dem eines Hundes, das Gehirn eines Jünglings mit dem eines
898 3075 2263 3127 Stieres. Der Stier mit dem Menschenhirn spielt eine traurige Rolle;
896 3123 2255 3177 der Mensch mit dem Stiergehirn kommt in der Gesellschaft besser
893 3175 2264 3223 fort (München, Weber). Der geniale Knv' Hamsun erzählt von
889 3212 2255 3266 einem Neurastheniker, der aufs Land geht, um bei einfacher länd¬
893 3257 2258 3325 licher Arbeit gesund zu werden („Unter Herbststernen“, München,
882 3306 2252 3369 Langen). Dr. Vladan Georgewitch, der Leibarzt des Königs
888 3363 2253 3427 Milan von Serbien, hat den Roman „Golgatha“ geschrieben (Stutt¬
889 3431 2257 3476 gart, Deutsche Verlagsanstalt). Greene läßt einen Schiffsarzt eine
889 3465 2273 3531 falsche Diagnose auf Delirium tremens stellen; in Wirklichkeit
2634 1251 3303 1324 handelt es sich um eine schr
2633 1304 3290 1380 Geschichte („Australisches“ vor
2626 1356 3303 1427 demselben Buche greift in ein
2629 1409 3295 1482 der beleidigte Ehemann nicht zu
2635 1457 3303 1521 um sein Weib langsam zu töten
2626 1507 3301 1589 die Anzeichen von Lepra und gi
2744 1565 3303 1649 Die humoristische Ausbeute
2623 1642 3304 1715 sei „Der gekitzelte Askulap von
2749 1682 3293 1769 Die „Lustigen Blätter“ ha
2622 1739 3291 1821 Arzte“ herausgegeben, welche ni
2624 1800 3303 1872 zeichnet eine seiner hübschen F
2623 1848 3295 1906 schlanken Rücken zuwendet und
2629 1898 3301 1958 hagen, hinten oben links auskul
2632 1942 3295 2022 „Merkwürdig, ich höre immerfort
2625 1992 3290 2071 antwortet: „Aber, Herr Professor,
2730 2259 3303 2331 Wenn auch der holde Wal
2614 2323 3302 2398 Kollegen umschwebt, so ist doch d
2621 2377 3300 2439 groß. Hugo Salus, der Führe
2619 2438 3294 2492 manches in Zeitschriften publizier
2631 2477 3303 2559 Vorlesung erfreut. Gelegentlich er
2622 2525 2930 2598 der „Sonate“,
2753 2596 2953 2646 „Sonst wir
2743 2638 2912 2686 Und ihre
2745 2675 2897 2725 Tönt al
2756 2716 2841 2761 Bede
