3344 4320
1956 151 2250 243 —
1511 244 1966 340 box 36/3
289 239 1362 347 Panphletsoffarints
1864 1055 1906 1114 5
189 1144 714 1222 braver Leute in einem
1314 1148 2571 1224 „Der Ruf des Lebens von Artur Schnitzler, dessen
162 1203 726 1270 ing. Peratoner hilft seinem
1190 1225 2556 1289 Schönheiten wir vor Jahresfrist an dieser Stelle gewürdigt haben,
163 1248 722 1326 hnitzerei; dieser hat sich
1204 1278 2563 1337 erlebt in einer Umarbeitung auf mehreren deutschen Theatern
174 1305 721 1376 und liegt krank darnieder.
1188 1319 2562 1395 große Erfolge. Die Kunst Artur Schnitzlers, Menschen wie
191 1353 723 1433 für den im Ausgeding
1183 1372 2551 1421 Marionetten an unsichtbaren Drähten vorübergleiten, durcheinander¬
170 1401 711 1466 braucht die Sennleitnerin.
1191 1415 2561 1466 wirbeln und schließlich nach großen ewigen Gesetzen zugeunde
191 1455 725 1522 bekommen, ein Gulden
1194 1476 2552 1525 gehen zu lassen, liefert in diesem Drama wohl ihr Meisterstück.
210 1506 722 1574 Der Alte erkennt den
1198 1527 2558 1593 Man vergißt bei Jer Lektüre oder bei der Aufführung des Stückes
174 1552 710 1632 lich der Sonnleitnerin an
1195 1580 2559 1638 ganz, daß die großen ewigen Gesetze, nach welchen Schnitzlers
163 1605 702 1675 t Sonnleitner die Kala¬
1195 1632 2560 1669 Menschen ihre Kreise vollenden müssen, nicht die allgemeinen Gesetze
174 1657 707 1732 er Hand, segnet das Paar,
1186 1679 2560 1729 des Lebens und der dramatischen Kunst früherer Tage, sondern indivi¬
195 1707 722 1776 hab'n“, und stirbt an
1188 1728 2556 1791 duell korrigierte Schnitzler’sche Gesetze sind. Das ist der große
176 1756 718 1835 die Brücke“ von Karl
1183 1775 2553 1846 Dichter, welcher an die Stelle des nun einmal gegebenen Makrokosmus
194 1814 716 1882 im Burgtheater gegeben
1194 1835 2556 1894 seine Schöpfung, seinen Mikrokosmus setzt und uns, ob wir nun
178 1870 717 1926 e. In diesem Werke hat
1185 1879 2557 1948 wollen oder nicht, zum Miterleben und zum Glauben zwingt.
165 1909 705 1980 n Verhältnissen und aus
1190 1934 2554 1990 Die „Liebelei“ hat in einer glänzenden Aufführung des Deutschen
174 1961 725 2032 gefunden, Wir hören von
1194 1970 2553 2038 Volkstheaters außerordentlich gewirkt. Das Drama gehört bereits
180 2012 502 2080 et den Chorus.
1190 2024 2554 2097 der Literatur an, ist aber weder klassisch noch veraltet. Das muß
188 2049 706 2141 Welt still! Soger die Maar'
1190 2071 2555 2147 im Gegensatze zur „Kabale und Liebe“ (auf diese Tragödie geht ja
181 2119 705 2167 Großstadt!“ (Die Leute ver¬
1191 2122 2549 2198 das Wiener Stück zurück, gesagt werden, zum Trauerspiel des
182 2168 714 2219 nst machen?“ Das Städtchen
1186 2176 2545 2232 Klassikers, welches bereits bedenkliche Runzeln aufweist. Die
223 2202 717 2259 ehren ist der Schauspieler
1185 2230 2553 2272 „Liebelei“ wurde auch ins Englische übersetzt, doch hören wir,
176 2234 706 2298 Schlossers hat sich in ihn
1186 2279 2543 2339 daß den englischen Theaterdirektoren der Mut gebricht, das Stück
164 2284 705 2340 er jungen Sehnsucht ist halt
173 2328 711 2381 sie streiten „Tag und Nacht
1185 2334 2538 2394 aufzuführen. Neben der „Liebelei“ hat die einaktige Komödie „Kom¬
175 2357 704 2419 sterin, Arbeitstier, Küchen¬
1190 2374 2540 2443 tesse Mizzi oder Der Familientag“ im Deutschen Volkstheater gewirkt,
177 2405 696 2470 Wenn i meine Sessel klopf’,
1189 2417 2549 2481 ein Intermezzo, eine Kleinigkeit, welche Schnitzier von Zeit
174 2441 706 2504 Schauen Sie, ob noch a Staub
1182 2481 2549 2544 zu Zeit zum Besten gibt, wie seine bedeutendste Schöpfung auf
194 2483 709 2547 in der Niklauserkirche hat
170 2516 704 2583 rbeschläg' an der Kirchentür
1181 2534 2551 2571 diesem Gebiete „Der grüne Kakadu“ oder seine Marionettenspiele.
195 2568 694 2624 an! Aber das da  jed'n
1190 2583 2550 2651 Der Dichter hat es diesmal auf die Moral der Aristokraten abge¬
191 2601 698 2669 vormachen hundertmal
1190 2631 2541 2690 schen und damit das große Lob der Bürgerlichen geerntet. Artur
161 2643 695 2701 re hineinlügen, das is eine
1183 2677 2555 2725 Schnitzler weiß aber gar wohl, daß die Moral der Aristokraten
162 2685 690 2743 ifen! Der Hammer hat kein'
175 2721 689 2787 en. „Einmal war sie krank“,
1185 2726 2548 2783 und die Moral der Bürgerlichen eine Moral ist — daß er uns
193 2764 697 2823 ihrem Bett; da fängt dir
1179 2779 2329 2838 über diese Wahrheit hinwegtäuscht, ist sehr erheiternd.
222 2806 697 2868 ie hat oft aus meinen
201 2842 696 2912 ich gelernt habe —, längt
1292 2831 2539 2908 Der Führer der österreichischen Lyriker Hugo Salus hat
200 2884 347 2937 darin
400 2883 702 2942 es ist nur 8o
1179 2885 2535 2977 mit dem dramatischen Erstlingswerk „Römische Komödie“ im
229 2925 332 2974 ihr!
345 2896 688 2983 Siehst du, ich bin
1181 2937 2532 3003 Breslauer Schauspielhause einen hübschen Erfolg errungen.
386 2969 686 3020 ringt! Es muß
178 3003 283 3054 hnstie
1183 3002 2541 3068 Das Stück zeigt einen zierlichen Aufbau und liebenswürdig-graziösen
312 2967 360 3054 5
370 3015 689 3064 arauf warte ich!
473 3050 696 3102 er Tochter
1167 3049 2539 3100 Humer. Ebenso erzielte die Tragikomödie „Die Halben“ des Berliner
511 3094 690 3149 erlluchte
1182 3102 2543 3176 Arztes Ludwig Zippert im Hamburger Thaliatheater einen Erfolg.
461 3130 689 3194 ch liege m
1292 3178 2535 3238 Tschechows Schauspiel „Die Möwe“ hat gut ge¬
1181 3222 2539 3280 fallen (Première im Deutschen Volkstheater am 16. Juni). Der
484 3240 689 3308 hiedenen
1177 3274 2540 3335 russische Arzt zeigt uns einen literarischen Gecken neben einer
488 3291 677 3372 Iralismus
1176 3332 2547 3384 alternden Schauspielerin; der Sohn der letzteren, ein echter
1168 3376 2558 3443 Dichter, liebt ein Mädchen, das jenem Gecken nachläuft und sich
2341 3437 2413 3495 2*
