<?xml version="1.0" encoding="UTF-8" standalone="yes"?>
<PcGts xmlns="http://schema.primaresearch.org/PAGE/gts/pagecontent/2013-07-15" xmlns:xsi="http://www.w3.org/2001/XMLSchema-instance" xsi:schemaLocation="http://schema.primaresearch.org/PAGE/gts/pagecontent/2013-07-15 http://schema.primaresearch.org/PAGE/gts/pagecontent/2013-07-15/pagecontent.xsd">
    <Metadata>
        <Creator>prov=University of Rostock/Institute of Mathematics/CITlab/Gundram Leifert/gundram.leifert@uni-rostock.de:name=ONB_Newseye_GT_M1+(htr_id=10810)::::v=2.4.2
prov=University of Rostock/Institute of Mathematics/CITlab/Tobias Gruening/tobias.gruening@uni-rostock.de:name=de.uros.citlab.module.baseline2polygon.B2PSeamMultiOriented:v=2.4.2
prov=University of Rostock/Institute of Mathematics/CITlab/Tobias Gruening/tobias.gruening@uni-rostock.de:name=/mnt/transkribus/LA/DEA/URO/LA_news_onb_att.pb:de.uros.citlab.segmentation.CITlab_LA_ML:v=2.4.2
Transkribus</Creator>
        <Created>2019-10-07T15:14:21.778+02:00</Created>
        <LastChange>2019-10-09T00:17:26.365+02:00</LastChange>
        <TranskribusMetadata docId="224194" pageId="9514675" pageNr="2" tsid="16617540" status="IN_PROGRESS" userId="40391" imgUrl="https://files.transkribus.eu/Get?id=SNPHSAQDCHGRRKJZAKLIMUUG&amp;fileType=view" xmlUrl="https://files.transkribus.eu/Get?id=XGESZITUQESESYPKVXZJQQOO" imageId="6202909"/>
    </Metadata>
    <Page imageFilename="224194_0002.jpeg" imageWidth="3344" imageHeight="4320">
        <ReadingOrder>
            <OrderedGroup id="ro_1711443809681" caption="Regions reading order">
                <RegionRefIndexed index="0" regionRef="r1"/>
                <RegionRefIndexed index="1" regionRef="r2"/>
            </OrderedGroup>
        </ReadingOrder>
        <TextRegion orientation="0.0" id="r1" custom="readingOrder {index:0;}">
            <Coords points="145,218 145,2258 1321,2258 1321,218"/>
            <TextLine id="r1l1" custom="readingOrder {index:0;}">
                <Coords points="208,320 1330,336 1330,292 1226,246 870,243 806,299 663,236 304,236 208,272"/>
                <Baseline points="217,304 272,306 327,308 382,310 437,311 493,312 548,313 603,314 658,315 713,315 769,315 824,316 879,316 934,316 989,317 1045,317 1100,318 1155,319 1210,320 1265,321 1321,322"/>
                <TextEquiv>
                    <Unicode>Panphletsofforints</Unicode>
                </TextEquiv>
            </TextLine>
            <TextLine id="r1l2" custom="readingOrder {index:1;}">
                <Coords points="139,2047 200,2061 221,2044 351,2058 380,2045 406,2070 476,2049 559,2077 614,2053 685,2053 719,2039 720,2014 668,1992 530,2009 439,1994 369,2014 180,1985 140,1998"/>
                <Baseline points="148,2033 176,2034 204,2034 232,2036 260,2037 288,2038 316,2039 344,2040 372,2041 400,2042 429,2044 457,2044 485,2045 513,2046 541,2046 569,2047 597,2047 625,2047 653,2047 681,2046 710,2046"/>
                <TextEquiv>
                    <Unicode>dizinischen Wochenschrift“</Unicode>
                </TextEquiv>
            </TextLine>
            <TextLine id="r1l3" custom="readingOrder {index:2;}">
                <Coords points="137,2217 170,2232 193,2222 202,2230 216,2229 237,2217 257,2228 264,2221 282,2227 296,2218 306,2225 315,2219 338,2222 340,2179 303,2186 288,2170 261,2182 232,2166 198,2174 173,2161 159,2171 139,2168"/>
                <Baseline points="145,2206 171,2207 197,2208 224,2208 250,2210 277,2211 303,2213 330,2215"/>
                <TextEquiv>
                    <Unicode>ehalten.</Unicode>
                </TextEquiv>
            </TextLine>
            <TextEquiv>
                <Unicode>Panphletsofforints
dizinischen Wochenschrift“
ehalten.</Unicode>
            </TextEquiv>
        </TextRegion>
        <TextRegion orientation="0.0" id="r2" custom="readingOrder {index:1;}">
            <Coords points="1181,285 1181,3382 2544,3382 2544,285"/>
            <TextLine id="r2l1" custom="readingOrder {index:0;}">
                <Coords points="1479,305 1523,325 1590,317 1633,333 1677,308 1734,348 1772,323 1834,339 1868,320 1928,317 1928,285 1890,255 1844,246 1810,273 1783,247 1752,264 1720,246 1667,278 1627,255 1601,270 1583,254 1480,253"/>
                <Baseline points="1487,306 1512,306 1537,306 1563,306 1588,307 1614,308 1639,308 1665,309 1690,310 1716,311 1741,311 1767,312 1792,313 1818,312 1843,312 1869,311 1894,310 1920,308"/>
                <TextEquiv>
                    <Unicode>box 36/3</Unicode>
                </TextEquiv>
            </TextLine>
            <TextLine id="r2l2" custom="readingOrder {index:1;}">
                <Coords points="1309,1589 2499,1589 2536,1542 1310,1525"/>
                <Baseline points="1318,1566 1378,1568 1438,1569 1499,1570 1559,1571 1620,1572 1680,1573 1740,1574 1801,1575 1861,1576 1922,1577 1982,1577 2042,1578 2103,1579 2163,1579 2224,1580 2284,1580 2344,1580 2405,1581 2465,1581 2526,1581"/>
                <TextEquiv>
                    <Unicode>In der Revue für das Jahr 1909 gebührt den dramati¬</Unicode>
                </TextEquiv>
            </TextLine>
            <TextLine id="r2l3" custom="readingOrder {index:2;}">
                <Coords points="1189,1625 2499,1648 2549,1606 1189,1593"/>
                <Baseline points="1198,1616 1265,1618 1332,1620 1399,1621 1466,1622 1533,1623 1600,1624 1667,1624 1734,1625 1801,1626 1869,1626 1936,1627 2003,1627 2070,1627 2137,1628 2204,1629 2271,1629 2338,1631 2405,1632 2472,1633 2540,1635"/>
                <TextEquiv>
                    <Unicode>schen Arzten und den Arzten im Drama unbedingt der Vorrang.</Unicode>
                </TextEquiv>
            </TextLine>
            <TextLine id="r2l4" custom="readingOrder {index:3;}">
                <Coords points="1189,1678 2552,1677 2334,1634 1190,1626"/>
                <Baseline points="1198,1664 1265,1666 1332,1668 1399,1669 1467,1671 1534,1672 1601,1673 1669,1674 1736,1675 1803,1676 1871,1676 1938,1677 2005,1677 2072,1678 2140,1678 2207,1679 2274,1679 2342,1680 2409,1681 2476,1681 2544,1682"/>
                <TextEquiv>
                    <Unicode>Karl Schönherr hat in diesem Jahre große Erfolge errungen</Unicode>
                </TextEquiv>
            </TextLine>
            <TextLine id="r2l5" custom="readingOrder {index:4;}">
                <Coords points="1180,1715 2546,1747 2547,1674 1181,1689"/>
                <Baseline points="1188,1716 1255,1717 1322,1719 1390,1720 1457,1721 1525,1722 1592,1723 1660,1724 1727,1724 1795,1725 1862,1726 1929,1727 1997,1727 2064,1728 2132,1729 2199,1730 2267,1731 2334,1732 2402,1734 2469,1735 2537,1737"/>
                <TextEquiv>
                    <Unicode>und zwei ehrenvolle Niederlagen auf der Bühne erlebt. Zuerst</Unicode>
                </TextEquiv>
            </TextLine>
            <TextLine id="r2l6" custom="readingOrder {index:5;}">
                <Coords points="1182,1771 2450,1800 2548,1790 2549,1749 1183,1734"/>
                <Baseline points="1190,1767 1257,1769 1325,1770 1392,1771 1460,1772 1527,1773 1595,1773 1662,1774 1730,1775 1797,1775 1865,1776 1932,1776 2000,1777 2067,1777 2135,1778 2202,1779 2270,1780 2337,1781 2405,1782 2472,1784 2540,1785"/>
                <TextEquiv>
                    <Unicode>kam das Märchendrama in vier Akten „Das Königreich“ (Stuttgart, Cotta;</Unicode>
                </TextEquiv>
            </TextLine>
            <TextLine id="r2l7" custom="readingOrder {index:6;}">
                <Coords points="1180,1826 2546,1833 2468,1788 1180,1770"/>
                <Baseline points="1188,1817 1255,1818 1322,1820 1390,1821 1457,1822 1525,1823 1592,1823 1660,1824 1727,1825 1795,1825 1862,1826 1929,1826 1997,1827 2064,1827 2132,1828 2199,1829 2267,1829 2334,1830 2402,1831 2469,1832 2537,1833"/>
                <TextEquiv>
                    <Unicode>Deutsches Volkstheater in Wien). Karl Schönherr ist unter</Unicode>
                </TextEquiv>
            </TextLine>
            <TextLine id="r2l8" custom="readingOrder {index:7;}">
                <Coords points="1183,1869 2539,1879 2292,1831 1183,1843"/>
                <Baseline points="1192,1869 1262,1870 1332,1871 1403,1872 1473,1872 1544,1873 1614,1873 1685,1874 1755,1874 1826,1874 1896,1875 1967,1875 2037,1875 2108,1876 2178,1877 2249,1878 2319,1879 2390,1881 2460,1883 2531,1885"/>
                <TextEquiv>
                    <Unicode>die Märchenerrähler gegangen; sein Peter Schlemihl namens</Unicode>
                </TextEquiv>
            </TextLine>
            <TextLine id="r2l9" custom="readingOrder {index:8;}">
                <Coords points="1175,1912 2545,1946 2545,1887 1470,1903 1176,1859"/>
                <Baseline points="1184,1922 1251,1922 1319,1922 1386,1922 1454,1922 1522,1923 1589,1923 1657,1923 1724,1924 1792,1924 1860,1925 1927,1925 1995,1926 2062,1926 2130,1927 2197,1928 2265,1928 2333,1929 2400,1929 2468,1930 2536,1930"/>
                <TextEquiv>
                    <Unicode>Rauschentlat muß einen blasierten Fürsten durch allerlei Unfug</Unicode>
                </TextEquiv>
            </TextLine>
            <TextLine id="r2l10" custom="readingOrder {index:9;}">
                <Coords points="1185,1969 2536,1977 2342,1935 1185,1937"/>
                <Baseline points="1193,1968 1259,1969 1326,1969 1393,1970 1459,1970 1526,1971 1593,1971 1659,1972 1726,1973 1793,1973 1860,1974 1926,1975 1993,1976 2060,1977 2126,1977 2193,1978 2260,1979 2326,1980 2393,1981 2460,1982 2527,1983"/>
                <TextEquiv>
                    <Unicode>erheitern und hat einen Sohn Dolf, der wunderschön Geige spielt.</Unicode>
                </TextEquiv>
            </TextLine>
            <TextLine id="r2l11" custom="readingOrder {index:10;}">
                <Coords points="1175,2014 2544,2030 2477,1987 1175,1991"/>
                <Baseline points="1183,2021 1250,2022 1318,2022 1385,2022 1453,2022 1521,2023 1588,2023 1656,2023 1723,2023 1791,2024 1859,2024 1926,2025 1994,2025 2061,2026 2129,2027 2196,2028 2264,2029 2332,2030 2399,2032 2467,2034 2535,2036"/>
                <TextEquiv>
                    <Unicode>Dolf geht an den Hof, um Musik zu machen, welche bisher die</Unicode>
                </TextEquiv>
            </TextLine>
            <TextLine id="r2l12" custom="readingOrder {index:11;}">
                <Coords points="1186,2075 2479,2094 2551,2040 1186,2031"/>
                <Baseline points="1195,2072 1262,2072 1329,2072 1397,2072 1464,2072 1531,2072 1599,2072 1666,2073 1733,2073 1801,2074 1868,2075 1935,2075 2003,2076 2070,2077 2137,2078 2205,2078 2272,2079 2339,2079 2407,2080 2474,2080 2542,2081"/>
                <TextEquiv>
                    <Unicode>Excellenza Diabolo besorgt hat. Dolf und eine junge Base werden</Unicode>
                </TextEquiv>
            </TextLine>
            <TextLine id="r2l13" custom="readingOrder {index:12;}">
                <Coords points="1179,2121 2527,2131 2527,2096 2436,2086 1180,2080"/>
                <Baseline points="1188,2118 1254,2119 1321,2120 1387,2121 1454,2121 1520,2122 1587,2123 1653,2123 1720,2124 1786,2125 1853,2125 1919,2126 1986,2126 2052,2127 2119,2127 2185,2128 2252,2129 2318,2129 2385,2129 2451,2130 2518,2130"/>
                <TextEquiv>
                    <Unicode>dem armen Rauschenplat entrissen; sein märchenhaftes „Königreich“</Unicode>
                </TextEquiv>
            </TextLine>
            <TextLine id="r2l14" custom="readingOrder {index:13;}">
                <Coords points="1183,2184 2541,2187 2472,2134 1184,2130"/>
                <Baseline points="1191,2170 1258,2170 1325,2170 1392,2170 1459,2171 1526,2171 1593,2171 1660,2172 1727,2173 1794,2173 1862,2174 1929,2175 1996,2176 2063,2177 2130,2178 2197,2179 2264,2179 2331,2180 2398,2182 2465,2183 2533,2184"/>
                <TextEquiv>
                    <Unicode>ist verschwunden. Er bekommt Prügel und darf in einem</Unicode>
                </TextEquiv>
            </TextLine>
            <TextLine id="r2l15" custom="readingOrder {index:14;}">
                <Coords points="1176,2215 2419,2250 2544,2234 2545,2188 1177,2185"/>
                <Baseline points="1185,2222 1252,2222 1320,2221 1387,2221 1455,2221 1522,2222 1590,2222 1657,2223 1725,2223 1792,2224 1860,2225 1928,2226 1995,2227 2063,2227 2130,2228 2198,2229 2265,2230 2333,2231 2400,2232 2468,2233 2536,2233"/>
                <TextEquiv>
                    <Unicode>schmutzigen Kellerloche hausen. Der Pessimismus dieses Märchens</Unicode>
                </TextEquiv>
            </TextLine>
            <TextLine id="r2l16" custom="readingOrder {index:15;}">
                <Coords points="1182,2283 2542,2305 2542,2252 2390,2237 1183,2220"/>
                <Baseline points="1191,2274 1258,2274 1325,2273 1392,2273 1459,2273 1526,2273 1593,2273 1661,2274 1728,2274 1795,2274 1862,2275 1929,2275 1996,2276 2063,2277 2131,2277 2198,2278 2265,2279 2332,2280 2399,2281 2466,2282 2534,2282"/>
                <TextEquiv>
                    <Unicode>ist eine Konsequenz der unerbittlichen realen Lebensauffassung</Unicode>
                </TextEquiv>
            </TextLine>
            <TextLine id="r2l17" custom="readingOrder {index:16;}">
                <Coords points="1181,2311 2549,2342 2449,2287 1181,2291"/>
                <Baseline points="1189,2322 1256,2322 1324,2322 1391,2322 1459,2322 1526,2322 1594,2323 1661,2323 1729,2324 1796,2324 1864,2325 1932,2326 1999,2327 2067,2328 2134,2329 2202,2330 2269,2331 2337,2332 2404,2333 2472,2334 2540,2335"/>
                <TextEquiv>
                    <Unicode>unseres Dichters. Hier sei die Schlußszene des dritten Aktes</Unicode>
                </TextEquiv>
            </TextLine>
            <TextLine id="r2l18" custom="readingOrder {index:17;}">
                <Coords points="1175,2364 2425,2406 2445,2341 1175,2345"/>
                <Baseline points="1183,2373 1245,2372 1308,2372 1370,2372 1433,2372 1496,2373 1558,2373 1621,2374 1684,2374 1746,2375 1809,2375 1872,2376 1934,2377 1997,2378 2060,2378 2122,2379 2185,2380 2248,2381 2310,2381 2373,2382 2436,2382"/>
                <TextEquiv>
                    <Unicode>zitiert, deren gewaltiger Sturm das Publikum mit sich fortriß.</Unicode>
                </TextEquiv>
            </TextLine>
            <TextLine id="r2l19" custom="readingOrder {index:18;}">
                <Coords points="1306,2440 2472,2446 2538,2436 2538,2397 1306,2404"/>
                <Baseline points="1314,2425 1374,2425 1435,2425 1496,2425 1557,2426 1618,2427 1678,2427 1739,2428 1800,2429 1861,2430 1922,2431 1982,2431 2043,2432 2104,2433 2165,2433 2226,2433 2286,2433 2347,2433 2408,2433 2469,2432 2530,2431"/>
                <TextEquiv>
                    <Unicode>„Hofmusikus: Saiten klingt, bis ihr springt! Peitscht den elten</Unicode>
                </TextEquiv>
            </TextLine>
            <TextLine id="r2l20" custom="readingOrder {index:19;}">
                <Coords points="1182,2474 2547,2473 2496,2439 1183,2438"/>
                <Baseline points="1191,2465 1258,2465 1325,2465 1393,2465 1460,2466 1527,2467 1595,2467 1662,2468 1729,2469 1797,2470 1864,2471 1931,2472 1999,2473 2066,2474 2133,2475 2201,2475 2268,2476 2335,2476 2403,2476 2470,2476 2538,2476"/>
                <TextEquiv>
                    <Unicode>Sündengreis ein letztesmal zur Dirne! Vor dem keuschen Knaber,bette</Unicode>
                </TextEquiv>
            </TextLine>
            <TextLine id="r2l21" custom="readingOrder {index:20;}">
                <Coords points="1173,2514 2485,2525 2545,2475 1173,2478"/>
                <Baseline points="1181,2504 1248,2505 1316,2506 1384,2507 1452,2508 1519,2509 1587,2510 1655,2511 1723,2511 1790,2512 1858,2513 1926,2513 1994,2514 2061,2514 2129,2515 2197,2515 2265,2515 2332,2516 2400,2516 2468,2515 2536,2515"/>
                <TextEquiv>
                    <Unicode>lockt um die Wette! Lockt die jungen Glieder! Weckt das Fleisch zur</Unicode>
                </TextEquiv>
            </TextLine>
            <TextLine id="r2l22" custom="readingOrder {index:21;}">
                <Coords points="1178,2542 2546,2559 2516,2517 1179,2512"/>
                <Baseline points="1187,2547 1254,2546 1322,2546 1389,2545 1457,2546 1524,2546 1592,2547 1659,2548 1727,2549 1794,2550 1862,2552 1929,2553 1997,2554 2064,2555 2132,2556 2199,2557 2267,2557 2334,2557 2402,2557 2469,2557 2537,2556"/>
                <TextEquiv>
                    <Unicode>Sünde! Lieder rast! Schwirrt der Jungfrau um die Ohren! Macht sie kirre!</Unicode>
                </TextEquiv>
            </TextLine>
            <TextLine id="r2l23" custom="readingOrder {index:22;}">
                <Coords points="1181,2578 2551,2589 1181,2545"/>
                <Baseline points="1189,2587 1256,2587 1324,2587 1391,2588 1459,2588 1527,2589 1594,2589 1662,2590 1730,2591 1797,2592 1865,2593 1933,2594 2000,2594 2068,2595 2136,2595 2203,2596 2271,2596 2339,2596 2406,2596 2474,2595 2542,2594"/>
                <TextEquiv>
                    <Unicode>Treibt sie in die Irre! Bis den Ausweg sie gefunden — auf die Gasse!</Unicode>
                </TextEquiv>
            </TextLine>
            <TextLine id="r2l24" custom="readingOrder {index:23;}">
                <Coords points="1181,2636 2544,2616 1181,2595"/>
                <Baseline points="1189,2626 1256,2626 1323,2626 1390,2627 1458,2627 1525,2628 1592,2629 1660,2630 1727,2631 1794,2632 1862,2633 1929,2633 1996,2634 2063,2635 2131,2635 2198,2635 2265,2636 2333,2636 2400,2635 2467,2635 2535,2634"/>
                <TextEquiv>
                    <Unicode>(Nimmt die Geige an sich. Mit den Fingern in die Saiten krallend.) Leier</Unicode>
                </TextEquiv>
            </TextLine>
            <TextLine id="r2l25" custom="readingOrder {index:24;}">
                <Coords points="1179,2658 2538,2670 2421,2632 1179,2638"/>
                <Baseline points="1188,2668 1255,2667 1322,2667 1389,2667 1456,2667 1523,2668 1590,2668 1657,2669 1724,2670 1791,2671 1859,2672 1926,2673 1993,2674 2060,2674 2127,2675 2194,2675 2261,2675 2328,2675 2395,2674 2462,2674 2530,2672"/>
                <TextEquiv>
                    <Unicode>spiele Blut und Feuer! Lieder brüllet, raset, gellet durch die Welt! Dringt</Unicode>
                </TextEquiv>
            </TextLine>
            <TextLine id="r2l26" custom="readingOrder {index:25;}">
                <Coords points="1185,2712 2548,2727 2524,2675 1185,2675"/>
                <Baseline points="1194,2705 1261,2705 1328,2706 1395,2706 1463,2707 1530,2708 1597,2708 1665,2709 1732,2710 1799,2711 1867,2712 1934,2713 2001,2713 2068,2714 2136,2714 2203,2715 2270,2715 2338,2715 2405,2715 2472,2714 2540,2714"/>
                <TextEquiv>
                    <Unicode>in alle Häuser; öffnet alle Wollustschleusen; reißet alle Lämme nieder!</Unicode>
                </TextEquiv>
            </TextLine>
            <TextLine id="r2l27" custom="readingOrder {index:26;}">
                <Coords points="1182,2744 2533,2771 2533,2729 2472,2719 1182,2715"/>
                <Baseline points="1191,2748 1257,2748 1324,2748 1391,2748 1457,2748 1524,2749 1591,2749 1657,2749 1724,2750 1791,2750 1858,2750 1924,2751 1991,2751 2058,2752 2124,2752 2191,2752 2258,2752 2324,2752 2391,2752 2458,2752 2525,2752"/>
                <TextEquiv>
                    <Unicode>Lieder, speiet Unzucht! Uberschwemmt die Welt! Bis an die Sterne spritze</Unicode>
                </TextEquiv>
            </TextLine>
            <TextLine id="r2l28" custom="readingOrder {index:27;}">
                <Coords points="1186,2801 2540,2803 2494,2762 1186,2752"/>
                <Baseline points="1194,2785 1260,2786 1327,2786 1394,2787 1461,2787 1528,2788 1595,2789 1662,2790 1729,2790 1796,2791 1863,2792 1929,2792 1996,2793 2063,2793 2130,2793 2197,2794 2264,2794 2331,2793 2398,2793 2465,2792 2532,2791"/>
                <TextEquiv>
                    <Unicode>roter Schlamm! Seelen fahret zur Hölle! (Dolf und Bäschen kommen</Unicode>
                </TextEquiv>
            </TextLine>
            <TextLine id="r2l29" custom="readingOrder {index:28;}">
                <Coords points="1188,2835 2507,2843 2480,2800 1188,2798"/>
                <Baseline points="1196,2821 1261,2823 1326,2825 1391,2827 1456,2828 1521,2829 1586,2830 1651,2831 1716,2832 1781,2832 1847,2833 1912,2833 1977,2833 2042,2833 2107,2834 2172,2834 2237,2834 2302,2835 2367,2835 2432,2836 2498,2837"/>
                <TextEquiv>
                    <Unicode>wild erregt herangestürzt, während der Teufel seine wilde Weise spielt.)</Unicode>
                </TextEquiv>
            </TextLine>
            <TextLine id="r2l30" custom="readingOrder {index:29;}">
                <Coords points="1304,2884 2545,2894 2515,2844 1304,2844"/>
                <Baseline points="1313,2874 1374,2876 1435,2878 1496,2880 1557,2881 1619,2882 1680,2883 1741,2883 1802,2883 1863,2884 1925,2884 1986,2884 2047,2884 2108,2884 2169,2884 2231,2884 2292,2884 2353,2885 2414,2886 2475,2887 2537,2888"/>
                <TextEquiv>
                    <Unicode>Dolf (wild erhitzt, reißt sich Rock und Hemd auf): Ha, das glüht</Unicode>
                </TextEquiv>
            </TextLine>
            <TextLine id="r2l31" custom="readingOrder {index:30;}">
                <Coords points="1176,2920 1267,2922 1286,2931 1365,2923 1389,2937 1423,2935 1443,2925 1444,2874 1406,2886 1379,2882 1364,2892 1344,2884 1298,2892 1220,2868 1176,2888"/>
                <Baseline points="1184,2914 1209,2915 1234,2915 1259,2915 1284,2915 1309,2915 1334,2915 1359,2915 1384,2915 1409,2916 1435,2918"/>
                <TextEquiv>
                    <Unicode>hellfeuerrot !</Unicode>
                </TextEquiv>
            </TextLine>
            <TextLine id="r2l32" custom="readingOrder {index:31;}">
                <Coords points="1298,2973 2539,2965 2539,2924 1298,2923"/>
                <Baseline points="1307,2964 1368,2965 1429,2966 1490,2968 1551,2969 1613,2970 1674,2971 1735,2972 1796,2972 1857,2973 1919,2974 1980,2974 2041,2974 2102,2975 2163,2975 2225,2975 2286,2975 2347,2975 2408,2975 2469,2975 2531,2975"/>
                <TextEquiv>
                    <Unicode>Bäschen (wie verzückt, hell gellend, mit fliegendem Haar): Ich</Unicode>
                </TextEquiv>
            </TextLine>
            <TextLine id="r2l33" custom="readingOrder {index:32;}">
                <Coords points="1175,3006 1204,3024 1487,3028 1782,3008 1828,3028 1878,3013 1879,2990 1801,2969 1175,2970"/>
                <Baseline points="1184,3006 1218,3006 1252,3007 1286,3007 1321,3008 1355,3008 1389,3008 1424,3008 1458,3009 1492,3009 1527,3009 1561,3009 1595,3009 1629,3009 1664,3009 1698,3009 1732,3010 1767,3010 1801,3010 1835,3011 1870,3011"/>
                <TextEquiv>
                    <Unicode>fliege! Ich fliege über Beig und Tal!</Unicode>
                </TextEquiv>
            </TextLine>
            <TextLine id="r2l34" custom="readingOrder {index:33;}">
                <Coords points="1296,3050 1850,3059 1906,3092 2548,3077 2548,3005 2375,3043 2075,3008 1296,3026"/>
                <Baseline points="1304,3055 1365,3056 1427,3057 1489,3058 1551,3059 1613,3060 1674,3060 1736,3061 1798,3061 1860,3061 1922,3061 1983,3061 2045,3061 2107,3062 2169,3062 2231,3062 2292,3062 2354,3062 2416,3063 2478,3063 2540,3064"/>
                <TextEquiv>
                    <Unicode>Dolt (in wilder Lust): Ich sinke! (Reißt Bäschen wild an sich.</Unicode>
                </TextEquiv>
            </TextLine>
            <TextLine id="r2l35" custom="readingOrder {index:34;}">
                <Coords points="1178,3112 1639,3122 1753,3101 1873,3119 1856,3065 1470,3076 1336,3071 1295,3048 1178,3064"/>
                <Baseline points="1186,3091 1219,3093 1253,3094 1287,3096 1321,3097 1355,3098 1389,3098 1423,3099 1457,3100 1491,3100 1525,3100 1558,3101 1592,3101 1626,3101 1660,3101 1694,3101 1728,3101 1762,3101 1796,3100 1830,3100 1864,3100"/>
                <TextEquiv>
                    <Unicode>Schwingen sich in furibundem Tanz.)</Unicode>
                </TextEquiv>
            </TextLine>
            <TextLine id="r2l36" custom="readingOrder {index:35;}">
                <Coords points="1294,3151 2546,3182 2547,3129 1294,3116"/>
                <Baseline points="1302,3146 1363,3147 1425,3147 1487,3148 1549,3149 1611,3149 1672,3150 1734,3150 1796,3151 1858,3151 1920,3151 1981,3152 2043,3152 2105,3152 2167,3153 2229,3153 2290,3153 2352,3154 2414,3154 2476,3155 2538,3155"/>
                <TextEquiv>
                    <Unicode>Bäschen (in rasender Lust): Ich brenne! (Sinken auf die Ottomane hin.)</Unicode>
                </TextEquiv>
            </TextLine>
            <TextLine id="r2l37" custom="readingOrder {index:36;}">
                <Coords points="1298,3206 2551,3208 2470,3165 1299,3152"/>
                <Baseline points="1306,3194 1367,3195 1429,3197 1491,3198 1553,3198 1615,3199 1676,3199 1738,3200 1800,3200 1862,3200 1924,3200 1985,3200 2047,3200 2109,3200 2171,3201 2233,3201 2294,3202 2356,3203 2418,3204 2480,3205 2542,3207"/>
                <TextEquiv>
                    <Unicode>Hofmusikus (der immer mehr zu Kräften gekommen ist, hat</Unicode>
                </TextEquiv>
            </TextLine>
            <TextLine id="r2l38" custom="readingOrder {index:37;}">
                <Coords points="1178,3252 2549,3248 2527,3207 1178,3208"/>
                <Baseline points="1186,3235 1253,3235 1321,3236 1389,3236 1456,3237 1524,3237 1592,3238 1659,3239 1727,3239 1795,3240 1863,3240 1930,3241 1998,3241 2066,3242 2133,3243 2201,3243 2269,3243 2336,3244 2404,3244 2472,3245 2540,3245"/>
                <TextEquiv>
                    <Unicode>mit einer schrillen Dissonanz das Spiel beendet; tappt mit harten Fingern</Unicode>
                </TextEquiv>
            </TextLine>
            <TextLine id="r2l39" custom="readingOrder {index:38;}">
                <Coords points="1184,3288 2547,3280 1184,3249"/>
                <Baseline points="1192,3275 1259,3275 1326,3276 1393,3276 1461,3277 1528,3278 1595,3279 1663,3279 1730,3280 1797,3281 1865,3282 1932,3283 1999,3284 2066,3284 2134,3285 2201,3285 2268,3286 2336,3286 2403,3286 2470,3285 2538,3285"/>
                <TextEquiv>
                    <Unicode>nach Bäschens weißem Kränzel; mit stahlhartem Ausdruck in der Stimme,</Unicode>
                </TextEquiv>
            </TextLine>
            <TextLine id="r2l40" custom="readingOrder {index:39;}">
                <Coords points="1179,3319 2537,3347 2496,3289 1179,3290"/>
                <Baseline points="1188,3320 1255,3319 1322,3318 1389,3318 1456,3318 1523,3319 1590,3319 1657,3320 1724,3321 1791,3323 1858,3324 1925,3325 1992,3325 2059,3326 2126,3326 2193,3326 2260,3326 2327,3325 2394,3324 2461,3322 2528,3319"/>
                <TextEquiv>
                    <Unicode>triumphierend bestialisch auflachend): Habt ihr genug, ihr jungen Hunde?!“</Unicode>
                </TextEquiv>
            </TextLine>
            <TextLine id="r2l41" custom="readingOrder {index:40;}">
                <Coords points="1207,3357 1276,3392 1334,3371 1436,3392 1473,3378 1493,3398 1585,3382 1585,3354 1505,3325 1422,3335 1384,3325 1339,3339 1206,3326"/>
                <Baseline points="1216,3368 1241,3370 1267,3371 1293,3371 1318,3372 1344,3371 1370,3371 1396,3371 1421,3370 1447,3370 1473,3369 1498,3369 1524,3368 1550,3368 1576,3368"/>
                <TextEquiv>
                    <Unicode>1910. Nr. 156/48.</Unicode>
                </TextEquiv>
            </TextLine>
            <TextEquiv>
                <Unicode>box 36/3
In der Revue für das Jahr 1909 gebührt den dramati¬
schen Arzten und den Arzten im Drama unbedingt der Vorrang.
Karl Schönherr hat in diesem Jahre große Erfolge errungen
und zwei ehrenvolle Niederlagen auf der Bühne erlebt. Zuerst
kam das Märchendrama in vier Akten „Das Königreich“ (Stuttgart, Cotta;
Deutsches Volkstheater in Wien). Karl Schönherr ist unter
die Märchenerrähler gegangen; sein Peter Schlemihl namens
Rauschentlat muß einen blasierten Fürsten durch allerlei Unfug
erheitern und hat einen Sohn Dolf, der wunderschön Geige spielt.
Dolf geht an den Hof, um Musik zu machen, welche bisher die
Excellenza Diabolo besorgt hat. Dolf und eine junge Base werden
dem armen Rauschenplat entrissen; sein märchenhaftes „Königreich“
ist verschwunden. Er bekommt Prügel und darf in einem
schmutzigen Kellerloche hausen. Der Pessimismus dieses Märchens
ist eine Konsequenz der unerbittlichen realen Lebensauffassung
unseres Dichters. Hier sei die Schlußszene des dritten Aktes
zitiert, deren gewaltiger Sturm das Publikum mit sich fortriß.
„Hofmusikus: Saiten klingt, bis ihr springt! Peitscht den elten
Sündengreis ein letztesmal zur Dirne! Vor dem keuschen Knaber,bette
lockt um die Wette! Lockt die jungen Glieder! Weckt das Fleisch zur
Sünde! Lieder rast! Schwirrt der Jungfrau um die Ohren! Macht sie kirre!
Treibt sie in die Irre! Bis den Ausweg sie gefunden — auf die Gasse!
(Nimmt die Geige an sich. Mit den Fingern in die Saiten krallend.) Leier
spiele Blut und Feuer! Lieder brüllet, raset, gellet durch die Welt! Dringt
in alle Häuser; öffnet alle Wollustschleusen; reißet alle Lämme nieder!
Lieder, speiet Unzucht! Uberschwemmt die Welt! Bis an die Sterne spritze
roter Schlamm! Seelen fahret zur Hölle! (Dolf und Bäschen kommen
wild erregt herangestürzt, während der Teufel seine wilde Weise spielt.)
Dolf (wild erhitzt, reißt sich Rock und Hemd auf): Ha, das glüht
hellfeuerrot !
Bäschen (wie verzückt, hell gellend, mit fliegendem Haar): Ich
fliege! Ich fliege über Beig und Tal!
Dolt (in wilder Lust): Ich sinke! (Reißt Bäschen wild an sich.
Schwingen sich in furibundem Tanz.)
Bäschen (in rasender Lust): Ich brenne! (Sinken auf die Ottomane hin.)
Hofmusikus (der immer mehr zu Kräften gekommen ist, hat
mit einer schrillen Dissonanz das Spiel beendet; tappt mit harten Fingern
nach Bäschens weißem Kränzel; mit stahlhartem Ausdruck in der Stimme,
triumphierend bestialisch auflachend): Habt ihr genug, ihr jungen Hunde?!“
1910. Nr. 156/48.</Unicode>
            </TextEquiv>
        </TextRegion>
    </Page>
</PcGts>
