<?xml version="1.0" encoding="UTF-8" standalone="yes"?>
<PcGts xmlns="http://schema.primaresearch.org/PAGE/gts/pagecontent/2013-07-15" xmlns:xsi="http://www.w3.org/2001/XMLSchema-instance" xsi:schemaLocation="http://schema.primaresearch.org/PAGE/gts/pagecontent/2013-07-15 http://schema.primaresearch.org/PAGE/gts/pagecontent/2013-07-15/pagecontent.xsd">
    <Metadata>
        <Creator>prov=University of Rostock/Institute of Mathematics/CITlab/Gundram Leifert/gundram.leifert@uni-rostock.de:name=ONB_Newseye_GT_M1+(htr_id=10810)::::v=2.4.2
prov=University of Rostock/Institute of Mathematics/CITlab/Tobias Gruening/tobias.gruening@uni-rostock.de:name=de.uros.citlab.module.baseline2polygon.B2PSeamMultiOriented:v=2.4.2
prov=University of Rostock/Institute of Mathematics/CITlab/Tobias Gruening/tobias.gruening@uni-rostock.de:name=/mnt/transkribus/LA/DEA/URO/LA_news_onb_att.pb:de.uros.citlab.segmentation.CITlab_LA_ML:v=2.4.2
Transkribus</Creator>
        <Created>2019-10-07T13:53:32.282+02:00</Created>
        <LastChange>2019-10-09T00:11:25.475+02:00</LastChange>
        <TranskribusMetadata docId="224117" pageId="9510933" pageNr="1" tsid="16617375" status="IN_PROGRESS" userId="40391" imgUrl="https://files.transkribus.eu/Get?id=XTIUNACVPMUXZYJJDARHADWL&amp;fileType=view" xmlUrl="https://files.transkribus.eu/Get?id=ZSNDWZBIPWYFORUCVFRVWOBJ" imageId="6199457"/>
    </Metadata>
    <Page imageFilename="224117_0001.jpeg" imageWidth="3344" imageHeight="4352">
        <ReadingOrder>
            <OrderedGroup id="ro_1711444021405" caption="Regions reading order">
                <RegionRefIndexed index="0" regionRef="r1"/>
                <RegionRefIndexed index="1" regionRef="r2"/>
                <RegionRefIndexed index="2" regionRef="r3"/>
                <RegionRefIndexed index="3" regionRef="r4"/>
            </OrderedGroup>
        </ReadingOrder>
        <TextRegion orientation="0.0" id="r1" custom="readingOrder {index:0;}">
            <Coords points="129,167 129,323 258,323 258,167"/>
            <TextLine id="r1l1" custom="readingOrder {index:0;}">
                <Coords points="123,285 136,278 154,288 193,279 212,292 234,283 264,283 266,238 246,242 219,222 182,212 162,227 125,216"/>
                <Baseline points="129,268 154,267 180,268 206,269 232,270 258,273"/>
                <TextEquiv>
                    <Unicode>19.</Unicode>
                </TextEquiv>
            </TextLine>
            <TextEquiv>
                <Unicode>19.</Unicode>
            </TextEquiv>
        </TextRegion>
        <TextRegion orientation="0.0" id="r2" custom="readingOrder {index:1;}">
            <Coords points="283,261 283,2427 1316,2427 1316,261"/>
            <TextLine id="r2l1" custom="readingOrder {index:0;}">
                <Coords points="277,291 926,316 1123,307 1158,260 1058,238 1007,280 969,258 936,279 853,237 803,281 277,273"/>
                <Baseline points="283,284 326,285 369,287 413,288 456,288 500,289 543,289 587,290 630,290 674,290 717,291 760,291 804,291 847,291 891,291 934,291 978,291 1021,290 1065,290 1108,290 1152,290"/>
                <TextEquiv>
                    <Unicode>—13e</Unicode>
                </TextEquiv>
            </TextLine>
            <TextLine id="r2l2" custom="readingOrder {index:1;}">
                <Coords points="556,613 588,606 661,619 743,616 800,638 826,623 864,632 866,571 849,562 759,578 677,557 629,583 598,558 557,553"/>
                <Baseline points="562,605 589,606 616,606 643,606 670,606 697,606 724,606 751,606 778,607 805,608 832,611 859,614"/>
                <TextEquiv>
                    <Unicode>N· DE DEuP</Unicode>
                </TextEquiv>
            </TextLine>
            <TextLine id="r2l3" custom="readingOrder {index:2;}">
                <Coords points="336,723 431,741 474,720 506,721 545,743 586,742 586,667 472,697 386,683 336,699"/>
                <Baseline points="342,720 368,718 394,717 421,717 447,717 473,717 500,718 526,718 552,719 579,719"/>
                <TextEquiv>
                    <Unicode>Eirmt de:</Unicode>
                </TextEquiv>
            </TextLine>
            <TextLine id="r2l4" custom="readingOrder {index:3;}">
                <Coords points="722,728 779,742 823,727 876,749 904,733 943,746 989,732 1119,737 1146,751 1167,744 1169,707 1131,692 921,692 870,676 813,676 790,691 768,680 723,699"/>
                <Baseline points="728,718 753,719 779,720 804,721 830,722 855,723 881,724 906,726 932,727 957,728 983,729 1008,730 1034,731 1059,732 1085,733 1110,734 1136,735 1162,736"/>
                <TextEquiv>
                    <Unicode>ARTISTICA</Unicode>
                </TextEquiv>
            </TextLine>
            <TextLine id="r2l5" custom="readingOrder {index:4;}">
                <Coords points="746,789 786,806 817,794 829,807 897,805 911,818 940,806 1027,819 1160,809 1161,780 1073,742 1041,762 1010,748 987,755 970,739 935,757 748,742"/>
                <Baseline points="752,785 777,786 802,787 827,787 852,788 877,789 902,790 927,791 953,792 978,793 1003,794 1028,795 1053,796 1078,798 1103,799 1128,801 1154,803"/>
                <TextEquiv>
                    <Unicode>MARSEILLE</Unicode>
                </TextEquiv>
            </TextLine>
            <TextLine id="r2l6" custom="readingOrder {index:5;}">
                <Coords points="337,829 374,842 417,831 428,836 442,826 477,836 502,817 534,825 535,789 518,794 492,779 458,789 418,767 360,794 338,795"/>
                <Baseline points="344,815 370,815 396,815 422,815 449,816 475,817 501,818 528,819"/>
                <TextEquiv>
                    <Unicode>Adresse:</Unicode>
                </TextEquiv>
            </TextLine>
            <TextLine id="r2l7" custom="readingOrder {index:6;}">
                <Coords points="335,912 354,911 365,922 381,916 424,930 432,925 443,930 463,917 468,920 486,912 487,874 469,873 448,883 416,873 401,888 382,879 353,893 335,892"/>
                <Baseline points="340,916 368,912 396,912 424,914 452,915 480,914"/>
                <TextEquiv>
                    <Unicode>Date:</Unicode>
                </TextEquiv>
            </TextLine>
            <TextLine id="r2l8" custom="readingOrder {index:7;}">
                <Coords points="756,940 809,957 837,946 956,960 1073,951 1161,972 1169,940 1072,915 1056,929 1030,916 1006,924 950,885 899,904 841,889 757,917"/>
                <Baseline points="762,936 787,936 812,937 837,938 862,938 887,939 912,940 937,941 962,942 987,943 1012,944 1037,945 1062,946 1087,947 1112,948 1137,949 1162,950"/>
                <TextEquiv>
                    <Unicode>s1 MAl ISeZ</Unicode>
                </TextEquiv>
            </TextLine>
            <TextLine id="r2l9" custom="readingOrder {index:8;}">
                <Coords points="347,1025 1322,1032 1315,991 640,1002 505,958 348,965"/>
                <Baseline points="353,1014 401,1013 449,1013 497,1012 545,1012 593,1013 641,1013 690,1014 738,1014 786,1015 834,1016 882,1016 930,1017 978,1018 1027,1018 1075,1019 1123,1019 1171,1019 1219,1020 1267,1019 1316,1019"/>
                <TextEquiv>
                    <Unicode>Stonature</Unicode>
                </TextEquiv>
            </TextLine>
            <TextLine id="r2l10" custom="readingOrder {index:9;}">
                <Coords points="1043,1098 1073,1107 1102,1099 1139,1108 1147,1103 1167,1112 1197,1103 1222,1108 1229,1107 1230,1080 1215,1081 1203,1073 1191,1084 1172,1077 1139,1084 1115,1069 1101,1071 1081,1060 1068,1069 1043,1068"/>
                <Baseline points="1049,1096 1074,1095 1099,1095 1124,1096 1149,1097 1174,1097 1199,1097 1224,1097"/>
                <TextEquiv>
                    <Unicode>——eb</Unicode>
                </TextEquiv>
            </TextLine>
            <TextLine id="r2l11" custom="readingOrder {index:10;}">
                <Coords points="467,1103 473,1102 477,1106 484,1101 493,1108 498,1104 505,1105 508,1101 515,1104 519,1099 525,1103 551,1104 550,1086 528,1086 520,1079 506,1076 499,1070 494,1070 487,1076 467,1076"/>
                <Baseline points="474,1100 509,1100 544,1098"/>
                <TextEquiv>
                    <Unicode>Mron</Unicode>
                </TextEquiv>
            </TextLine>
            <TextLine id="r2l12" custom="readingOrder {index:11;}">
                <Coords points="1278,1130 1291,1132 1298,1140 1305,1141 1316,1064 1302,1063 1296,1065 1287,1062"/>
                <Baseline points="1286,1116 1302,1118"/>
                <TextEquiv>
                    <Unicode>—</Unicode>
                </TextEquiv>
            </TextLine>
            <TextLine id="r2l13" custom="readingOrder {index:12;}">
                <Coords points="356,1110 588,1141 1226,1133 1145,1102 823,1105 750,1077 477,1105 357,1069"/>
                <Baseline points="362,1119 404,1121 447,1122 490,1124 533,1126 576,1126 619,1127 662,1128 705,1129 748,1130 791,1130 833,1131 876,1131 919,1132 962,1132 1005,1133 1048,1133 1091,1134 1134,1135 1177,1136 1220,1136"/>
                <TextEquiv>
                    <Unicode>TRiefie de gesverités, il monte apaisé et con</Unicode>
                </TextEquiv>
            </TextLine>
            <TextLine id="r2l14" custom="readingOrder {index:13;}">
                <Coords points="381,1166 1168,1189 1228,1152 382,1136"/>
                <Baseline points="387,1166 428,1166 470,1166 512,1166 553,1166 595,1167 637,1167 678,1168 720,1169 762,1170 804,1170 845,1171 887,1172 929,1173 970,1174 1012,1175 1054,1176 1095,1177 1137,1178 1179,1179 1221,1180"/>
                <TextEquiv>
                    <Unicode>seutesür l’instrument de supplice. Livre so</Unicode>
                </TextEquiv>
            </TextLine>
            <TextLine id="r2l15" custom="readingOrder {index:14;}">
                <Coords points="309,1224 718,1201 1140,1235 1152,1189 674,1165 449,1184 405,1160 309,1191"/>
                <Baseline points="315,1213 356,1210 398,1207 439,1206 481,1205 522,1205 564,1205 605,1206 647,1207 688,1209 730,1211 771,1212 813,1214 854,1216 896,1217 937,1218 979,1218 1020,1218 1062,1218 1103,1217 1145,1215"/>
                <TextEquiv>
                    <Unicode>, Emouvau (1 vol de 244 p., 12 fr.).</Unicode>
                </TextEquiv>
            </TextLine>
            <TextLine id="r2l16" custom="readingOrder {index:15;}">
                <Coords points="408,1248 1069,1276 1174,1275 1223,1246 1096,1223 926,1250 891,1218 777,1235 721,1206 409,1222"/>
                <Baseline points="414,1249 454,1249 494,1249 534,1250 574,1251 614,1253 654,1254 694,1256 734,1258 774,1260 815,1262 855,1263 895,1264 935,1266 975,1267 1015,1268 1055,1268 1095,1268 1135,1267 1175,1266 1216,1263"/>
                <TextEquiv>
                    <Unicode>MADEMDEELLE ELSE, par ARTHol</Unicode>
                </TextEquiv>
            </TextLine>
            <TextLine id="r2l17" custom="readingOrder {index:16;}">
                <Coords points="356,1283 412,1304 611,1291 661,1316 833,1295 1184,1318 1215,1286 356,1262"/>
                <Baseline points="362,1286 404,1288 446,1290 489,1292 531,1293 573,1295 616,1296 658,1298 700,1299 743,1299 785,1300 827,1301 870,1302 912,1302 954,1302 997,1303 1039,1303 1081,1303 1124,1303 1166,1304 1209,1304"/>
                <TextEquiv>
                    <Unicode>SCHNITZLER. Traduction de K. POLL.ACZEk e</Unicode>
                </TextEquiv>
            </TextLine>
            <TextLine id="r2l18" custom="readingOrder {index:17;}">
                <Coords points="365,1341 605,1327 1118,1363 1219,1358 1220,1328 1162,1303 366,1299"/>
                <Baseline points="372,1326 414,1327 456,1328 498,1329 540,1330 582,1331 624,1333 666,1334 708,1335 750,1336 793,1338 835,1339 877,1340 919,1341 961,1342 1003,1343 1045,1343 1087,1344 1129,1344 1171,1344 1214,1344"/>
                <TextEquiv>
                    <Unicode>S-EFÄUSER. — Arthur Schnitzler vient d’étr</Unicode>
                </TextEquiv>
            </TextLine>
            <TextLine id="r2l19" custom="readingOrder {index:18;}">
                <Coords points="362,1373 1039,1397 1213,1386 1214,1357 363,1341"/>
                <Baseline points="369,1371 410,1371 452,1372 494,1372 536,1373 578,1374 620,1375 662,1375 704,1376 746,1377 788,1378 829,1379 871,1380 913,1381 955,1382 997,1383 1039,1383 1081,1384 1123,1384 1165,1384 1207,1384"/>
                <TextEquiv>
                    <Unicode>reconnu comime un des tout premiers Ceri</Unicode>
                </TextEquiv>
            </TextLine>
            <TextLine id="r2l20" custom="readingOrder {index:19;}">
                <Coords points="354,1414 1216,1424 1187,1388 355,1388"/>
                <Baseline points="360,1411 402,1411 445,1412 487,1412 530,1413 572,1414 615,1414 657,1415 700,1417 742,1418 785,1418 827,1419 870,1420 912,1421 955,1422 997,1423 1040,1423 1082,1423 1125,1423 1167,1423 1210,1422"/>
                <TextEquiv>
                    <Unicode>vains mondiaux. Sa réputation est universellt</Unicode>
                </TextEquiv>
            </TextLine>
            <TextLine id="r2l21" custom="readingOrder {index:20;}">
                <Coords points="360,1458 875,1460 915,1483 1166,1477 1215,1468 1216,1444 360,1416"/>
                <Baseline points="366,1451 408,1452 450,1452 492,1453 534,1454 576,1454 618,1455 661,1456 703,1457 745,1458 787,1459 829,1459 871,1460 913,1461 956,1462 998,1463 1040,1464 1082,1464 1124,1465 1166,1465 1209,1466"/>
                <TextEquiv>
                    <Unicode>et méritée par une psychologie et un art di</Unicode>
                </TextEquiv>
            </TextLine>
            <TextLine id="r2l22" custom="readingOrder {index:21;}">
                <Coords points="356,1495 721,1516 810,1489 1138,1518 1192,1510 1193,1475 645,1451 357,1476"/>
                <Baseline points="362,1491 403,1492 444,1493 485,1494 527,1494 568,1495 609,1496 650,1496 692,1497 733,1498 774,1498 815,1499 857,1500 898,1501 939,1501 980,1502 1022,1503 1063,1503 1104,1504 1145,1505 1187,1506"/>
                <TextEquiv>
                    <Unicode>recit admirables. Voici son chef-d’eeuvre</Unicode>
                </TextEquiv>
            </TextLine>
            <TextLine id="r2l23" custom="readingOrder {index:22;}">
                <Coords points="356,1535 1213,1543 1173,1506 357,1499"/>
                <Baseline points="362,1531 404,1531 446,1532 488,1532 531,1533 573,1533 615,1534 657,1535 700,1535 742,1536 784,1537 826,1538 869,1538 911,1539 953,1540 995,1541 1038,1541 1080,1542 1122,1542 1164,1542 1207,1542"/>
                <TextEquiv>
                    <Unicode>Mademoiselle Else doit trouver cinquant</Unicode>
                </TextEquiv>
            </TextLine>
            <TextLine id="r2l24" custom="readingOrder {index:23;}">
                <Coords points="350,1573 1214,1593 1214,1560 1145,1548 350,1543"/>
                <Baseline points="356,1571 398,1571 441,1571 483,1571 526,1572 569,1573 611,1573 654,1574 696,1575 739,1575 782,1577 824,1577 867,1578 909,1579 952,1580 995,1581 1037,1582 1080,1583 1122,1584 1165,1585 1208,1586"/>
                <TextEquiv>
                    <Unicode>mille florins pour sauyer son pere de la ruine</Unicode>
                </TextEquiv>
            </TextLine>
            <TextLine id="r2l25" custom="readingOrder {index:24;}">
                <Coords points="354,1611 1210,1636 1211,1595 354,1575"/>
                <Baseline points="360,1609 402,1610 444,1610 486,1611 528,1612 571,1612 613,1613 655,1614 697,1615 739,1615 782,1616 824,1617 866,1617 908,1618 950,1619 993,1620 1035,1620 1077,1621 1119,1622 1161,1622 1204,1623"/>
                <TextEquiv>
                    <Unicode>Le seul bailleur de fonds qu'elle trouve cs</Unicode>
                </TextEquiv>
            </TextLine>
            <TextLine id="r2l26" custom="readingOrder {index:25;}">
                <Coords points="345,1645 1213,1679 1214,1633 345,1605"/>
                <Baseline points="351,1649 393,1649 436,1650 479,1651 522,1651 565,1652 607,1653 650,1654 693,1654 736,1655 779,1656 821,1657 864,1658 907,1659 950,1659 993,1660 1035,1660 1078,1661 1121,1661 1164,1662 1207,1662"/>
                <TextEquiv>
                    <Unicode>un vieux monsieur qui Emet une exigence nor</Unicode>
                </TextEquiv>
            </TextLine>
            <TextLine id="r2l27" custom="readingOrder {index:26;}">
                <Coords points="346,1688 1223,1714 1224,1681 1112,1666 347,1660"/>
                <Baseline points="352,1689 395,1690 438,1690 481,1691 525,1692 568,1692 611,1693 655,1694 698,1695 741,1695 785,1696 828,1697 871,1697 914,1698 958,1698 1001,1699 1044,1700 1088,1700 1131,1701 1174,1702 1218,1702"/>
                <TextEquiv>
                    <Unicode>pas brutale, mais indiscrête. Eise est une jeune</Unicode>
                </TextEquiv>
            </TextLine>
            <TextLine id="r2l28" custom="readingOrder {index:27;}">
                <Coords points="354,1728 1177,1755 1221,1750 1222,1724 354,1700"/>
                <Baseline points="360,1728 402,1729 445,1730 488,1730 531,1731 573,1732 616,1733 659,1733 702,1734 744,1735 787,1735 830,1736 873,1737 915,1737 958,1738 1001,1738 1044,1739 1086,1740 1129,1740 1172,1741 1215,1742"/>
                <TextEquiv>
                    <Unicode>fille moderne à la fois pure et affranchie:</Unicode>
                </TextEquiv>
            </TextLine>
            <TextLine id="r2l29" custom="readingOrder {index:28;}">
                <Coords points="352,1763 1218,1794 1206,1746 352,1738"/>
                <Baseline points="358,1769 400,1770 443,1771 486,1772 528,1772 571,1773 614,1774 656,1774 699,1775 742,1775 785,1776 827,1777 870,1777 913,1778 955,1778 998,1779 1041,1779 1083,1780 1126,1780 1169,1781 1212,1781"/>
                <TextEquiv>
                    <Unicode>elle se révolte et, pourtant troublée par des</Unicode>
                </TextEquiv>
            </TextLine>
            <TextLine id="r2l30" custom="readingOrder {index:29;}">
                <Coords points="348,1822 1212,1820 1212,1793 1115,1780 745,1796 349,1767"/>
                <Baseline points="354,1809 396,1810 439,1810 481,1810 524,1811 567,1812 609,1812 652,1813 694,1813 737,1814 780,1815 822,1816 865,1816 907,1817 950,1818 993,1818 1035,1818 1078,1819 1120,1819 1163,1819 1206,1819"/>
                <TextEquiv>
                    <Unicode>impulsions obscures, elle donne au probléme</Unicode>
                </TextEquiv>
            </TextLine>
            <TextLine id="r2l31" custom="readingOrder {index:30;}">
                <Coords points="352,1850 1130,1880 1216,1864 1217,1816 352,1819"/>
                <Baseline points="358,1848 400,1849 443,1849 485,1850 528,1850 571,1851 613,1852 656,1852 698,1853 741,1854 784,1854 826,1855 869,1856 911,1856 954,1857 997,1857 1039,1857 1082,1858 1124,1858 1167,1858 1210,1858"/>
                <TextEquiv>
                    <Unicode>une solution imprévue et infiniment dramati¬</Unicode>
                </TextEquiv>
            </TextLine>
            <TextLine id="r2l32" custom="readingOrder {index:31;}">
                <Coords points="344,1892 1157,1911 1215,1905 1216,1873 345,1850"/>
                <Baseline points="350,1890 395,1889 440,1890 485,1890 530,1890 576,1891 621,1891 666,1892 711,1893 756,1894 802,1894 847,1895 892,1897 937,1897 982,1898 1028,1899 1073,1900 1118,1901 1163,1901 1209,1902"/>
                <TextEquiv>
                    <Unicode>que. Ce poignant roman est traité sous la</Unicode>
                </TextEquiv>
            </TextLine>
            <TextLine id="r2l33" custom="readingOrder {index:32;}">
                <Coords points="352,1941 1222,1941 1205,1904 352,1900"/>
                <Baseline points="358,1929 400,1930 443,1930 486,1930 529,1931 572,1931 615,1932 658,1932 701,1933 744,1933 787,1934 829,1934 872,1935 915,1935 958,1936 1001,1936 1044,1937 1087,1938 1130,1938 1173,1939 1216,1939"/>
                <TextEquiv>
                    <Unicode>forme d’un monologue intérieur, dont la vie</Unicode>
                </TextEquiv>
            </TextLine>
            <TextLine id="r2l34" custom="readingOrder {index:33;}">
                <Coords points="349,1970 1099,1998 1214,1962 980,1932 350,1945"/>
                <Baseline points="355,1970 397,1970 440,1970 482,1970 525,1970 568,1970 610,1971 653,1972 695,1972 738,1973 781,1974 823,1974 866,1975 908,1976 951,1977 994,1977 1036,1978 1079,1979 1121,1979 1164,1980 1207,1980"/>
                <TextEquiv>
                    <Unicode>et l’imprévu sont tout à fait inédits. Croquis</Unicode>
                </TextEquiv>
            </TextLine>
            <TextLine id="r2l35" custom="readingOrder {index:34;}">
                <Coords points="346,2014 1095,2035 1183,2033 1214,2002 346,1981"/>
                <Baseline points="352,2008 394,2009 437,2009 480,2010 523,2010 565,2010 608,2011 651,2011 694,2012 736,2012 779,2013 822,2014 865,2014 907,2015 950,2016 993,2016 1036,2017 1078,2018 1121,2019 1164,2019 1207,2020"/>
                <TextEquiv>
                    <Unicode>unique de la jeune fille d’après guerre. Les</Unicode>
                </TextEquiv>
            </TextLine>
            <TextLine id="r2l36" custom="readingOrder {index:35;}">
                <Coords points="348,2058 1219,2076 1220,2018 349,2016"/>
                <Baseline points="354,2045 399,2046 444,2048 489,2049 534,2050 580,2051 625,2052 670,2052 715,2053 760,2053 806,2054 851,2055 896,2055 941,2056 986,2056 1032,2057 1077,2057 1122,2058 1167,2059 1213,2061"/>
                <TextEquiv>
                    <Unicode>célebres nouvelles qui suivent parachévent le</Unicode>
                </TextEquiv>
            </TextLine>
            <TextLine id="r2l37" custom="readingOrder {index:36;}">
                <Coords points="338,2096 842,2108 947,2085 1201,2117 1201,2064 339,2057"/>
                <Baseline points="344,2088 386,2088 429,2089 471,2089 514,2089 556,2090 599,2090 641,2091 684,2092 726,2092 769,2093 812,2094 854,2095 897,2095 939,2096 982,2097 1024,2097 1067,2098 1109,2098 1152,2099 1195,2099"/>
                <TextEquiv>
                    <Unicode>portrait littéraire que ce livre fournit de</Unicode>
                </TextEquiv>
            </TextLine>
            <TextLine id="r2l38" custom="readingOrder {index:37;}">
                <Coords points="336,2122 1217,2150 1106,2098 336,2096"/>
                <Baseline points="342,2129 385,2130 428,2130 472,2131 515,2132 559,2132 602,2132 646,2133 689,2133 733,2133 776,2134 819,2134 863,2135 906,2135 950,2136 993,2137 1037,2137 1080,2138 1124,2139 1167,2141 1211,2142"/>
                <TextEquiv>
                    <Unicode>Schnitzler. Ce sont des récits haletants ou les,</Unicode>
                </TextEquiv>
            </TextLine>
            <TextLine id="r2l39" custom="readingOrder {index:38;}">
                <Coords points="346,2175 1143,2193 1206,2175 1207,2150 346,2134"/>
                <Baseline points="352,2167 394,2168 436,2169 479,2169 521,2170 564,2171 606,2171 648,2172 691,2173 733,2174 776,2175 818,2175 860,2176 903,2177 945,2177 988,2178 1030,2178 1072,2179 1115,2179 1157,2179 1200,2180"/>
                <TextEquiv>
                    <Unicode>thèmes de l’amour et de la mort sont lirés à</Unicode>
                </TextEquiv>
            </TextLine>
            <TextLine id="r2l40" custom="readingOrder {index:39;}">
                <Coords points="333,2219 1216,2238 1192,2175 334,2178"/>
                <Baseline points="340,2206 383,2208 427,2209 470,2209 514,2210 557,2211 601,2211 644,2212 688,2212 731,2212 775,2213 818,2213 862,2213 905,2214 949,2214 992,2215 1036,2215 1079,2216 1123,2217 1166,2218 1210,2219"/>
                <TextEquiv>
                    <Unicode>la fantaisie et aux paradoxes du Destin iro¬</Unicode>
                </TextEquiv>
            </TextLine>
            <TextLine id="r2l41" custom="readingOrder {index:40;}">
                <Coords points="335,2259 1205,2251 1141,2222 336,2225"/>
                <Baseline points="341,2246 383,2246 426,2247 469,2247 512,2248 555,2248 598,2249 641,2250 684,2250 727,2251 770,2251 812,2252 855,2252 898,2253 941,2254 984,2254 1027,2255 1070,2255 1113,2255 1156,2256 1199,2256"/>
                <TextEquiv>
                    <Unicode>nique. Tout le grand public des romans von¬</Unicode>
                </TextEquiv>
            </TextLine>
            <TextLine id="r2l42" custom="readingOrder {index:41;}">
                <Coords points="329,2283 1206,2301 1186,2260 330,2255"/>
                <Baseline points="335,2283 378,2284 421,2285 464,2286 508,2287 551,2288 594,2289 637,2289 681,2290 724,2291 767,2291 810,2292 854,2293 897,2294 940,2294 983,2295 1027,2296 1070,2297 1113,2298 1156,2298 1200,2299"/>
                <TextEquiv>
                    <Unicode>drä connaitre ce livre. N’est pas recommandé</Unicode>
                </TextEquiv>
            </TextLine>
            <TextLine id="r2l43" custom="readingOrder {index:42;}">
                <Coords points="330,2343 806,2346 845,2321 889,2346 1020,2350 1073,2342 1074,2309 331,2282"/>
                <Baseline points="336,2321 372,2322 409,2323 445,2324 482,2325 519,2326 555,2327 592,2328 628,2329 665,2330 702,2331 738,2332 775,2332 811,2333 848,2334 885,2334 921,2334 958,2334 994,2334 1031,2334 1068,2333"/>
                <TextEquiv>
                    <Unicode>à la jeunesse. (Un volume : 6 francs).</Unicode>
                </TextEquiv>
            </TextLine>
            <TextLine id="r2l44" custom="readingOrder {index:43;}">
                <Coords points="354,2375 1194,2408 1195,2343 1142,2329 1016,2352 355,2350"/>
                <Baseline points="361,2372 402,2373 443,2374 485,2375 526,2376 567,2376 609,2377 650,2378 691,2378 733,2378 774,2379 815,2379 857,2380 898,2380 939,2381 981,2382 1022,2383 1063,2384 1105,2385 1146,2386 1188,2388"/>
                <TextEquiv>
                    <Unicode>A LA LIBRAIRIE ACADEMIOUE PEREIN</Unicode>
                </TextEquiv>
            </TextLine>
            <TextLine id="r2l45" custom="readingOrder {index:44;}">
                <Coords points="348,2436 383,2424 434,2440 528,2416 618,2435 674,2411 724,2420 722,2389 702,2384 594,2394 516,2381 502,2392 345,2369"/>
                <Baseline points="353,2410 379,2414 405,2416 431,2417 457,2417 483,2417 509,2415 535,2413 561,2411 587,2410 613,2407 639,2406 665,2404 691,2403 717,2403"/>
                <TextEquiv>
                    <Unicode>35, Gnai dee #</Unicode>
                </TextEquiv>
            </TextLine>
            <TextEquiv>
                <Unicode>—13e
N· DE DEuP
Eirmt de:
ARTISTICA
MARSEILLE
Adresse:
Date:
s1 MAl ISeZ
Stonature
——eb
Mron
—
TRiefie de gesverités, il monte apaisé et con
seutesür l’instrument de supplice. Livre so
, Emouvau (1 vol de 244 p., 12 fr.).
MADEMDEELLE ELSE, par ARTHol
SCHNITZLER. Traduction de K. POLL.ACZEk e
S-EFÄUSER. — Arthur Schnitzler vient d’étr
reconnu comime un des tout premiers Ceri
vains mondiaux. Sa réputation est universellt
et méritée par une psychologie et un art di
recit admirables. Voici son chef-d’eeuvre
Mademoiselle Else doit trouver cinquant
mille florins pour sauyer son pere de la ruine
Le seul bailleur de fonds qu'elle trouve cs
un vieux monsieur qui Emet une exigence nor
pas brutale, mais indiscrête. Eise est une jeune
fille moderne à la fois pure et affranchie:
elle se révolte et, pourtant troublée par des
impulsions obscures, elle donne au probléme
une solution imprévue et infiniment dramati¬
que. Ce poignant roman est traité sous la
forme d’un monologue intérieur, dont la vie
et l’imprévu sont tout à fait inédits. Croquis
unique de la jeune fille d’après guerre. Les
célebres nouvelles qui suivent parachévent le
portrait littéraire que ce livre fournit de
Schnitzler. Ce sont des récits haletants ou les,
thèmes de l’amour et de la mort sont lirés à
la fantaisie et aux paradoxes du Destin iro¬
nique. Tout le grand public des romans von¬
drä connaitre ce livre. N’est pas recommandé
à la jeunesse. (Un volume : 6 francs).
A LA LIBRAIRIE ACADEMIOUE PEREIN
35, Gnai dee #</Unicode>
            </TextEquiv>
        </TextRegion>
        <TextRegion orientation="0.0" id="r3" custom="readingOrder {index:2;}">
            <Coords points="1323,176 1323,330 1811,330 1811,176"/>
            <TextLine id="r3l1" custom="readingOrder {index:0;}">
                <Coords points="1317,280 1403,299 1510,271 1593,299 1686,280 1741,301 1818,258 1818,214 1730,219 1648,196 1520,251 1471,228 1318,234"/>
                <Baseline points="1323,277 1348,276 1374,276 1400,276 1425,276 1451,276 1477,276 1502,277 1528,277 1554,278 1579,278 1605,279 1631,279 1656,280 1682,280 1708,280 1733,279 1759,279 1785,277 1811,277"/>
                <TextEquiv>
                    <Unicode>box 35/11</Unicode>
                </TextEquiv>
            </TextLine>
            <TextEquiv>
                <Unicode>box 35/11</Unicode>
            </TextEquiv>
        </TextRegion>
        <TextRegion orientation="0.0" id="r4" custom="readingOrder {index:3;}">
            <Coords points="2020,164 2020,4173 2973,4173 2973,164"/>
            <TextLine id="r4l1" custom="readingOrder {index:0;}">
                <Coords points="2118,188 2124,188 2132,195 2139,194 2145,198 2152,194 2160,195 2166,189 2181,198 2188,198 2187,163 2175,165 2169,161 2158,162 2151,158 2144,165 2136,161 2133,164 2117,167"/>
                <Baseline points="2124,186 2153,184 2182,184"/>
                <TextEquiv>
                    <Unicode>—</Unicode>
                </TextEquiv>
            </TextLine>
            <TextLine id="r4l2" custom="readingOrder {index:1;}">
                <Coords points="2216,348 2249,362 2396,353 2447,373 2516,364 2558,382 2636,370 2638,335 2505,343 2444,310 2301,322 2273,306 2218,319"/>
                <Baseline points="2222,343 2247,344 2273,344 2298,346 2324,346 2349,348 2375,349 2400,349 2426,351 2452,352 2477,353 2503,355 2528,356 2554,358 2579,360 2605,361 2631,362"/>
                <TextEquiv>
                    <Unicode>N· DE DEBIT ——</Unicode>
                </TextEquiv>
            </TextLine>
            <TextLine id="r4l3" custom="readingOrder {index:2;}">
                <Coords points="2022,462 2829,464 2802,409 2701,394 2514,393 2481,415 2447,390 2279,388 2219,431 2023,419"/>
                <Baseline points="2029,456 2068,453 2108,450 2148,448 2187,446 2227,445 2267,445 2306,445 2346,445 2386,446 2426,448 2465,449 2505,450 2545,451 2584,454 2624,455 2664,456 2703,458 2743,459 2783,460 2823,460"/>
                <TextEquiv>
                    <Unicode>Ertot d. TOUTE LEDITION</Unicode>
                </TextEquiv>
            </TextLine>
            <TextLine id="r4l4" custom="readingOrder {index:3;}">
                <Coords points="2217,524 2581,519 2666,547 2837,537 2847,508 2793,481 2742,494 2555,472 2511,491 2453,468 2220,463"/>
                <Baseline points="2224,508 2254,508 2285,508 2316,509 2347,510 2377,511 2408,513 2439,513 2470,515 2500,517 2531,518 2562,519 2593,521 2623,522 2654,524 2685,525 2716,527 2746,528 2777,529 2808,530 2839,531"/>
                <TextEquiv>
                    <Unicode>Rue Louis ie Grand, 9, IIe</Unicode>
                </TextEquiv>
            </TextLine>
            <TextLine id="r4l5" custom="readingOrder {index:4;}">
                <Coords points="2025,547 2046,551 2052,559 2102,553 2114,559 2120,556 2135,566 2159,557 2166,562 2172,556 2182,558 2183,525 2139,513 2113,517 2106,512 2090,520 2067,517 2026,527"/>
                <Baseline points="2032,545 2060,546 2089,547 2118,549 2147,551 2176,553"/>
                <TextEquiv>
                    <Unicode>Adresse</Unicode>
                </TextEquiv>
            </TextLine>
            <TextLine id="r4l6" custom="readingOrder {index:5;}">
                <Coords points="2018,641 2324,680 2430,665 2480,689 2521,667 2803,683 2805,598 2322,587 2214,631 2019,600"/>
                <Baseline points="2024,640 2062,644 2101,648 2139,651 2178,653 2217,654 2255,655 2294,656 2333,656 2371,656 2410,656 2449,657 2487,657 2526,657 2565,658 2603,660 2642,661 2681,665 2719,667 2758,672 2797,677"/>
                <TextEquiv>
                    <Unicode>puls 26 JAHVER 1933</Unicode>
                </TextEquiv>
            </TextLine>
            <TextLine id="r4l7" custom="readingOrder {index:6;}">
                <Coords points="2014,737 2858,784 2957,770 2959,730 2870,709 2809,745 2534,741 2465,707 2351,732 2016,698"/>
                <Baseline points="2020,740 2066,740 2113,741 2159,742 2206,743 2253,744 2299,746 2346,747 2392,749 2439,751 2486,752 2532,754 2579,756 2625,758 2672,759 2719,761 2765,762 2812,763 2858,764 2905,764 2952,765"/>
                <TextEquiv>
                    <Unicode>Signture</Unicode>
                </TextEquiv>
            </TextLine>
            <TextLine id="r4l8" custom="readingOrder {index:7;}">
                <Coords points="2020,852 2123,870 2163,849 2228,846 2484,872 2485,820 2386,832 2338,816 2317,828 2277,813 2229,820 2180,796 2021,802"/>
                <Baseline points="2027,838 2052,840 2077,840 2102,841 2127,842 2152,842 2177,842 2202,842 2227,842 2253,842 2278,842 2303,842 2328,842 2353,843 2378,843 2403,845 2428,846 2453,847 2479,849"/>
                <TextEquiv>
                    <Unicode>Kungrfton </Unicode>
                </TextEquiv>
            </TextLine>
            <TextLine id="r4l9" custom="readingOrder {index:8;}">
                <Coords points="2049,988 2910,985 2910,955 2804,921 2684,919 2583,970 2495,917 2436,916 2372,966 2324,924 2207,965 2050,953"/>
                <Baseline points="2056,967 2098,970 2140,971 2183,973 2225,975 2268,976 2310,977 2352,978 2395,979 2437,980 2480,980 2522,981 2564,981 2607,981 2649,981 2692,981 2734,981 2776,981 2819,980 2861,980 2904,979"/>
                <TextEquiv>
                    <Unicode>EI. RESAGTRANCS</Unicode>
                </TextEquiv>
            </TextLine>
            <TextLine id="r4l10" custom="readingOrder {index:9;}">
                <Coords points="2081,1081 2758,1073 2847,1101 2921,1085 2922,1054 2753,1058 2682,1012 2563,1057 2461,1022 2406,1055 2305,1003 2183,1050 2117,999 2083,1013"/>
                <Baseline points="2088,1053 2129,1055 2170,1057 2212,1059 2253,1060 2295,1061 2336,1063 2377,1064 2419,1065 2460,1066 2502,1067 2543,1068 2584,1069 2626,1069 2667,1070 2709,1071 2750,1071 2791,1072 2833,1073 2874,1073 2916,1074"/>
                <TextEquiv>
                    <Unicode>U A 1 TRANES</Unicode>
                </TextEquiv>
            </TextLine>
            <TextLine id="r4l11" custom="readingOrder {index:10;}">
                <Coords points="2091,1186 2910,1189 2910,1143 2885,1137 2681,1152 2620,1127 2495,1163 2395,1129 2210,1156 2092,1122"/>
                <Baseline points="2098,1165 2138,1167 2178,1168 2218,1169 2259,1170 2299,1171 2339,1172 2380,1173 2420,1173 2460,1174 2501,1175 2541,1175 2581,1175 2621,1176 2662,1176 2702,1176 2742,1177 2783,1177 2823,1177 2863,1177 2904,1177"/>
                <TextEquiv>
                    <Unicode>Notre prömenade an pays des editeurs et</Unicode>
                </TextEquiv>
            </TextLine>
            <TextLine id="r4l12" custom="readingOrder {index:11;}">
                <Coords points="2047,1200 2696,1224 2910,1203 2843,1177 2047,1183"/>
                <Baseline points="2053,1200 2095,1201 2138,1201 2180,1202 2223,1203 2265,1204 2308,1205 2350,1206 2393,1207 2435,1208 2478,1209 2521,1209 2563,1210 2606,1211 2648,1211 2691,1211 2733,1211 2776,1211 2818,1211 2861,1211 2904,1210"/>
                <TextEquiv>
                    <Unicode>des libraires à propos du livre à hon marché</Unicode>
                </TextEquiv>
            </TextLine>
            <TextLine id="r4l13" custom="readingOrder {index:12;}">
                <Coords points="2048,1239 2896,1253 2896,1220 2840,1216 2048,1213"/>
                <Baseline points="2054,1237 2095,1237 2137,1237 2179,1237 2221,1238 2263,1239 2304,1240 2346,1241 2388,1242 2430,1243 2472,1244 2513,1245 2555,1245 2597,1246 2639,1246 2681,1247 2722,1247 2764,1246 2806,1246 2848,1245 2890,1243"/>
                <TextEquiv>
                    <Unicode>touche à sa fin. Aussi hien avons-nous in¬</Unicode>
                </TextEquiv>
            </TextLine>
            <TextLine id="r4l14" custom="readingOrder {index:13;}">
                <Coords points="2060,1273 2902,1293 2880,1249 2060,1242"/>
                <Baseline points="2066,1270 2107,1271 2149,1272 2190,1274 2232,1275 2273,1276 2315,1277 2356,1278 2398,1279 2439,1279 2481,1280 2522,1281 2564,1281 2605,1281 2647,1281 2688,1281 2730,1281 2771,1280 2813,1279 2854,1278 2896,1277"/>
                <TextEquiv>
                    <Unicode>terrogé les intéressés les plus qualifiés et en</Unicode>
                </TextEquiv>
            </TextLine>
            <TextLine id="r4l15" custom="readingOrder {index:14;}">
                <Coords points="2057,1312 2900,1312 2861,1284 2058,1286"/>
                <Baseline points="2064,1304 2105,1306 2147,1306 2188,1308 2230,1309 2271,1310 2313,1310 2354,1311 2396,1312 2437,1312 2479,1313 2520,1313 2562,1314 2603,1314 2645,1314 2686,1314 2728,1314 2769,1313 2811,1313 2852,1313 2894,1312"/>
                <TextEquiv>
                    <Unicode>saurons-hols assez pour nous faire une opi¬</Unicode>
                </TextEquiv>
            </TextLine>
            <TextLine id="r4l16" custom="readingOrder {index:15;}">
                <Coords points="2064,1345 2388,1351 2454,1347 2455,1326 2344,1313 2064,1313"/>
                <Baseline points="2070,1336 2095,1337 2120,1339 2145,1340 2170,1340 2196,1341 2221,1341 2246,1342 2271,1342 2296,1342 2322,1342 2347,1342 2372,1342 2397,1342 2422,1342 2448,1342"/>
                <TextEquiv>
                    <Unicode>nion raisonnable —</Unicode>
                </TextEquiv>
            </TextLine>
            <TextLine id="r4l17" custom="readingOrder {index:16;}">
                <Coords points="2463,1352 2555,1346 2621,1360 2637,1349 2665,1366 2807,1350 2896,1369 2896,1325 2877,1319 2805,1331 2759,1316 2736,1327 2529,1316 2464,1330"/>
                <Baseline points="2469,1344 2495,1344 2521,1344 2547,1344 2574,1345 2600,1346 2626,1346 2653,1347 2679,1348 2705,1349 2732,1350 2758,1350 2784,1351 2811,1351 2837,1350 2863,1350 2890,1349"/>
                <TextEquiv>
                    <Unicode>ou moyenne (ce qui</Unicode>
                </TextEquiv>
            </TextLine>
            <TextLine id="r4l18" custom="readingOrder {index:17;}">
                <Coords points="2056,1376 2616,1393 2689,1383 2690,1366 2635,1348 2452,1363 2428,1341 2309,1356 2056,1336"/>
                <Baseline points="2062,1373 2093,1373 2124,1372 2155,1372 2186,1373 2217,1373 2248,1374 2279,1375 2310,1376 2341,1377 2373,1378 2404,1379 2435,1380 2466,1381 2497,1381 2528,1382 2559,1382 2590,1382 2621,1381 2652,1380 2684,1379"/>
                <TextEquiv>
                    <Unicode>pourrait bien revenir au méme).</Unicode>
                </TextEquiv>
            </TextLine>
            <TextLine id="r4l19" custom="readingOrder {index:18;}">
                <Coords points="2100,1415 2860,1431 2900,1428 2901,1395 2101,1378"/>
                <Baseline points="2106,1405 2145,1406 2184,1406 2224,1408 2263,1409 2303,1410 2342,1410 2382,1411 2421,1412 2461,1413 2500,1414 2539,1415 2579,1416 2618,1416 2658,1416 2697,1417 2737,1416 2776,1416 2816,1416 2855,1415 2895,1414"/>
                <TextEquiv>
                    <Unicode>Nous ne pouvions mieux faire pour pour¬</Unicode>
                </TextEquiv>
            </TextLine>
            <TextLine id="r4l20" custom="readingOrder {index:19;}">
                <Coords points="2058,1441 2695,1464 2902,1446 2830,1421 2059,1416"/>
                <Baseline points="2064,1438 2105,1439 2147,1440 2188,1442 2230,1443 2272,1445 2313,1446 2355,1447 2396,1448 2438,1449 2480,1450 2521,1451 2563,1452 2604,1452 2646,1453 2688,1453 2729,1453 2771,1453 2812,1453 2854,1452 2896,1451"/>
                <TextEquiv>
                    <Unicode>suivre cette enquête objective, que d’aller</Unicode>
                </TextEquiv>
            </TextLine>
            <TextLine id="r4l21" custom="readingOrder {index:20;}">
                <Coords points="2060,1483 2908,1494 2843,1456 2060,1453"/>
                <Baseline points="2066,1473 2107,1474 2149,1476 2191,1477 2233,1478 2275,1479 2316,1480 2358,1481 2400,1481 2442,1482 2484,1483 2525,1483 2567,1484 2609,1484 2651,1485 2693,1485 2734,1486 2776,1486 2818,1487 2860,1487 2902,1488"/>
                <TextEquiv>
                    <Unicode>demander son avis à M. Maurice Delamain,</Unicode>
                </TextEquiv>
            </TextLine>
            <TextLine id="r4l22" custom="readingOrder {index:21;}">
                <Coords points="2058,1514 2810,1539 2901,1535 2902,1495 2058,1488"/>
                <Baseline points="2064,1509 2105,1509 2147,1511 2188,1512 2230,1513 2271,1514 2313,1515 2354,1516 2396,1517 2437,1518 2479,1519 2521,1520 2562,1520 2604,1521 2645,1521 2687,1522 2728,1522 2770,1522 2811,1522 2853,1522 2895,1522"/>
                <TextEquiv>
                    <Unicode>de la librairie Stock, qui en a établi une for¬</Unicode>
                </TextEquiv>
            </TextLine>
            <TextLine id="r4l23" custom="readingOrder {index:22;}">
                <Coords points="2054,1558 2667,1566 2691,1542 2634,1521 2055,1518"/>
                <Baseline points="2060,1543 2091,1544 2122,1544 2153,1545 2184,1546 2216,1546 2247,1547 2278,1548 2309,1549 2340,1549 2372,1550 2403,1551 2434,1551 2465,1552 2496,1552 2528,1552 2559,1552 2590,1552 2621,1552 2652,1551 2684,1550"/>
                <TextEquiv>
                    <Unicode>mule particuliérement originale.</Unicode>
                </TextEquiv>
            </TextLine>
            <TextLine id="r4l24" custom="readingOrder {index:23;}">
                <Coords points="2094,1580 2912,1601 2913,1570 2790,1552 2095,1550"/>
                <Baseline points="2100,1579 2140,1580 2180,1581 2220,1582 2261,1583 2301,1584 2341,1584 2382,1585 2422,1585 2462,1585 2503,1586 2543,1586 2583,1586 2623,1587 2664,1587 2704,1587 2744,1588 2785,1589 2825,1589 2865,1590 2906,1591"/>
                <TextEquiv>
                    <Unicode>La maison de la rue du Vieux-Colombier</Unicode>
                </TextEquiv>
            </TextLine>
            <TextLine id="r4l25" custom="readingOrder {index:24;}">
                <Coords points="2061,1617 2723,1620 2759,1647 2906,1624 2907,1595 2062,1590"/>
                <Baseline points="2068,1609 2109,1611 2151,1613 2192,1615 2234,1616 2276,1617 2317,1618 2359,1619 2400,1620 2442,1621 2484,1621 2525,1622 2567,1622 2608,1622 2650,1622 2692,1622 2733,1622 2775,1622 2816,1622 2858,1621 2900,1621"/>
                <TextEquiv>
                    <Unicode>est accucillante à tous les genres d’expres¬</Unicode>
                </TextEquiv>
            </TextLine>
            <TextLine id="r4l26" custom="readingOrder {index:25;}">
                <Coords points="2058,1654 2880,1676 2910,1634 2058,1619"/>
                <Baseline points="2064,1647 2106,1648 2148,1650 2190,1651 2232,1652 2274,1653 2316,1654 2358,1655 2400,1656 2442,1656 2484,1657 2526,1658 2568,1658 2610,1658 2652,1659 2694,1659 2736,1659 2778,1658 2820,1658 2862,1658 2904,1657"/>
                <TextEquiv>
                    <Unicode>sion. On la définirait assez bien en disant</Unicode>
                </TextEquiv>
            </TextLine>
            <TextLine id="r4l27" custom="readingOrder {index:26;}">
                <Coords points="2062,1696 2797,1708 2910,1703 2911,1677 2063,1658"/>
                <Baseline points="2068,1681 2109,1683 2151,1684 2193,1686 2235,1687 2277,1688 2318,1688 2360,1689 2402,1690 2444,1691 2486,1691 2527,1692 2569,1692 2611,1693 2653,1693 2695,1694 2736,1694 2778,1695 2820,1695 2862,1696 2904,1697"/>
                <TextEquiv>
                    <Unicode>qu'elle est la librairie de lhonnéte homme,</Unicode>
                </TextEquiv>
            </TextLine>
            <TextLine id="r4l28" custom="readingOrder {index:27;}">
                <Coords points="2058,1721 2903,1725 2870,1697 2058,1695"/>
                <Baseline points="2064,1716 2105,1717 2147,1718 2188,1719 2230,1720 2272,1721 2313,1722 2355,1723 2396,1724 2438,1724 2480,1725 2521,1726 2563,1726 2604,1727 2646,1727 2688,1727 2729,1727 2771,1727 2812,1727 2854,1727 2896,1726"/>
                <TextEquiv>
                    <Unicode>au sens que le grand siècle donnait à ce mot.</Unicode>
                </TextEquiv>
            </TextLine>
            <TextLine id="r4l29" custom="readingOrder {index:28;}">
                <Coords points="2052,1749 2902,1765 2875,1734 2052,1723"/>
                <Baseline points="2058,1749 2099,1751 2141,1752 2183,1753 2225,1754 2267,1755 2309,1756 2351,1757 2393,1758 2435,1759 2477,1759 2518,1760 2560,1760 2602,1760 2644,1761 2686,1761 2728,1761 2770,1761 2812,1761 2854,1761 2896,1760"/>
                <TextEquiv>
                    <Unicode>L’une des catégories de son activité tient</Unicode>
                </TextEquiv>
            </TextLine>
            <TextLine id="r4l30" custom="readingOrder {index:29;}">
                <Coords points="2057,1786 2662,1811 2911,1793 2911,1770 2795,1763 2058,1762"/>
                <Baseline points="2064,1785 2106,1786 2148,1786 2190,1787 2232,1788 2274,1788 2316,1789 2358,1790 2400,1791 2442,1793 2484,1793 2526,1794 2568,1795 2610,1795 2652,1796 2694,1796 2736,1796 2778,1796 2820,1796 2862,1795 2904,1795"/>
                <TextEquiv>
                    <Unicode>dans l’édition raisonnée des grandes auvres</Unicode>
                </TextEquiv>
            </TextLine>
            <TextLine id="r4l31" custom="readingOrder {index:30;}">
                <Coords points="2055,1829 2845,1842 2913,1806 2056,1793"/>
                <Baseline points="2062,1819 2104,1820 2146,1821 2188,1822 2230,1823 2273,1823 2315,1824 2357,1825 2399,1825 2441,1826 2484,1827 2526,1827 2568,1828 2610,1828 2652,1829 2695,1829 2737,1829 2779,1830 2821,1830 2863,1830 2906,1831"/>
                <TextEquiv>
                    <Unicode>etrangères contemporaines — de celles qu'un</Unicode>
                </TextEquiv>
            </TextLine>
            <TextLine id="r4l32" custom="readingOrder {index:31;}">
                <Coords points="2060,1862 2902,1872 2902,1846 2773,1828 2060,1828"/>
                <Baseline points="2066,1851 2107,1853 2149,1854 2190,1855 2232,1856 2273,1858 2315,1858 2356,1859 2398,1860 2439,1861 2481,1862 2522,1862 2564,1863 2605,1864 2647,1864 2688,1864 2730,1865 2771,1865 2813,1865 2854,1865 2896,1865"/>
                <TextEquiv>
                    <Unicode>Français lettré ne doit pas ignorer. On va</Unicode>
                </TextEquiv>
            </TextLine>
            <TextLine id="r4l33" custom="readingOrder {index:32;}">
                <Coords points="2056,1892 2896,1908 2896,1875 2867,1871 2056,1866"/>
                <Baseline points="2062,1889 2103,1890 2144,1890 2186,1891 2227,1891 2269,1892 2310,1893 2351,1894 2393,1895 2434,1895 2476,1896 2517,1897 2558,1897 2600,1898 2641,1898 2683,1898 2724,1898 2765,1898 2807,1897 2848,1897 2890,1896"/>
                <TextEquiv>
                    <Unicode>retrouver cette préoccupation dans la con¬</Unicode>
                </TextEquiv>
            </TextLine>
            <TextLine id="r4l34" custom="readingOrder {index:33;}">
                <Coords points="2056,1925 2594,1950 2900,1929 2879,1904 2057,1898"/>
                <Baseline points="2063,1925 2104,1924 2146,1924 2187,1924 2229,1925 2270,1925 2312,1926 2353,1927 2395,1928 2436,1929 2478,1930 2520,1931 2561,1931 2603,1932 2644,1933 2686,1933 2727,1933 2769,1933 2810,1933 2852,1932 2894,1931"/>
                <TextEquiv>
                    <Unicode>ception qu’elle s’est faite du livre à 6 francs.</Unicode>
                </TextEquiv>
            </TextLine>
            <TextLine id="r4l35" custom="readingOrder {index:34;}">
                <Coords points="2152,1962 2910,1983 2902,1936 2786,1953 2722,1932 2152,1932"/>
                <Baseline points="2158,1956 2195,1958 2232,1959 2269,1960 2307,1961 2344,1962 2381,1962 2419,1963 2456,1963 2493,1964 2531,1964 2568,1965 2605,1965 2642,1965 2680,1966 2717,1966 2754,1966 2792,1966 2829,1966 2866,1966 2904,1966"/>
                <TextEquiv>
                    <Unicode>Vons connaissez notre collection, nous</Unicode>
                </TextEquiv>
            </TextLine>
            <TextLine id="r4l36" custom="readingOrder {index:35;}">
                <Coords points="2048,1995 2846,2014 2903,1983 2049,1967"/>
                <Baseline points="2054,1991 2096,1992 2138,1992 2180,1993 2222,1994 2264,1995 2306,1995 2348,1996 2390,1997 2432,1998 2475,1999 2517,1999 2559,2000 2601,2001 2643,2002 2685,2003 2727,2003 2769,2004 2811,2004 2853,2005 2896,2005"/>
                <TextEquiv>
                    <Unicode>dit l'’un des directeurs de la librairie, M.</Unicode>
                </TextEquiv>
            </TextLine>
            <TextLine id="r4l37" custom="readingOrder {index:36;}">
                <Coords points="2048,2025 2908,2037 2908,2014 2824,2004 2048,1996"/>
                <Baseline points="2054,2026 2096,2027 2138,2027 2181,2028 2223,2029 2266,2030 2308,2031 2350,2032 2393,2032 2435,2033 2478,2034 2520,2034 2562,2035 2605,2035 2647,2036 2690,2036 2732,2036 2774,2036 2817,2035 2859,2035 2902,2033"/>
                <TextEquiv>
                    <Unicode>Delamain (l’autre étant M. Boutelleau-Jac¬</Unicode>
                </TextEquiv>
            </TextLine>
            <TextLine id="r4l38" custom="readingOrder {index:37;}">
                <Coords points="2047,2060 2824,2085 2897,2072 2898,2043 2047,2033"/>
                <Baseline points="2053,2064 2097,2063 2141,2063 2185,2063 2229,2064 2273,2064 2317,2065 2362,2066 2406,2067 2450,2068 2494,2069 2538,2070 2582,2070 2627,2071 2671,2071 2715,2071 2759,2071 2803,2070 2847,2069 2892,2067"/>
                <TextEquiv>
                    <Unicode>ques Chardonne). Elle ne s’appelle pas pour</Unicode>
                </TextEquiv>
            </TextLine>
            <TextLine id="r4l39" custom="readingOrder {index:38;}">
                <Coords points="2050,2095 2849,2118 2907,2083 2050,2064"/>
                <Baseline points="2056,2095 2098,2095 2140,2095 2182,2095 2224,2096 2267,2097 2309,2098 2351,2099 2393,2100 2435,2101 2478,2102 2520,2103 2562,2105 2604,2105 2646,2106 2689,2106 2731,2107 2773,2107 2815,2106 2857,2106 2900,2105"/>
                <TextEquiv>
                    <Unicode>rien Le Roman Cosmopolite. Nous y avons</Unicode>
                </TextEquiv>
            </TextLine>
            <TextLine id="r4l40" custom="readingOrder {index:39;}">
                <Coords points="2051,2137 2904,2155 2904,2124 2781,2108 2052,2107"/>
                <Baseline points="2057,2132 2099,2131 2141,2131 2183,2131 2225,2131 2267,2132 2309,2133 2351,2133 2393,2134 2435,2135 2477,2136 2519,2137 2561,2138 2603,2139 2645,2140 2687,2140 2729,2140 2771,2140 2813,2139 2855,2138 2898,2137"/>
                <TextEquiv>
                    <Unicode>publié, sans périodicité déterminée, quelques¬</Unicode>
                </TextEquiv>
            </TextLine>
            <TextLine id="r4l41" custom="readingOrder {index:40;}">
                <Coords points="2047,2170 2904,2174 2873,2142 2048,2144"/>
                <Baseline points="2054,2166 2096,2166 2138,2166 2180,2166 2222,2166 2265,2167 2307,2167 2349,2168 2391,2169 2433,2170 2476,2170 2518,2171 2560,2172 2602,2172 2644,2173 2687,2173 2729,2173 2771,2173 2813,2173 2855,2173 2898,2172"/>
                <TextEquiv>
                    <Unicode>uns des meilleures écrivains de la littézature</Unicode>
                </TextEquiv>
            </TextLine>
            <TextLine id="r4l42" custom="readingOrder {index:41;}">
                <Coords points="2044,2191 2687,2222 2908,2195 2044,2169"/>
                <Baseline points="2049,2198 2091,2199 2134,2199 2176,2200 2219,2201 2262,2202 2304,2203 2347,2204 2390,2205 2432,2205 2475,2206 2518,2207 2560,2207 2603,2207 2646,2208 2688,2208 2731,2208 2774,2207 2816,2207 2859,2206 2902,2205"/>
                <TextEquiv>
                    <Unicode>universelle, Daphné Adeane, de Maurice Ba¬</Unicode>
                </TextEquiv>
            </TextLine>
            <TextLine id="r4l43" custom="readingOrder {index:42;}">
                <Coords points="2043,2236 2879,2255 2899,2221 2043,2216"/>
                <Baseline points="2049,2233 2091,2234 2133,2234 2175,2235 2217,2236 2260,2237 2302,2237 2344,2238 2386,2239 2428,2239 2471,2240 2513,2241 2555,2241 2597,2242 2639,2242 2682,2242 2724,2242 2766,2242 2808,2242 2850,2241 2893,2241"/>
                <TextEquiv>
                    <Unicode>ring; La Légion des Damnés, de Doty; Tonio</Unicode>
                </TextEquiv>
            </TextLine>
            <TextLine id="r4l44" custom="readingOrder {index:43;}">
                <Coords points="2046,2274 2904,2287 2904,2263 2852,2248 2046,2240"/>
                <Baseline points="2052,2267 2094,2268 2136,2268 2178,2269 2221,2270 2263,2271 2305,2271 2348,2272 2390,2273 2432,2273 2475,2274 2517,2275 2559,2275 2601,2276 2644,2276 2686,2276 2728,2276 2771,2277 2813,2276 2855,2276 2898,2276"/>
                <TextEquiv>
                    <Unicode>Kröger, de Thomas Mann; Femmes, de Karin</Unicode>
                </TextEquiv>
            </TextLine>
            <TextLine id="r4l45" custom="readingOrder {index:44;}">
                <Coords points="2056,2300 2908,2313 2901,2280 2056,2270"/>
                <Baseline points="2062,2301 2104,2302 2146,2302 2188,2303 2230,2304 2272,2304 2314,2305 2356,2306 2398,2306 2440,2307 2482,2307 2524,2308 2566,2308 2608,2309 2650,2309 2692,2309 2734,2309 2776,2310 2818,2309 2860,2309 2902,2309"/>
                <TextEquiv>
                    <Unicode>Michaclis; Le Dénonciateur, de Liam O’Fla¬</Unicode>
                </TextEquiv>
            </TextLine>
            <TextLine id="r4l46" custom="readingOrder {index:45;}">
                <Coords points="2052,2331 2846,2357 2908,2350 2909,2328 2052,2308"/>
                <Baseline points="2058,2333 2100,2334 2142,2335 2184,2336 2226,2338 2269,2339 2311,2340 2353,2340 2395,2341 2437,2342 2480,2343 2522,2344 2564,2344 2606,2345 2648,2345 2691,2346 2733,2346 2775,2346 2817,2345 2859,2345 2902,2344"/>
                <TextEquiv>
                    <Unicode>herty; Mlle Eise. d’Arthur Schnitzler; Yasmi¬</Unicode>
                </TextEquiv>
            </TextLine>
            <TextLine id="r4l47" custom="readingOrder {index:46;}">
                <Coords points="2046,2372 2918,2402 2919,2361 2832,2349 2047,2351"/>
                <Baseline points="2052,2368 2095,2369 2138,2370 2181,2370 2224,2371 2267,2372 2310,2372 2353,2373 2396,2374 2439,2375 2482,2375 2525,2376 2568,2376 2611,2377 2654,2377 2697,2378 2740,2379 2783,2379 2826,2379 2869,2380 2913,2380"/>
                <TextEquiv>
                    <Unicode>ni, de Talbot Mundy et-Le-Portrait de Dorian</Unicode>
                </TextEquiv>
            </TextLine>
            <TextLine id="r4l48" custom="readingOrder {index:47;}">
                <Coords points="2042,2405 2902,2419 2902,2393 2835,2384 2043,2380"/>
                <Baseline points="2048,2402 2090,2403 2132,2403 2175,2404 2217,2405 2260,2406 2302,2407 2344,2408 2387,2409 2429,2410 2472,2410 2514,2411 2556,2412 2599,2413 2641,2413 2684,2413 2726,2414 2768,2414 2811,2413 2853,2413 2896,2413"/>
                <TextEquiv>
                    <Unicode>Gray, d’Oscar Wilde, ont paru dans cette</Unicode>
                </TextEquiv>
            </TextLine>
            <TextLine id="r4l49" custom="readingOrder {index:48;}">
                <Coords points="2048,2436 2893,2463 2894,2429 2048,2408"/>
                <Baseline points="2054,2435 2095,2437 2137,2438 2179,2440 2220,2441 2262,2442 2304,2442 2345,2443 2387,2444 2429,2444 2471,2444 2512,2445 2554,2445 2596,2445 2637,2445 2679,2445 2721,2445 2762,2446 2804,2446 2846,2446 2888,2446"/>
                <TextEquiv>
                    <Unicode>collection. Nous venons de sortir Fom¬</Unicode>
                </TextEquiv>
            </TextLine>
            <TextLine id="r4l50" custom="readingOrder {index:49;}">
                <Coords points="2050,2466 2900,2489 2900,2461 2830,2452 2051,2439"/>
                <Baseline points="2056,2470 2097,2471 2139,2473 2181,2474 2223,2475 2265,2476 2307,2477 2349,2478 2391,2478 2433,2479 2475,2479 2516,2480 2558,2480 2600,2480 2642,2480 2684,2480 2726,2480 2768,2480 2810,2480 2852,2480 2894,2479"/>
                <TextEquiv>
                    <Unicode>bombo, l’extraordinaire roman sud-améri¬</Unicode>
                </TextEquiv>
            </TextLine>
            <TextLine id="r4l51" custom="readingOrder {index:50;}">
                <Coords points="2061,2512 2893,2522 2893,2499 2834,2486 2062,2484"/>
                <Baseline points="2068,2505 2111,2506 2154,2507 2197,2508 2240,2509 2283,2510 2326,2512 2369,2513 2412,2513 2455,2515 2499,2515 2542,2516 2585,2516 2628,2517 2671,2517 2714,2517 2757,2517 2800,2516 2843,2515 2887,2514"/>
                <TextEquiv>
                    <Unicode>cain de Stribling et Za Peur, de Gabriel Che¬</Unicode>
                </TextEquiv>
            </TextLine>
            <TextLine id="r4l52" custom="readingOrder {index:51;}">
                <Coords points="2056,2544 2881,2572 2899,2517 2056,2507"/>
                <Baseline points="2062,2539 2103,2540 2145,2542 2186,2543 2228,2544 2269,2545 2311,2546 2352,2547 2394,2547 2435,2548 2477,2548 2518,2549 2560,2549 2601,2549 2643,2549 2684,2550 2726,2550 2767,2550 2809,2550 2850,2550 2892,2550"/>
                <TextEquiv>
                    <Unicode>vallier, l’un de nos plus notables livres de</Unicode>
                </TextEquiv>
            </TextLine>
            <TextLine id="r4l53" custom="readingOrder {index:52;}">
                <Coords points="2058,2587 2898,2592 2827,2559 2059,2545"/>
                <Baseline points="2064,2573 2105,2574 2146,2574 2188,2575 2229,2576 2271,2577 2312,2578 2353,2579 2395,2580 2436,2581 2478,2582 2519,2582 2560,2583 2602,2584 2643,2584 2685,2584 2726,2584 2767,2584 2809,2584 2850,2583 2892,2583"/>
                <TextEquiv>
                    <Unicode>guerre. Ce dernier titre vous indique que nous</Unicode>
                </TextEquiv>
            </TextLine>
            <TextLine id="r4l54" custom="readingOrder {index:53;}">
                <Coords points="2046,2621 2739,2635 2843,2627 2844,2605 2046,2588"/>
                <Baseline points="2052,2607 2091,2608 2130,2608 2169,2609 2209,2609 2248,2610 2287,2611 2326,2612 2366,2612 2405,2613 2444,2614 2483,2615 2523,2616 2562,2617 2601,2617 2640,2618 2680,2619 2719,2619 2758,2619 2797,2620 2837,2620"/>
                <TextEquiv>
                    <Unicode>n’excluons pas la France de Cosmopolis..</Unicode>
                </TextEquiv>
            </TextLine>
            <TextLine id="r4l55" custom="readingOrder {index:54;}">
                <Coords points="2090,2643 2892,2661 2892,2639 2831,2622 2090,2619"/>
                <Baseline points="2096,2639 2135,2641 2175,2642 2214,2644 2254,2645 2293,2647 2333,2648 2372,2648 2412,2649 2451,2650 2491,2651 2530,2651 2570,2652 2609,2652 2649,2652 2688,2652 2728,2652 2767,2652 2807,2652 2846,2651 2886,2651"/>
                <TextEquiv>
                    <Unicode>&amp; En bref, nous avons voulu faire quelque</Unicode>
                </TextEquiv>
            </TextLine>
            <TextLine id="r4l56" custom="readingOrder {index:55;}">
                <Coords points="2052,2676 2906,2692 2906,2656 2227,2662 2090,2635 2052,2658"/>
                <Baseline points="2058,2674 2100,2676 2142,2677 2184,2678 2226,2679 2268,2680 2310,2681 2352,2683 2394,2684 2436,2685 2479,2686 2521,2686 2563,2687 2605,2688 2647,2688 2689,2688 2731,2688 2773,2688 2815,2687 2857,2687 2900,2686"/>
                <TextEquiv>
                    <Unicode>chose de nouveau: placer des cuvres de</Unicode>
                </TextEquiv>
            </TextLine>
            <TextLine id="r4l57" custom="readingOrder {index:56;}">
                <Coords points="2055,2721 2905,2729 2828,2684 2749,2708 2599,2685 2056,2690"/>
                <Baseline points="2062,2712 2103,2712 2145,2713 2187,2713 2229,2714 2271,2715 2313,2716 2354,2716 2396,2717 2438,2718 2480,2719 2522,2720 2564,2720 2606,2721 2647,2722 2689,2723 2731,2723 2773,2724 2815,2724 2857,2724 2899,2725"/>
                <TextEquiv>
                    <Unicode>grande littérature à la portée d’un public</Unicode>
                </TextEquiv>
            </TextLine>
            <TextLine id="r4l58" custom="readingOrder {index:57;}">
                <Coords points="2049,2758 2091,2748 2117,2751 2130,2759 2154,2759 2174,2749 2200,2756 2221,2748 2220,2727 2183,2724 2166,2715 2159,2721 2144,2715 2085,2716 2049,2726"/>
                <Baseline points="2055,2744 2081,2744 2108,2744 2135,2745 2161,2746 2188,2745 2215,2742"/>
                <TextEquiv>
                    <Unicode>d’élite —</Unicode>
                </TextEquiv>
            </TextLine>
            <TextLine id="r4l59" custom="readingOrder {index:58;}">
                <Coords points="2232,2744 2389,2765 2491,2747 2594,2768 2859,2763 2859,2739 2791,2724 2232,2725"/>
                <Baseline points="2238,2747 2268,2748 2299,2750 2330,2751 2361,2752 2391,2753 2422,2753 2453,2754 2484,2754 2514,2754 2545,2754 2576,2754 2607,2754 2637,2754 2668,2753 2699,2753 2730,2753 2760,2753 2791,2753 2822,2753 2853,2754"/>
                <TextEquiv>
                    <Unicode>universitaire en grande partie —</Unicode>
                </TextEquiv>
            </TextLine>
            <TextLine id="r4l60" custom="readingOrder {index:59;}">
                <Coords points="2054,2790 2898,2803 2898,2776 2807,2761 2055,2757"/>
                <Baseline points="2061,2780 2102,2780 2144,2781 2185,2782 2227,2782 2268,2783 2310,2784 2351,2785 2393,2786 2434,2786 2476,2787 2518,2787 2559,2788 2601,2789 2642,2789 2684,2790 2725,2790 2767,2790 2808,2790 2850,2790 2892,2790"/>
                <TextEquiv>
                    <Unicode>qui ne pourrait se les offrir à 15 francs. Nous</Unicode>
                </TextEquiv>
            </TextLine>
            <TextLine id="r4l61" custom="readingOrder {index:60;}">
                <Coords points="2058,2822 2788,2843 2900,2836 2901,2809 2058,2791"/>
                <Baseline points="2064,2811 2105,2813 2147,2814 2188,2816 2230,2817 2271,2818 2313,2819 2354,2820 2396,2821 2437,2822 2479,2822 2520,2823 2562,2823 2603,2824 2645,2824 2686,2824 2728,2825 2769,2825 2811,2825 2852,2825 2894,2825"/>
                <TextEquiv>
                    <Unicode>ne recherchons pas, comme d’autres, les</Unicode>
                </TextEquiv>
            </TextLine>
            <TextLine id="r4l62" custom="readingOrder {index:61;}">
                <Coords points="2052,2854 2811,2874 2874,2870 2902,2838 2052,2819"/>
                <Baseline points="2058,2851 2099,2851 2141,2851 2183,2851 2225,2851 2267,2852 2309,2853 2351,2853 2393,2854 2435,2855 2477,2856 2518,2856 2560,2857 2602,2857 2644,2858 2686,2858 2728,2859 2770,2859 2812,2859 2854,2858 2896,2858"/>
                <TextEquiv>
                    <Unicode>grands tirages; nous faisons cuvre de pure</Unicode>
                </TextEquiv>
            </TextLine>
            <TextLine id="r4l63" custom="readingOrder {index:62;}">
                <Coords points="2051,2891 2820,2908 2898,2901 2899,2870 2052,2856"/>
                <Baseline points="2057,2885 2098,2885 2140,2884 2182,2885 2224,2885 2265,2886 2307,2886 2349,2887 2391,2888 2432,2889 2474,2890 2516,2891 2558,2892 2599,2892 2641,2893 2683,2893 2725,2894 2766,2894 2808,2894 2850,2893 2892,2893"/>
                <TextEquiv>
                    <Unicode>intellectualité; nous nous trouvons ample¬</Unicode>
                </TextEquiv>
            </TextLine>
            <TextLine id="r4l64" custom="readingOrder {index:63;}">
                <Coords points="2055,2929 2493,2921 2803,2948 2898,2941 2899,2901 2056,2892"/>
                <Baseline points="2061,2919 2102,2919 2144,2919 2185,2920 2227,2921 2269,2921 2310,2922 2352,2923 2393,2924 2435,2925 2477,2926 2518,2927 2560,2927 2601,2928 2643,2929 2685,2929 2726,2930 2768,2930 2809,2930 2851,2930 2893,2930"/>
                <TextEquiv>
                    <Unicode>ment récompensés par la fidélité de notre</Unicode>
                </TextEquiv>
            </TextLine>
            <TextLine id="r4l65" custom="readingOrder {index:64;}">
                <Coords points="2058,2960 2110,2958 2134,2969 2159,2956 2178,2956 2188,2963 2218,2957 2247,2962 2247,2944 2221,2944 2201,2925 2164,2922 2121,2933 2086,2922 2058,2931"/>
                <Baseline points="2064,2951 2089,2952 2114,2952 2139,2953 2165,2953 2190,2954 2215,2954 2241,2954"/>
                <TextEquiv>
                    <Unicode>clientéle.</Unicode>
                </TextEquiv>
            </TextLine>
            <TextLine id="r4l66" custom="readingOrder {index:65;}">
                <Coords points="2140,2990 2831,3014 2894,2987 2856,2964 2720,2979 2554,2953 2513,2971 2141,2961"/>
                <Baseline points="2147,2990 2184,2990 2221,2990 2258,2991 2295,2991 2332,2992 2369,2993 2406,2993 2443,2994 2480,2994 2517,2995 2554,2995 2591,2996 2628,2996 2665,2996 2702,2997 2739,2997 2776,2997 2813,2997 2850,2997 2887,2996"/>
                <TextEquiv>
                    <Unicode>Vous comptez, naturellement, poursui¬</Unicode>
                </TextEquiv>
            </TextLine>
            <TextLine id="r4l67" custom="readingOrder {index:66;}">
                <Coords points="2047,3048 2119,3022 2720,3048 2818,3030 2789,3001 2205,3008 2048,2987"/>
                <Baseline points="2054,3019 2091,3020 2129,3021 2167,3022 2205,3023 2243,3024 2281,3025 2319,3026 2357,3027 2395,3028 2433,3029 2470,3029 2508,3030 2546,3031 2584,3031 2622,3032 2660,3032 2698,3032 2736,3032 2774,3032 2812,3031"/>
                <TextEquiv>
                    <Unicode>vre unc expérience aussi passionnante?</Unicode>
                </TextEquiv>
            </TextLine>
            <TextLine id="r4l68" custom="readingOrder {index:67;}">
                <Coords points="2146,3059 2912,3086 2913,3024 2780,3058 2745,3038 2552,3032 2529,3053 2146,3026"/>
                <Baseline points="2152,3053 2189,3056 2227,3058 2265,3061 2302,3063 2340,3064 2378,3065 2415,3066 2453,3066 2491,3067 2529,3067 2566,3067 2604,3066 2642,3066 2679,3066 2717,3066 2755,3066 2792,3066 2830,3066 2868,3066 2906,3067"/>
                <TextEquiv>
                    <Unicode>Certes ! Car, nous, la crise ne nous</Unicode>
                </TextEquiv>
            </TextLine>
            <TextLine id="r4l69" custom="readingOrder {index:68;}">
                <Coords points="2046,3083 2833,3120 2898,3099 2899,3074 2047,3058"/>
                <Baseline points="2052,3087 2094,3089 2136,3091 2178,3092 2220,3094 2262,3095 2304,3096 2346,3098 2388,3098 2430,3099 2472,3100 2514,3101 2556,3101 2598,3102 2640,3102 2682,3102 2724,3102 2766,3102 2808,3102 2850,3102 2892,3101"/>
                <TextEquiv>
                    <Unicode>touche guère et nous pensons mème que'</Unicode>
                </TextEquiv>
            </TextLine>
            <TextLine id="r4l70" custom="readingOrder {index:69;}">
                <Coords points="2038,3132 2577,3151 2726,3144 2727,3119 2664,3100 2179,3094 2147,3113 2039,3088"/>
                <Baseline points="2044,3121 2077,3122 2111,3123 2145,3124 2179,3126 2213,3127 2246,3128 2280,3129 2314,3131 2348,3132 2382,3133 2415,3133 2449,3135 2483,3135 2517,3136 2550,3136 2584,3136 2618,3136 2652,3136 2686,3135 2720,3134"/>
                <TextEquiv>
                    <Unicode>hous pouvons élargir notre public.</Unicode>
                </TextEquiv>
            </TextLine>
            <TextLine id="r4l71" custom="readingOrder {index:70;}">
                <Coords points="2093,3160 2097,3161 2103,3160 2107,3165 2112,3164 2113,3166 2119,3167 2123,3140 2115,3139 2113,3136 2106,3137 2104,3139 2097,3137"/>
                <Baseline points="2100,3156 2114,3158"/>
                <TextEquiv>
                    <Unicode>K</Unicode>
                </TextEquiv>
            </TextLine>
            <TextLine id="r4l72" custom="readingOrder {index:71;}">
                <Coords points="2126,3167 2861,3180 2894,3178 2894,3128 2820,3148 2766,3129 2706,3149 2126,3141"/>
                <Baseline points="2132,3159 2169,3161 2207,3162 2245,3163 2283,3164 2321,3165 2358,3166 2396,3167 2434,3168 2472,3168 2510,3169 2547,3169 2585,3169 2623,3169 2661,3169 2699,3170 2736,3170 2774,3170 2812,3170 2850,3170 2888,3171"/>
                <TextEquiv>
                    <Unicode>Au surplus, et c’est un grand point, la</Unicode>
                </TextEquiv>
            </TextLine>
            <TextLine id="r4l73" custom="readingOrder {index:72;}">
                <Coords points="2046,3205 2748,3222 2878,3218 2891,3187 2046,3165"/>
                <Baseline points="2052,3189 2093,3191 2135,3193 2176,3195 2218,3197 2260,3198 2301,3199 2343,3200 2384,3201 2426,3201 2468,3202 2509,3202 2551,3202 2592,3203 2634,3203 2676,3203 2717,3203 2759,3204 2800,3204 2842,3204 2884,3205"/>
                <TextEquiv>
                    <Unicode>wvente de nos éditions à 15 francs n'’a pas été</Unicode>
                </TextEquiv>
            </TextLine>
            <TextLine id="r4l74" custom="readingOrder {index:73;}">
                <Coords points="2041,3237 2869,3252 2894,3214 2042,3208"/>
                <Baseline points="2048,3227 2090,3228 2132,3228 2174,3229 2216,3230 2258,3231 2300,3232 2342,3233 2384,3234 2426,3235 2468,3235 2510,3236 2552,3237 2594,3238 2636,3238 2678,3238 2720,3238 2762,3238 2804,3238 2846,3237 2888,3236"/>
                <TextEquiv>
                    <Unicode>Igénée par notre collection à 6 francs, comme</Unicode>
                </TextEquiv>
            </TextLine>
            <TextLine id="r4l75" custom="readingOrder {index:74;}">
                <Coords points="2038,3258 2890,3284 2878,3246 2038,3240"/>
                <Baseline points="2044,3260 2086,3261 2128,3262 2170,3263 2212,3264 2254,3265 2296,3266 2338,3267 2380,3267 2422,3269 2464,3269 2506,3270 2548,3271 2590,3272 2632,3272 2674,3273 2716,3273 2758,3274 2800,3274 2842,3273 2884,3273"/>
                <TextEquiv>
                    <Unicode>Von pourrait le croire. Cela tient à ce que,</Unicode>
                </TextEquiv>
            </TextLine>
            <TextLine id="r4l76" custom="readingOrder {index:75;}">
                <Coords points="2034,3289 2802,3320 2883,3315 2884,3292 2035,3259"/>
                <Baseline points="2040,3294 2081,3294 2123,3295 2165,3296 2207,3297 2249,3298 2291,3299 2333,3301 2375,3302 2417,3303 2459,3304 2500,3305 2542,3305 2584,3306 2626,3307 2668,3307 2710,3307 2752,3307 2794,3307 2836,3306 2878,3305"/>
                <TextEquiv>
                    <Unicode>contrairement à ce qu’ont fait nos confrères,</Unicode>
                </TextEquiv>
            </TextLine>
            <TextLine id="r4l77" custom="readingOrder {index:76;}">
                <Coords points="2033,3329 2756,3356 2866,3353 2885,3314 2034,3310"/>
                <Baseline points="2040,3328 2081,3329 2123,3329 2165,3330 2207,3331 2249,3332 2291,3333 2333,3334 2375,3335 2417,3337 2459,3338 2500,3339 2542,3340 2584,3341 2626,3341 2668,3341 2710,3341 2752,3341 2794,3340 2836,3339 2878,3338"/>
                <TextEquiv>
                    <Unicode>#nous avons déclassé le livre au point de vue</Unicode>
                </TextEquiv>
            </TextLine>
            <TextLine id="r4l78" custom="readingOrder {index:77;}">
                <Coords points="2036,3366 2880,3398 2881,3359 2036,3330"/>
                <Baseline points="2042,3359 2083,3360 2125,3361 2166,3362 2208,3363 2250,3365 2291,3366 2333,3368 2374,3369 2416,3370 2458,3372 2499,3373 2541,3374 2582,3375 2624,3375 2666,3376 2707,3376 2749,3376 2790,3375 2832,3374 2874,3373"/>
                <TextEquiv>
                    <Unicode>de son aspect. Leg cosmopolite # est toujours</Unicode>
                </TextEquiv>
            </TextLine>
            <TextLine id="r4l79" custom="readingOrder {index:78;}">
                <Coords points="2043,3405 2781,3424 2885,3398 2044,3379"/>
                <Baseline points="2050,3397 2091,3397 2132,3398 2174,3398 2215,3399 2257,3400 2298,3401 2339,3402 2381,3403 2422,3405 2464,3406 2505,3407 2546,3407 2588,3408 2629,3409 2671,3409 2712,3409 2753,3409 2795,3408 2836,3407 2878,3406"/>
                <TextEquiv>
                    <Unicode>coupé au massicot; il comporte peu de mar¬</Unicode>
                </TextEquiv>
            </TextLine>
            <TextLine id="r4l80" custom="readingOrder {index:79;}">
                <Coords points="2038,3429 2889,3460 2890,3428 2038,3410"/>
                <Baseline points="2044,3432 2086,3433 2128,3434 2170,3434 2212,3435 2254,3437 2296,3438 2338,3438 2380,3440 2422,3441 2464,3442 2506,3443 2548,3443 2590,3444 2632,3444 2674,3445 2716,3445 2758,3445 2800,3444 2842,3443 2884,3442"/>
                <TextEquiv>
                    <Unicode>ges; sa page atteint 2.000 signes tout en</Unicode>
                </TextEquiv>
            </TextLine>
            <TextLine id="r4l81" custom="readingOrder {index:80;}">
                <Coords points="2038,3461 2892,3495 2892,3454 2819,3445 2038,3429"/>
                <Baseline points="2044,3466 2086,3467 2128,3468 2170,3469 2212,3470 2254,3471 2296,3472 2338,3473 2380,3473 2422,3474 2465,3475 2507,3475 2549,3476 2591,3476 2633,3477 2675,3478 2717,3478 2759,3478 2801,3479 2843,3479 2886,3479"/>
                <TextEquiv>
                    <Unicode>demeurant d’une lisibilité parfaite. Si vous</Unicode>
                </TextEquiv>
            </TextLine>
            <TextLine id="r4l82" custom="readingOrder {index:81;}">
                <Coords points="2042,3510 2833,3523 2901,3495 2043,3475"/>
                <Baseline points="2048,3499 2090,3501 2132,3502 2174,3503 2217,3504 2259,3505 2301,3506 2344,3506 2386,3507 2428,3508 2471,3508 2513,3509 2555,3509 2597,3510 2640,3511 2682,3511 2724,3512 2767,3513 2809,3513 2851,3514 2894,3515"/>
                <TextEquiv>
                    <Unicode>voulez, nous faisons une sorte de Tauchnitz.,</Unicode>
                </TextEquiv>
            </TextLine>
            <TextLine id="r4l83" custom="readingOrder {index:82;}">
                <Coords points="2096,3542 2899,3562 2900,3526 2096,3509"/>
                <Baseline points="2102,3533 2141,3534 2181,3535 2220,3536 2260,3537 2300,3538 2339,3539 2379,3540 2418,3541 2458,3542 2498,3543 2537,3544 2577,3545 2616,3546 2656,3547 2696,3547 2735,3547 2775,3547 2814,3547 2854,3546 2894,3545"/>
                <TextEquiv>
                    <Unicode>gllyaun public pour l’une et l’autre édi¬</Unicode>
                </TextEquiv>
            </TextLine>
            <TextLine id="r4l84" custom="readingOrder {index:83;}">
                <Coords points="2043,3580 2895,3582 2879,3549 2043,3548"/>
                <Baseline points="2049,3566 2091,3568 2133,3569 2175,3570 2217,3571 2259,3572 2301,3572 2343,3573 2385,3574 2427,3575 2469,3575 2511,3576 2553,3577 2595,3577 2637,3578 2679,3578 2721,3578 2763,3579 2805,3579 2847,3580 2889,3580"/>
                <TextEquiv>
                    <Unicode>tion. Nous devons, comme les Anglais, avoir</Unicode>
                </TextEquiv>
            </TextLine>
            <TextLine id="r4l85" custom="readingOrder {index:84;}">
                <Coords points="2034,3599 2855,3628 2894,3617 2895,3581 2035,3584"/>
                <Baseline points="2040,3602 2082,3603 2124,3604 2167,3605 2209,3605 2252,3606 2294,3607 2336,3607 2379,3607 2421,3608 2464,3608 2506,3608 2548,3609 2591,3609 2633,3610 2676,3611 2718,3612 2760,3613 2803,3614 2845,3615 2888,3617"/>
                <TextEquiv>
                    <Unicode>du mème ouvrage des volumes normaux et</Unicode>
                </TextEquiv>
            </TextLine>
            <TextLine id="r4l86" custom="readingOrder {index:85;}">
                <Coords points="2036,3629 2894,3665 2894,3620 2826,3614 2037,3607"/>
                <Baseline points="2042,3636 2084,3637 2126,3638 2168,3639 2211,3640 2253,3640 2295,3641 2338,3641 2380,3641 2422,3642 2465,3642 2507,3642 2549,3643 2591,3643 2634,3644 2676,3644 2718,3645 2761,3645 2803,3647 2845,3647 2888,3649"/>
                <TextEquiv>
                    <Unicode>des volumes populaires. Ainsi nous touche¬</Unicode>
                </TextEquiv>
            </TextLine>
            <TextLine id="r4l87" custom="readingOrder {index:86;}">
                <Coords points="2043,3668 2847,3694 2889,3662 2043,3647"/>
                <Baseline points="2048,3673 2089,3673 2131,3673 2173,3674 2214,3674 2256,3674 2298,3675 2339,3675 2381,3676 2423,3676 2465,3676 2506,3677 2548,3678 2590,3678 2631,3679 2673,3680 2715,3680 2756,3681 2798,3682 2840,3682 2882,3683"/>
                <TextEquiv>
                    <Unicode>rons les deux publics: celui qui n’a pas d’ar¬</Unicode>
                </TextEquiv>
            </TextLine>
            <TextLine id="r4l88" custom="readingOrder {index:87;}">
                <Coords points="2032,3712 2881,3722 2817,3686 2033,3667"/>
                <Baseline points="2038,3708 2079,3708 2121,3708 2163,3708 2205,3708 2247,3709 2288,3709 2330,3709 2372,3710 2414,3711 2456,3711 2497,3712 2539,3712 2581,3713 2623,3714 2665,3714 2706,3715 2748,3716 2790,3716 2832,3717 2874,3717"/>
                <TextEquiv>
                    <Unicode>gent et apprécie la chose en soi, celui qui a</Unicode>
                </TextEquiv>
            </TextLine>
            <TextLine id="r4l89" custom="readingOrder {index:88;}">
                <Coords points="2035,3746 2818,3763 2881,3759 2882,3734 2036,3725"/>
                <Baseline points="2041,3741 2082,3741 2124,3741 2166,3741 2207,3741 2249,3742 2291,3742 2332,3742 2374,3743 2416,3744 2458,3744 2499,3745 2541,3746 2583,3747 2624,3747 2666,3748 2708,3749 2749,3750 2791,3751 2833,3752 2875,3753"/>
                <TextEquiv>
                    <Unicode>de l’argent et n’accepterait pas de trouver nos</Unicode>
                </TextEquiv>
            </TextLine>
            <TextLine id="r4l90" custom="readingOrder {index:89;}">
                <Coords points="2042,3768 2405,3798 2884,3786 2884,3760 2835,3756 2042,3746"/>
                <Baseline points="2048,3775 2089,3775 2130,3775 2172,3775 2213,3775 2255,3776 2296,3776 2338,3777 2379,3778 2421,3779 2462,3780 2503,3781 2545,3783 2586,3784 2628,3785 2669,3786 2711,3787 2752,3788 2794,3789 2835,3789 2877,3790"/>
                <TextEquiv>
                    <Unicode>livres dans une autre présentation que la</Unicode>
                </TextEquiv>
            </TextLine>
            <TextLine id="r4l91" custom="readingOrder {index:90;}">
                <Coords points="2047,3818 2074,3814 2091,3826 2108,3814 2159,3813 2175,3821 2191,3812 2225,3829 2253,3813 2301,3822 2327,3811 2327,3798 2302,3797 2277,3776 2233,3788 2182,3778 2095,3787 2047,3779"/>
                <Baseline points="2052,3807 2078,3808 2105,3809 2132,3810 2159,3810 2186,3810 2213,3810 2240,3809 2267,3809 2294,3809 2321,3810"/>
                <TextEquiv>
                    <Unicode>traditionnelle.</Unicode>
                </TextEquiv>
            </TextLine>
            <TextLine id="r4l92" custom="readingOrder {index:91;}">
                <Coords points="2077,3845 2879,3853 2879,3827 2812,3814 2078,3832"/>
                <Baseline points="2083,3840 2122,3840 2162,3841 2201,3842 2241,3843 2280,3844 2320,3844 2359,3845 2399,3846 2438,3846 2478,3847 2517,3848 2557,3849 2596,3849 2636,3850 2675,3850 2715,3851 2754,3851 2794,3852 2833,3852 2873,3852"/>
                <TextEquiv>
                    <Unicode>&amp; Mais, à mon sens, le secret d’une collec¬</Unicode>
                </TextEquiv>
            </TextLine>
            <TextLine id="r4l93" custom="readingOrder {index:92;}">
                <Coords points="2040,3873 2879,3904 2889,3852 2040,3853"/>
                <Baseline points="2046,3875 2087,3875 2129,3876 2171,3876 2213,3876 2255,3877 2296,3878 2338,3879 2380,3881 2422,3881 2464,3883 2505,3884 2547,3885 2589,3886 2631,3886 2673,3887 2714,3887 2756,3888 2798,3888 2840,3887 2882,3887"/>
                <TextEquiv>
                    <Unicode>tion à hon marché, c’est qu'elle ne contienne</Unicode>
                </TextEquiv>
            </TextLine>
            <TextLine id="r4l94" custom="readingOrder {index:93;}">
                <Coords points="2038,3913 2890,3934 2874,3896 2039,3884"/>
                <Baseline points="2044,3911 2086,3910 2128,3910 2170,3910 2212,3910 2254,3911 2296,3912 2338,3913 2380,3914 2422,3916 2464,3918 2506,3919 2548,3921 2590,3921 2632,3923 2674,3923 2716,3924 2758,3924 2800,3924 2842,3923 2884,3921"/>
                <TextEquiv>
                    <Unicode>que des cuvres de qualité. Ce qui est hon</Unicode>
                </TextEquiv>
            </TextLine>
            <TextLine id="r4l95" custom="readingOrder {index:94;}">
                <Coords points="2034,3945 2771,3979 2878,3965 2895,3938 2034,3918"/>
                <Baseline points="2040,3944 2082,3944 2124,3944 2167,3945 2209,3946 2252,3947 2294,3949 2336,3950 2379,3951 2421,3952 2464,3953 2506,3954 2548,3955 2591,3956 2633,3957 2676,3957 2718,3958 2760,3957 2803,3957 2845,3956 2888,3955"/>
                <TextEquiv>
                    <Unicode>marché doit étre encore mienx que le res¬</Unicode>
                </TextEquiv>
            </TextLine>
            <TextLine id="r4l96" custom="readingOrder {index:95;}">
                <Coords points="2036,4002 2068,4005 2084,3995 2089,3998 2119,3989 2132,4001 2148,3995 2161,4006 2172,4006 2172,3960 2157,3962 2137,3952 2108,3967 2084,3953 2035,3953"/>
                <Baseline points="2042,3978 2073,3980 2104,3979 2135,3978 2166,3980"/>
                <TextEquiv>
                    <Unicode>te. „</Unicode>
                </TextEquiv>
            </TextLine>
            <TextLine id="r4l97" custom="readingOrder {index:96;}">
                <Coords points="2602,4025 2632,4023 2653,4037 2664,4030 2716,4037 2739,4031 2775,4047 2794,4033 2853,4029 2854,4000 2834,4005 2816,3993 2789,3998 2778,3988 2751,3988 2693,4001 2662,3981 2649,3993 2602,3997"/>
                <Baseline points="2608,4020 2634,4022 2661,4023 2688,4024 2714,4024 2741,4025 2768,4025 2794,4026 2821,4026 2848,4026"/>
                <TextEquiv>
                    <Unicode>R. GIRON.</Unicode>
                </TextEquiv>
            </TextLine>
            <TextLine id="r4l98" custom="readingOrder {index:97;}">
                <Coords points="2105,4133 2153,4139 2161,4134 2166,4139 2176,4136 2201,4146 2243,4134 2243,4108 2167,4103 2149,4110 2130,4103 2116,4113 2105,4112"/>
                <Baseline points="2111,4121 2136,4118 2161,4117 2186,4118 2211,4119 2237,4121"/>
                <TextEquiv>
                    <Unicode> —.—</Unicode>
                </TextEquiv>
            </TextLine>
            <TextLine id="r4l99" custom="readingOrder {index:98;}">
                <Coords points="2154,4167 2184,4167 2191,4160 2209,4168 2231,4162 2250,4165 2272,4160 2282,4164 2282,4130 2267,4131 2259,4138 2247,4138 2242,4133 2229,4135 2201,4146 2186,4137 2164,4150 2154,4150"/>
                <Baseline points="2160,4163 2189,4158 2218,4160 2247,4162 2276,4161"/>
                <TextEquiv>
                    <Unicode></Unicode>
                </TextEquiv>
            </TextLine>
            <TextLine id="r4l100" custom="readingOrder {index:99;}">
                <Coords points="2670,4165 2979,4168 2980,4115 2934,4126 2869,4104 2796,4129 2724,4122 2671,4133"/>
                <Baseline points="2676,4160 2703,4159 2730,4159 2757,4159 2784,4160 2811,4161 2838,4162 2865,4162 2892,4163 2919,4163 2946,4163 2973,4161"/>
                <TextEquiv>
                    <Unicode> </Unicode>
                </TextEquiv>
            </TextLine>
            <TextEquiv>
                <Unicode>—
N· DE DEBIT ——
Ertot d. TOUTE LEDITION
Rue Louis ie Grand, 9, IIe
Adresse
puls 26 JAHVER 1933
Signture
Kungrfton 
EI. RESAGTRANCS
U A 1 TRANES
Notre prömenade an pays des editeurs et
des libraires à propos du livre à hon marché
touche à sa fin. Aussi hien avons-nous in¬
terrogé les intéressés les plus qualifiés et en
saurons-hols assez pour nous faire une opi¬
nion raisonnable —
ou moyenne (ce qui
pourrait bien revenir au méme).
Nous ne pouvions mieux faire pour pour¬
suivre cette enquête objective, que d’aller
demander son avis à M. Maurice Delamain,
de la librairie Stock, qui en a établi une for¬
mule particuliérement originale.
La maison de la rue du Vieux-Colombier
est accucillante à tous les genres d’expres¬
sion. On la définirait assez bien en disant
qu'elle est la librairie de lhonnéte homme,
au sens que le grand siècle donnait à ce mot.
L’une des catégories de son activité tient
dans l’édition raisonnée des grandes auvres
etrangères contemporaines — de celles qu'un
Français lettré ne doit pas ignorer. On va
retrouver cette préoccupation dans la con¬
ception qu’elle s’est faite du livre à 6 francs.
Vons connaissez notre collection, nous
dit l'’un des directeurs de la librairie, M.
Delamain (l’autre étant M. Boutelleau-Jac¬
ques Chardonne). Elle ne s’appelle pas pour
rien Le Roman Cosmopolite. Nous y avons
publié, sans périodicité déterminée, quelques¬
uns des meilleures écrivains de la littézature
universelle, Daphné Adeane, de Maurice Ba¬
ring; La Légion des Damnés, de Doty; Tonio
Kröger, de Thomas Mann; Femmes, de Karin
Michaclis; Le Dénonciateur, de Liam O’Fla¬
herty; Mlle Eise. d’Arthur Schnitzler; Yasmi¬
ni, de Talbot Mundy et-Le-Portrait de Dorian
Gray, d’Oscar Wilde, ont paru dans cette
collection. Nous venons de sortir Fom¬
bombo, l’extraordinaire roman sud-améri¬
cain de Stribling et Za Peur, de Gabriel Che¬
vallier, l’un de nos plus notables livres de
guerre. Ce dernier titre vous indique que nous
n’excluons pas la France de Cosmopolis..
&amp; En bref, nous avons voulu faire quelque
chose de nouveau: placer des cuvres de
grande littérature à la portée d’un public
d’élite —
universitaire en grande partie —
qui ne pourrait se les offrir à 15 francs. Nous
ne recherchons pas, comme d’autres, les
grands tirages; nous faisons cuvre de pure
intellectualité; nous nous trouvons ample¬
ment récompensés par la fidélité de notre
clientéle.
Vous comptez, naturellement, poursui¬
vre unc expérience aussi passionnante?
Certes ! Car, nous, la crise ne nous
touche guère et nous pensons mème que'
hous pouvons élargir notre public.
K
Au surplus, et c’est un grand point, la
wvente de nos éditions à 15 francs n'’a pas été
Igénée par notre collection à 6 francs, comme
Von pourrait le croire. Cela tient à ce que,
contrairement à ce qu’ont fait nos confrères,
#nous avons déclassé le livre au point de vue
de son aspect. Leg cosmopolite # est toujours
coupé au massicot; il comporte peu de mar¬
ges; sa page atteint 2.000 signes tout en
demeurant d’une lisibilité parfaite. Si vous
voulez, nous faisons une sorte de Tauchnitz.,
gllyaun public pour l’une et l’autre édi¬
tion. Nous devons, comme les Anglais, avoir
du mème ouvrage des volumes normaux et
des volumes populaires. Ainsi nous touche¬
rons les deux publics: celui qui n’a pas d’ar¬
gent et apprécie la chose en soi, celui qui a
de l’argent et n’accepterait pas de trouver nos
livres dans une autre présentation que la
traditionnelle.
&amp; Mais, à mon sens, le secret d’une collec¬
tion à hon marché, c’est qu'elle ne contienne
que des cuvres de qualité. Ce qui est hon
marché doit étre encore mienx que le res¬
te. „
R. GIRON.
 —.—

 </Unicode>
            </TextEquiv>
        </TextRegion>
    </Page>
</PcGts>
