3233 5213
562 458 663 473 2
600 561 1726 618 ermächtigt wird, aus Anlaß der durch den Kriegs¬
605 608 1710 685 zustand verursachten außerordentlichen Verhältnisse
600 682 1715 736 die notwendigen Verfügungen auf wirtschaftlichem
595 726 1723 800 Gebiete zu treffen, der Regierung zustehenden Be¬
599 780 1732 851 fugnisse gehen sowohl auf die Bundesregierung als
600 856 1560 928 auch auf die einzelnen Bundesminister über.
1078 967 1206 990 § 8
644 1022 1710 1105 (1) Die staatlichen Behörden — mit Ausnahme
584 1071 1732 1163 jener der allgemeinen politischen Verwaltung in den
590 1135 1721 1210 Ländern (Landesregierungen, Bezirkshauptmann=,
584 1197 1705 1268 schaften) einschließlich der bei diesen Behörden ver¬
590 1253 1704 1329 einigten besonderen Dienstzweige (bau= und forst¬
590 1329 1717 1385 technischer Dienst, Gesundheitsdienst. Veterinärdienste,
584 1374 1710 1444 (Archiv= und Bibliotheksdienst, Rechnungsdienst) und
584 1430 1715 1510 der Agrarbehörden erster und zweiter Instanz (Agrar¬
590 1490 1715 1584 bezirksbehörden und Agrarlandesbehörden) — werden
590 1549 1080 1627 Behörden des Bundes
665 1606 1715 1679 (2) Die Stellung der im Absatz 1 ausgenommenen
590 1664 1704 1737 staatlichen Behörden wird durch das Verfassungs¬
590 1737 1721 1791 gesetz des Bundes über die Organisation der Ver¬
574 1787 1721 1855 waltung in den Ländern (Artikel 12, Z. 1 und
590 1838 1721 1931 Artikel 120, Absatz 1 des Bundes=Verfassungsgesetzes)
589 1896 758 1995 geregelt.
649 1924 1715 2026 (3) Die Behörden und Ämter der bisherigen
590 2007 1715 2075 autonomen Verwaltung der Länder werden Behörden
590 2067 1704 2169 (Ämter) des Landes im Sinne des Bundes=Ver¬
583 2129 918 2210 fassungsgesetzes.
654 2163 1717 2262 (4) Die staatlichen Anstalten gehen an den Bund
577 2246 1721 2315 über, die Landesanstalten sind Anstalten der Länder;
590 2300 1715 2368 die Anstalten der Bezirke, Gemeinden und sonstigen
590 2363 1715 2460 öffentlich=rechtlichen Körperschaften sind Anstalten
574 2418 1058 2517 dieser Körperschaften.
1082 2542 1195 2561 § 9
654 2568 1704 2683 (1) Die Angestellten der staatlichen Behörden
577 2644 1715 2739 die nach § 8, Absatz 1, Bundesbehörden werden,
574 2711 1262 2793 werden Angestellte des Bundes.
649 2762 1711 2848 (2) Die Stellung der Angestellten der im § 8,
584 2836 1715 2898 Absatz 1, ausgenommenen staatlichen Behörden wird
590 2892 1715 2970 im Zusammenhang mit dem Verfassungsgesetz des
590 2950 1715 3032 Bundes über die Organisation der Verwaltung in
574 3007 1064 3090 den Ländern geregelt.
1076 3122 1227 3205 § 10.
638 3196 1715 3272 (1) Die bestehenden staatlichen Polizeibehörden
577 3256 1715 3346 werden Bundesbehörden und führen ihre bisherigen
579 3314 1354 3408 Geschäfte als Bundesgeschäfte fort.
638 3368 1715 3486 (2) Die bisherige Gendarmerie wird Bundes¬
590 3434 863 3537 gendarmerie.
1079 3532 1220 3616 § 11.
653 3594 1717 3685 (1) Die den Ländern als ehemals autonomen
583 3652 1727 3736 Körperschaften gehörenden oder von ihnen ver¬
589 3740 1715 3803 walteten Vermögenschaften, einschließlich der Fonds
589 3797 1715 3878 und Anstalten, gehen in das Vermögen oder in
579 3838 1750 3941 die Verwaltung der Länder im Sinne des Bundes¬
1781 514 2912 627 Verfassungsgesetzes über; hinsichtlich der von
1769 615 2914 675 den Ländern verwalteten Schulfonds verbleibt
1781 670 2918 732 es jedoch bis zur Erlassung des Verfassungsgesetzes
1787 719 2918 787 des Bundes über den Wirkungsbereich des Bundes
1769 772 2919 837 und der Länder auf dem Gebiet des Schul=, Er¬
1781 837 2912 905 ziehungs= und Volksbildungswesens (Artikel 14 des
1769 891 2908 960 Bundes=Verfassungsgesetzes) beim bisherigen Zustand
1841 949 2903 1022 (2) Alles übrige staatliche Vermögen ist Ver¬
1787 1006 2912 1068 mögen des Bundes; die endgültige Auseinander¬
1785 1061 2912 1134 setzung über das staatliche Vermögen wird im Ver¬
1781 1114 2909 1191 fassungsgesetz des Bundes über die finanzielle Aus¬
1785 1178 2912 1246 einandersetzung zwischen Bund und Ländern geregelt.
1780 1313 2896 1396 II. Zu einzelnen Artikeln des Bundes=Verfassungs
2256 1390 2446 1468 gesetzes.
2267 1510 2414 1533 § 12
2159 1567 2516 1648 Zu Artikel 2.
1847 1628 2912 1713 (1) Das Burgenland wird als selbständiges und
1781 1698 2918 1775 gleichberechtigtes Land in den Bund aufgenommen,
1787 1761 2918 1835 sobald es seinen Willen zum Ausdruck gebracht hat.
1847 1834 2914 1892 (2) Die näheren Bestimmungen über die Stellung
1781 1879 2912 1949 des Burgenlandes als selbständiges und gleichberech¬
1787 1937 2924 2010 tigtes Land im Bund werden durch ein besonderes
1781 2007 2615 2099 Verfassungsgesetz des Bundes festgesetzt.
2282 2078 2427 2211 § 13.
2169 2198 2524 2278 Zu Artikel 4.
1835 2258 2924 2348 (1) Beschränkungen oder Erschwerungen des Ver¬
1769 2335 2928 2399 kehrs von Personen oder Waren zwischen den
1769 2405 2924 2465 Ländern und innerhalb der Länder sind nur zu¬
1769 2459 2928 2532 lässig, insolange die im Artikel 10, Z. 15, erwähnten
1787 2527 2918 2590 außerordentlichen Verhältnisse fortdauern (§ 17 dieses
1777 2584 2924 2673 Gesetzes) und können nur von Bundes wegen verfügt
1769 2640 1947 2728 werden.
1841 2658 2912 2784 (2) Bestehende Verkehrsbeschränkungen, die nicht
1769 2737 2919 2816 vom Staat ausgegangen sind, treten, soferne
1781 2819 2928 2880 sie nicht vom Staat genehmigt wurden oder vom
1769 2874 2934 2959 Bund nachträglich genehmigt werden, spätestens
1781 2930 2545 3023 mit 30. Juni 1921 außer Kraft.
2282 3016 2421 3147 § 14.
2175 3119 2524 3220 Zu Artikel 6.
1835 3206 2912 3290 (1) Jeder Staatsbürger der Republik ist Landes¬
1781 3269 2912 3371 bürger des Landes, zu dem seine Heimatgemeinde
1769 3333 2562 3427 gehört, und zugleich Bundesbürger.
1831 3378 2908 3481 (2) Personen, die österreichische Staatsbürger sind,
1775 3429 2908 3513 ohne in einer Gemeinde der Republik heimat¬
1769 3497 2912 3585 berechtigt zu sein, werden Bundesbürger. In welcher
1781 3567 2912 3625 Gemeinde sie das Heimatrecht und damit die Vor¬
1769 3623 2912 3702 aussetzung für eine Landesbürgerschaft erlangen,
1780 3687 2902 3757 wird durch Bundesgesetz geregelt; bezüglich der
1787 3741 2912 3808 Personen, die auf Grund des Staatsvertrages von
1781 3798 2912 3867 Saint=Germain durch Option oder auf Grund einer
1781 3868 2912 3954 bloßen Erklärung gemäß § 2 des Gesetzes vom
