3344 4352
2010 120 2269 205 —.—
1467 187 1926 290 box 36/1
126 192 1316 310 1. Panphlets offorints
876 871 980 944 32
1508 865 1706 949 Schaeffer.
880 953 2345 1041 sie tief schlafend mit schwer geschlossenen Lidern in ihrer Jugendschönheit
878 1038 2331 1109 neben ihm ruhte, da liebte er sie grenzenlos, und je ruhiger sie schlief,
872 1090 2342 1150 je weltabgeschiedener ihr Schlummer, je ferner ihre träumende Seele
879 1154 2331 1217 seinen wachen Qualen schien, umso wahnsinniger betete er sie an. Und
879 1212 2324 1267 einmal, es war in der Nacht, bevor sie den See verlassen sollten, über¬
871 1284 2335 1345 kam ihn eine kaum bezwingbare Lust, sie aus diesem köstlichen Schlafe,
874 1327 2336 1385 der ihm eine hämische Untreu dünkte, aufzurütteln und ihr ins Ohr zu
870 1402 2297 1457 schreien: „Wenn Du mich lieb hast, stirb mit mir, stirb jetzt".
879 1450 2325 1501 Und Marie, die sich von dem schlummernden Kranken heimlich fortge¬
870 1505 2336 1558 stohlen, sinnt: „Ich bin bei ihm, weil ich ihn liebe. Ich bringe kein
877 1566 2328 1618 Opfer, denn ich kann ja nicht anders. Und was soll nun werden?
866 1621 2331 1671 Wie lange wird es noch dauern? Es giebt keine Rettung — und was
872 1680 2337 1744 dann? Ich hab einmal mit ihm sterben wollen — Warum sind wir
869 1739 2328 1804 uns jetzt so fremd? Es ist bald Zeit, zu ihm zurückzukehren.
863 1795 2341 1858 Ist es ihm nur recht, wenn sie bei ihm ist? Würdigt er denn ihre
876 1868 2327 1925 Zärtlichkeit? Wie herb sind seine Worte! Wie stechend sein Blick!
878 1922 2340 1977 Und sein Kuß! Wie lange haben sie sich nicht geküßt! Sie muß an
881 1976 2345 2035 seine Lippen denken, die nun immer so blaß und trocken sind. Sie will
875 2028 2338 2094 ihn auch nur mehr auf die Stirn küssen. Seine Stirn ist kalt und
880 2089 1688 2150 feucht. Wie häßlich das Kranksein ist.
947 2152 2339 2213 Schnitzler ist ein Virtuose der Kunst, die einmal erzeugte Stimmung
874 2220 2340 2286 festzuhalten, scheinbar absichtslos zu steigern und bis zu ihrem Gipfel
867 2273 2324 2340 emporzutreiben. Da ist die kleine Novelle „Abseied“ Erst das
868 2325 2333 2394 bloße nervös machende Warten auf die Geliebte, dann die Ungewißheit
877 2384 2331 2451 ihrer Krankheit, die Furcht, sie könnte sterben, die Kunde ihres Todes,
872 2504 2336 2561 alles geschrieben, daß es uns die Nerven aufregt und peinigt, und duß
878 2580 2341 2633 wir die wenigen Seiten nicht vergessen können. Aber er kann uns auch
878 2622 2327 2685 wie in der „Frau des Weisen“ durch seine musikalische Sprache den
875 2700 2337 2754 innigen Frieden einer dänischen Küste nah bringen. Wie leise und
863 2738 2331 2809 diskret sind da die Farben, und jedes Wort ist von jener stillen
870 2802 2338 2855 Schwermut umzittert, die den armen, gelben Gestaden des Nordens
881 2865 1012 2942 eigen
974 2916 2329 2997 Was Arthur Schnitzler einem starken kommenden Geschlechte sein
872 2976 2332 3030 wird? Man stellt solche Fragen gern, wenn es sich um Moderne
874 3034 2336 3098 handelt. Meistens kommt es doch immer anders, und darum ist es
879 3091 2330 3159 sehr überflüssig, der Zukunft des Kunstempfindens nachzugrübeln. Aber
863 3148 2348 3203 wir Kinder des Heute, wir lieben Arthur Schnitzler, weil er eine
871 3223 2349 3286 Individualität ist, weil in dem Sehnen, in dem Träumen und den Be¬
