3344 4256
1539 210 1976 315 box 36/1
308 215 1468 317 Panphlets offprints
772 972 2168 1073 „EHGGEGGGGGUGGGUEUGGGBHHGGUGGüSHGÖDHGGHGGGGEGE
827 1031 2116 1186 Steteneendence en enseen
750 1146 2174 1244 ANANANNANAMNANES
1140 1496 1738 1624 Irthur Sehnitzler.
1053 1633 1876 1724 Eine Studie von Emil Schaeffer.
1360 1725 1560 1807 (Breslau.)
1791 1800 1957 1872 Motto:
1635 1846 2177 1906 Ah, comme tu analyses tes sen¬
1567 1884 2195 1951 sations, et comme tu es compliqué mème
1548 1933 2191 1998 dans ie moment que tu es le plus eincère
1550 1970 1854 2038 et le plus Cmu
1847 2006 2162 2081 (Maurice Donnay.)
728 2048 2184 2158 A# rau Kunst hatte eben das Leben entdeckt, das ganze rauschende
725 2132 2185 2215 #J= Leben, und rieb sich nun die verwunderten Augen. Sie hatte so
717 2183 2182 2258 lange und so gut geschlafen und angenehm geträumt. Von edlen Fürsten¬
726 2244 2176 2329 bastarden, dämnonischen Malern und großherzigen Millionären . .. Und
721 2307 2178 2396 plötzlich war sie aufgewacht. Ein schneidender Wind aus Norden hatte
718 2368 2180 2454 sie unsanft geschreckt, jäh verflogen die Rosenträume, und mit seltsam
719 2429 2174 2516 prickelnder Wollust hörte und sah Frau Kunst jetzt, was sie nimmer noch
720 2493 2176 2575 geschaut und vernommen. Das Keuchen und schrille Schreien riesiger
720 2547 2182 2604 Maschinen, das müde Murren und die gellen Flüche derer, die um
708 2607 2179 2665 Bettlerlohn an diesen eisernen Ungetümen stöhnten und, wenn die Frohn
705 2667 2174 2728 vollbracht, abgehetzt und verbittert nach Hause wankten in dumpfe Keller
710 2712 2169 2805 oder über schmierige Holzstiegen in den vierten Stock der Hinterhäuser;
718 2773 2172 2845 und auf der Treppe begegneten sie geschminkten Mädchen, die früher auch
709 2852 2179 2928 abends aus der Arbeit kamen und nun erst, wenn es dunkelt, zum Geschäft
710 2909 2161 2964 gehen... Frau Kunst, die staunend die fremde Welt gewahrte, ent¬
699 2956 2170 3039 bot ihre Diener, auf daß sie ihr Kunde brächten von den neuen Menschen,
709 3014 2170 3076 und die nackte, brutale Wahrheit wollte sie wissen, nichts sollte mehr
704 3074 2171 3153 beschönigt und mit bunten Tüchern verhängt werden. Und da nun alle
713 3133 2162 3203 in deutschen Landen den Pfaden der Mühseligen und Beladenen nach¬
699 3187 2163 3281 spähten, davon berichteten in Dramen, Romanen und wilden Versen,
704 3243 2166 3336 erschien, — vier Jahre sind's nun her — ein schlankes Büchlein mit
2071 152 2474 225 —
3179 920 3342 1019 Schaeffer
2707 1036 3352 1148 dem schlichten Titel „Anatol
2706 1092 3051 1169 Schnitzler.*)
2800 1150 3351 1238 Und alle jene, die sich nic
2712 1223 3351 1299 mit dem traurig=heiteren Läche
2699 1274 3352 1360 denen die verhungerte Proletari
2710 1327 3344 1409 sich's froh, daß der junge Wi
2702 1383 3338 1474 heimliche Töne anschlage, wie
2702 1448 3344 1532 trauen möchte, und daß es se
2688 1510 3353 1581 Buch für die Künstlichen, die G
2786 1566 3353 1648 Und die so sprachen, hat
2692 1619 3342 1699 Gedicht, wie die anderen damal
2701 1678 3329 1769 Pathos, lodernde Leidenschaft
2688 1741 3353 1826 verzückten Rausches, kurz — oh
2679 1796 3353 1880 Titel, der so graziös klingt und
2689 1857 3352 1945 am Ende einer Kultur erscheine
2678 1914 3332 1993 die großen kompakten Worte
2680 1971 3344 2057 werden, und die Seele sich aus
2687 2036 3353 2114 zart=violette Dämmerdunkel der
2684 2096 3351 2189 halluzinieren, ins Unwirkliche z
2683 2152 3341 2237 Hermann Bahr das dumpfe
2677 2214 3337 2289 Anatol würde diese Forderung
2668 2267 3342 2347 halben, streichelnden Farben und
2674 2330 3353 2418 die schon die leifeste Anderung e
2752 2389 3346 2471 Die so Gedichte leben, scheinb
2676 2454 3353 2542 man findet sie überall, in allen C
2681 2509 3339 2583 „guten Europäer“, weil wir die
2674 2572 3344 2639 beten zur schönen Pose, verwend
2681 2627 3352 2705 Ausgestaltung ihres inneren und
2669 2684 3293 2761 nach Unkultur, Natürlichkeit, —
2659 2750 3342 2812 des späten Hellenismus alle Decad
2671 2806 3352 2878 so sehr jenseits aller Völker= und
2670 2855 3343 2937 schiede machen sich auch bei ihn
2671 2918 3341 2996 artistische Moment stark hervor,
2660 2980 3342 3059 Sinne, im Norden sind es tieftrat
2663 3042 3341 3111 Mitte zwischen Rom und Christ
2662 3086 3350 3185 Melancholiker“, wie sich Anatol e
2759 3175 3353 3244 *) Bisher erschienen in Buchforn
2664 3220 3353 3296 „Sterben“, sämtlich im Verlag von S.
2654 3274 3352 3378 zeitgenösischer Novellistik Bd. 1. Verlag
