3344 4224
206 202 270 280 1
2120 137 2337 216 —
577 202 635 269 1
1544 187 1967 292 box 36/1
284 203 1380 301 Pannets offorints
1529 976 1862 1046 Arthur Schnitzler.
2333 985 2434 1048 25
223 1058 494 1138 sieben Seenen
1065 1060 2421 1149 Schnitzler, der Enkel, hatte es leichter als der Ahne. Er brauchte
254 1124 498 1197 Steuerbogen
966 1137 2425 1205 das süße Mädel nicht mehr um zweitausend Jahre zurück zu datieren und
267 1187 503 1258 nicht. Als
967 1198 2421 1267 nicht nach Lesbos und Sestos zu verpflanzen, Anatol muß nicht mehr den
263 1243 497 1314 ner anderen
975 1252 2419 1327 Hellespont durchschwimmen, sondern kann ruhig zu seiner Hero gehen,
329 1307 501 1369 eln, der
962 1315 2421 1369 die jetzt Mizi heißt, in ihr kleines Zimmer, wo die verblaßten Kupfer¬
336 1359 504 1433 ht sehen
967 1372 2422 1439 stiche hängen, und vom Fenster sieht man den Garten gegenüber, der
307 1419 483 1491 Märchen¬
965 1423 1627 1504 im Frühling blüht und duftet.
407 1483 474 1541 Em¬
1066 1500 2418 1563 Hier findet Anatol ein bleiches Glück in Moll, bei ihr, die ihn
427 1547 499 1600 um
972 1565 2425 1635 nicht versteht, nicht fascinierend schön, nicht besonders elegant ist, und
378 1596 497 1658 atols.
968 1615 2424 1694 nur den Geist eines Mädchens hat, das zu lieben weiß. Sentimentalität
366 1656 505 1724 dieser
968 1678 2425 1734 in der Schilderung der Mädchen, die Anatol liebt, und die Tischlermeister
965 1738 2422 1797 heiraten, diese gefährliche Klippe wußte Schnitzler glücklich zu umsegeln,
972 1796 2417 1853 und er hat auch durchaus nicht bloß diese eine Note, wie man ihm vor¬
403 1832 490 1895 Blick
972 1857 2413 1922 geworfen; er kennt die Dirne, die mehr oder weniger verborgen im
390 1890 489 1959 ysiert
971 1911 2414 1960 Weibe schlummert, er weiß, daß die von Ballettkultur nur leis über¬
405 1956 492 2012 eine
964 1974 2425 2028 tünchte Vorstadt ordinär und impertinent sein kann, und er vermag auch
407 2007 491 2083 sten
974 2034 2434 2107 die Mondaine zu zeichnen, die wohl lieben möchte wie die süßen Mädel
967 2083 1595 2162 und nicht den Mut dazu hat.
438 2134 494 2196 er
1064 2158 2406 2218 Warum man noch keine dieser prachtvollen Scenen aufgeführt?“)
410 2190 494 2251 und
958 2220 2421 2280 Die Theaterdirektoren wissen meistens, was sie thun, und kennen das
422 2249 495 2313 der
964 2273 2419 2334 Publikum. Und wenn sie vielleicht Schauspieler besitzen, die solche
440 2309 497 2380 n,
968 2335 2423 2394 Dinge schon spielen könnten, die nur Stimmung, Grazie und Parfum
966 2389 2414 2452 sind, so haben sie noch lange kein Publikum dafür. Es ist, wie in den
975 2452 2418 2520 Ausstellungen. Vor kleinen Aquarellen und Pastells bleiben nur die
973 2505 2405 2568 Kenner stehen. Baut man einmal jenes Theater, das alle Künstler¬
969 2573 2408 2627 menschen so heiß ersehnen, ein Théätre intime, wo es keine geistige
440 2605 496 2663 nt
962 2627 2413 2684 vierte Galerie giebt, und alles nur erster Rang ist, dann wird man vor
310 2661 371 2726 ges
378 2657 492 2733 reift,
974 2694 2419 2760 entzückten Zuschauern auch die Anarolscenen darstellen. Heute darf man
317 2717 504 2793 ionischen
962 2748 2425 2812 dies nicht hoffen: Kaviar bleibt eben inmer Kaviar für das Volk, und
264 2775 492 2845 rn meistens
969 2800 1716 2875 das macht leider die vollen Häuser.
251 2831 487 2907 Mädel“.
1061 2873 2411 2936 In einer Scene, die „Denksteine“ heißt, schwört Emilie ihrem Anatol,
249 2894 491 2965 fand es nur
964 2922 2415 2989 jede Stunde, die sie vordem erlebt, sei durch seinen Kuß bedeutungs¬
236 2952 488 3020 ernüchterte,
958 3002 2415 3069 los geworden, jeder Mann ihrem Gedächtnis entschwunden; nur den
247 3005 491 3082 üßes Mädel
966 3049 2412 3106 Augenblick, der sie zum wissenden Weibe machte, den könne sie nicht
177 3066 494 3137 sihnen stammen
965 3105 2418 3166 vergessen. Und Anatol antwortet: „Und du siehst nicht ein, daß mich
182 3122 490 3202 bei Grillparzer
177 3188 507 3253 hachen vor dem
1052 3221 2413 3278 *) Zwei dieser Seenen sind im vorigen Winter vom Theater der Litterarischen
200 3246 505 3329 g, anstatt dem
955 3276 2418 3335 Gesellschaft in Leipzig unter der vortrefflichen Regie des Herrn Dr. Carl Heine
970 3319 1658 3390 mit großem Erfolge aufgeführt worden.
2065 3320 2418 3395 Die Schriftleitung.
