3392 4352
696 145 1051 211 aehrtin
122 138 1607 264 9.2. Die Gelaransn, box 14/7
2237 8 3131 87 Keeeheesee uen scesegeune n sche e  he
1803 69 2994 155 maßen nur einen Monolog zu sprechen, den zwei Personen
1800 113 2989 192 erläuternd und klarend unterbrechen. Am Ende bleibt sein
1795 149 2991 219 Spiel für etliche Minuten stumm und wird zu einer!
1793 192 2981 283 Art von kurzer Pantomime; und gerade hier wirki er
1782 252 2994 327 mit gleicher Intensität, wie ein Schauspieler, der
1782 282 2993 369 eine große Rebe mit flammenden Säßen schließt. Die
1788 329 2979 391 Einfachheit triumphiert; man ist versucht, von einem Raffinement
1779 372 2984 461 der Einfachheit zu sprechen, in der Herr Sauer an der Bühne
1783 412 2983 493 der Gegenwart seinesgleichen vielleicht vergeblich suchen würde.
1867 466 2978 531 In die Stimmung der Trauer ist das Schauspiel gehüllt.
1776 497 2982 582 Denn Professor Robert Pilgram hat eben seine um zwanzig
1776 546 2971 619 Jahre jüngere Frau durch einen jähen Tod verloren. Noch
1772 586 2980 659 klingen die stillen Schauer des Begräbnisses nach. Doch schnell
1770 635 2974 717 soll über den Witwer ein niederschmetterndes Erkennen kommen.
1774 666 2973 758 Durch eine Freundin seiner verstorbenen Gattin, durch Briefe,
1773 725 2975 780 die diese zurückbegehrt, wird dem Professor nach und nach be¬
1772 760 2977 847 stätigt, was er lange wußte: seine Frau hat ihn betrogen, mit einem
1777 798 2971 868 jüngeren Gelehrten betrogen, der Pilgrams Schüler und
1769 845 2976 926 Freund ist. Pilgram versteht, begreift und würde auch ver¬
1776 893 2973 966 ziehen haben, wenn die beiden zu ihm gekommen wären und
1769 943 2981 1016 gebeten hätten, sie frei zu lassen. Schlimmeres aber noch wird
1771 974 2970 1058 dem Professor offenbar. In später Abendstunde erscheint, aus
1762 997 2965 1103 einem Seebad herbeigeeilt, jener Freund, um dem Professor
1765 1055 2969 1141 kondolierend die Hand zu drücken. Ein geschickt gesteigertes
1762 1106 2967 1192 Gespräch entdeckt, daß der junge Mann bereits seit Jahr und
1770 1148 2970 1233 Tag eine Verlobte besitzt. Das raubt dem Professor Pilgram
1765 1200 2965 1281 die Fassung: denn somit ist seine Gattin ja nur für jenen eine
1764 1238 2971 1317 untergeordnete, eine lediglich genießende Geliebte gewesen! Er weist
1759 1281 2961 1360 in aufbrausender Entrüstung dem bisherigen Freunde die Tür.
1767 1331 2967 1401 Dann ein kurzer innerer Kampf, und Pilgram gewinnt sich
1757 1373 2965 1447 selbst zurück, schüttelt das Vergangene wie etwas Ekles ab und
1759 1421 2964 1494 verschließt das Zimmer seiner Frau, gewillt, auf längerer Reise
1753 1453 2251 1512 vollends zu überwinden.
2335 1476 2962 1532 Wie nun Herr Sauer diesen
1757 1496 2957 1582 Professor Pilgram darstellte, wie er alle Phasen seines seelischen
1760 1545 2971 1625 Ringens zu packender Wahrhaftigkeit werden ließ, wie dieser
1756 1592 2951 1661 feingeschnittene Kopf, dieses seltsame Blicken der Augen, dieser
1753 1640 2951 1716 ganze vornehme Gestus zu überzeugenden Ausdrucksmitteln und
1751 1684 2962 1754 sprechenden Interpreten für den inneren Kampf wurden, — das
1749 1727 2957 1789 war schlechthin meisterlich, und das wirdso leicht nicht vergessen, wer
1754 1773 2955 1830 es gesehen und gebört hat... Die Freundin der Professorsgattin
1748 1807 2950 1882 spielte Frl. Mathilde Sussin wie ein Verhängnis, das auf
1748 1844 2959 1931 leisen Sohlen unerbittlich naht; und den Schüler und ehemaligen
1758 1902 2962 1979 Hausfreund machte Herr Stieler mit einem Ton der Ver¬
1749 1938 2958 2023 haltung, der das Bewußtsein einer Schuld vernehmlich genug
1752 1985 2954 2059 anklingen ließ. Am Ende des Stückes — der Vorhang senkt
1744 2022 2953 2111 sich über das mondscheindurchleuchtete Zimmer der Ver¬
1751 2073 2887 2150 storbenen, das der betrogene Gatte von außen verschließt:
1745 2116 2973 2198 löste sich die Spannung in lebhaften Beifall auf. Doch der
1760 2226 2958 2313 Verfasser konnte nicht vortreten, da er nicht anwesend war
1768 2298 2569 2353 und die Schauspieler durften es nicht ...
1848 2298 2961 2387 Die Traumdichtung Hanneles Himmelfahr vor
1766 2373 2958 2433 Gerhart Hauptmann folgte. Man hatte sie in einigen
1757 2410 2959 2475 Rollen gegen früher anders besetzt und ihr ein neue
1761 2443 2969 2520 dekoratives Gewand angezogen. Dieses stammte von keinen
1764 2496 2972 2563 geringeren als dem Maler Ludwig v. Hofmann und traf dat
1765 2543 2976 2612 Charakteristische, ohne aber durch besondere Dinge aufzufallen
1764 2567 2988 2662 Als Ganzes machte die Darstellung auf uns einen zu wesen¬
1769 2624 2972 2694 haften, zu körperlichen, zu realistischen Eindruck statt, wie sie
1771 2658 2986 2735 es müßte, zart, poetisch und vom Irdischen losgelöst zu wirken.
1776 2706 2970 2777 Man merkte doch, wie sehr die stete Uebung der Schau¬
1779 2744 2988 2830 spieler des Lessing=Theaters, die moderne Wirklichkeit wieder¬
1775 2786 2984 2867 zugeben, sie des idealistischen Stiles entwöhnt hat. Am besten'
1783 2838 2980 2914 fand sich Herr Heinz Monnard mit dem Worte des Dichters ab.
1769 2896 2985 2953 Er spielte den Lehrer, der dem fiebernden Hannele in der Christus¬
1772 2925 2986 3005 Maske erscheint, und brachte die Rolle vermöge seines edlen Organs
1771 2962 2979 3043 und mit seiner sorglich gepflegten Sprechkunst zu schöner
1783 3023 2994 3081 Geltung. Dem Hannele der Frau Ida Orloff fehlte etwas.
1775 3056 2986 3134 War's das Naiv=kindliche, war's eine gewisse Weihe, die über
1783 3093 2986 3175 dem in selige Gefilde eingehenden Kinde liegen soll? Es
1785 3155 2996 3218 blieb bei einer trefflichen schauspielerischen Leistung, die aber
2262 3183 2995 3251 Sehr eindringlich verkörperte Frau“
1778 3202 2266 3283 ein wenig kalt ließ.
1784 3228 2993 3311 Tri#ch die erste Mutter des Hannele, und eine derb boden¬
1967 3274 2988 3351 Figur war Herr Reicher als Maurer Mattern.
1780 3300 1906 3354 stän
1967 3323 2992 3390 unberührt aber blieb die Phantasie des Zuschauers
1786 3343 1902 3401 Zie
1922 3361 2988 3435 er den drei „lichten Engeln“ der Damen Lynard
1934 3386 2990 3479 und Herterich. Alle übrigen fühlten sich sichtlich
1912 3446 2990 3522 zu Hause, wenn sie auf dem Boden der Erde hafteten,
1903 3492 2992 3563 un sie in die Welt der „Traumerscheinungen“ zu treten
2527 3523 3000 3601 r fleißig vorbereiteten
1985 3546 2493 3617 Jedenfalls fehlte es
1888 3586 2993 3660 rgabe des eigenartigen Werkes nicht an Teinahme
1919 3633 2268 3712 der Hörerschaft.
