3392 4352
985 196 1436 287 box 14/6
373 206 863 280 Paracelsus
117 213 934 323 9.1 4
705 668 1152 763 Tolephon 12801.
314 757 1536 837 Alex. Weigl’s Unternehmen für Zeitungs-Ausschnitte
1244 824 1532 904 Ausschnitt
543 848 1227 979 „OBSERYER“
1372 880 1509 974 Nr.
207 970 1584 1039 L. österr. behördl. conc. Bureau für Zeitungsberichte u. Personalnachries
435 1026 1439 1113 Wien, IX/1, Türkenstrasse 17.
611 1095 1250 1178 - Filiale in Budapest: „Figyelö“ -
214 1144 1582 1223 Vertretungen in Berlin, Chicago, Genf, London, Newyork, Paris, Rom, Stockht
213 1303 748 1392 Ausschnitt aus:
824 1292 1513 1448 das Hielne Journal (Berlin)
217 1429 791 1528 o7
729 1734 1180 1821 * Schiller=Theater.
459 1815 1546 1889 Um ihren Abonnenten auch noch die letzten Wochen der
372 1864 1543 1932 Spielzeit möglichst zu versüßen, hatte die Direktion gestern gleich
367 1905 1542 1958 vier Einakter aus dem Füllhorn der erworbenen „Alt¬
364 1944 523 2004 heiten“
518 1957 1546 2019 — Neuheiten giebt's im Schiller=Theater bekanntlich nicht
376 1998 1544 2043 oft — über die neugierigen Zuschauer ausgeschüttet. Mit be¬
375 2039 1533 2105 sonderem Dank ist die Wiederaufführung von Arthur Schnitz¬
371 2079 1531 2140 ler's Versspiel „Paracelsus“ anzuerkennen. Die geistvolle
364 2135 1529 2186 Komödie überragt die übrigen Einakter, die sie begleiteten, um
371 2168 1536 2231 Haupteslänge. Arthur Schnitzler ist nun einmal der originellste,
375 2210 1594 2277 phantasievollste und gestaltungskräftigste unter allen Schriftstellern jsif
231 2188 332 2280 Für
368 2259 1522 2296 des letzten Dezenniums. In der Art, wie er in „Paracelsus“
1519 2262 1609 2309 t0
336 2295 1594 2364 2 einen dummen Philister von einem klugen Kopf verspotten und lbs
342 2335 1595 2410 5 in ärgste Seelenbedrängniß bringen läßt, ist er ebenso lustig wie 214
251 2387 1582 2454 „ 10 gedankenreich. Wie Calderon in seiner wundervollen Dichtung das st#
369 2426 1518 2491 Leben einen Traum nennt, — „und was sie sind, das träumen alle“ —
226 2472 1525 2535 Abonne so ist für den Paracelsus Schnitzlers das Leben ein krauses, räthsel¬
229 2512 1529 2578 Abonn volles Spiel. „Wir spielen Alle! Wer es weiß, ist klug.“ Und
359 2566 1597 2623 mit satirischem Lächeln läßt der Dichter zum Schluß den Dummen end
362 2609 1600 2652 das Glück haben. Der brave Waffenschmied Cyprian behält rg
223 2604 370 2675 Inhalt
247 2653 1600 2714 hlät unversehrt sein schönes Weib, das ihm nur in träumender #tw
245 2691 1608 2751 wodur Hypnose untreu gewesen. Das Versspiel that gestern ebenso seine attl
243 2731 1590 2790 Leben Wirkung, wie vor drei Jahren im Deutschen Theater. ##
241 2780 1528 2835 theilm Rudolph Lettinger gab den Paracelsus mit dominirender
373 2823 1529 2886 geistiger Ueberlegenheit, die auch den richtigen melancholischen
361 2871 1528 2915 Beiklang des schmerzlichen „Ignorabimus“ hatte. Max'
359 2900 1523 2970 Pategg lieh dem Cyprian, eine täppische Gut¬
360 2960 1523 3024 müthigkeit, die mit der Dummheit des Waffenschmieds einiger¬
364 2994 1527 3063 maßen versöhnen konnte. Marianne Wulf gab die
360 3036 1521 3095 Justina sehr nett, nur hätte sie etwas temperamentvoller sein
352 3089 1522 3155 können. — Neben dem „Paracelsus“ verblaßte Hugo von
350 3116 1531 3195 (Hofmannsthal's Einakter „Der Thor und der
359 3171 1526 3226 Tod“, dessen Bekanntschaft uns zuerst die Secessionsbühne ver¬
360 3216 1524 3282 mittelt hat, recht erheblich. Es ist so billig, Stimmung zu
355 3256 1524 3306 machen, wenn man den Tod auf die lebendige Bühne citirt, und
362 3305 1520 3368 daß der Tod in diesem Falle Geige spielt, ist schließlich auch
357 3338 736 3409 nicht allzu originell.
733 3341 1521 3409 Hofmannsthal schreibt schöne Verse, aber
346 3396 1529 3452 gedanklich ist er in dieser kleinen Dichtung doch nicht viel mehr
355 3440 1515 3496 als ein etwas angesäuerter Duodezfänstling. Die Herren
357 3483 1510 3539 Lettinger und Steinrück gaben die Titelrollen,
357 3528 1522 3584 ohne daß der eine allzu thöricht und der Andere allzu
346 3566 1521 3621 tödtlich wirkte. — Max Dreyer's harmlose Komödie
358 3608 1508 3662 „Unter blonden Bestien“ eröffnete den Abend und
348 3652 1523 3715 Ernst Wichert's noch harmloseres Lustspiel „Post
348 3691 1525 3753 festum“ beschloß ihn. Else Wasa gab der jungen Frau
348 3745 1540 3790 Juga in dem ersten Stückchen einen interessanten Zug frähtiger
353 3773 1515 3827 Pikanterie, im Uebrigen machten sich die Herren Paeschke,
357 3813 1521 3888 Kuhnert, Rickelt und Pategg um beide Sächelchen
347 3858 632 3937 wohl verdient.
1327 3863 1530 3943 Sch.
2101 583 2567 666 Telephon 12801.
1731 663 2939 750 Alex. Weigl’s Unternehmen für Zeitungs-Ausschnitte
2689 718 2947 794 Ausschnitt
1670 748 1770 863 10
2775 758 3021 860 Nr. 97
1954 731 2649 881 „OBSERYER“
1621 845 3060 953 L. österr. behördl. conc. Bureau für Zeitungsberichte u. Personalnachrichten
1836 910 2843 1020 Wien, IX/1, Türkenstrasse 17.
2022 988 2641 1075 - Filiale in Budapest: „Figyelö“
1644 1045 3063 1135 Vertretungen in Berlin, Chicago, Genf, London, Newyork, Paris, Rom, Stockhelm.
2227 1156 2976 1283 Baliner Teusste Nachrichten
1647 1200 2167 1286 Ausschnitt aus:
1641 1353 2220 1440 vom: 227 5779 L
2892 1565 2950 1634 7
1754 1509 2945 1690 en ereher sien in Getensate unren Sstall
1688 1580 2901 1750 Pen erde ien de erden Weie esen un
1700 1638 2867 1803 Prete Seieitrsetice ierelnsetenee
1702 1629 2936 1831 er eren Weie Wirden verte. Sen den Sesenel
1704 1689 2947 1877 aun den un ue ie er en erster Senel
1706 1741 2926 1902 sutz“: ErnstWicherts „Post festum“ — waren bereits an anderen
1696 1770 2964 1946 Berliner Bühnen heimisch, bevor sie an das Schiller=Theater ge¬
1697 1818 2965 2000 nie den de helesge une der verete We
1697 1901 2935 2039 tersuchung auf Werth und Unwerth der dramatischen Arbeiten
1704 1948 2930 2076 kann ich deshalb absehen. In der flott zugespitzten Komödie
1716 1974 2926 2125 Dreyers fand Else Wasa Gelegenheit, ein feines und sicheres
1651 2017 2935 2175 Fa Talent für Konversationsrollen zu bekunden. Sie zeigte kluges
1682 2064 2926 2209 „ Abwägen, Gewandtheit und künstlerischen Takt, Eigenschaften,
1691 2089 3062 2250 , die der jungen, schlankgewachsenen Künstlerin eine stärlere Beach¬ zire
1721 2154 3024 2293 tung eintragen werden. Max Pategg siegte durch sein herz=] 2o.
1730 2173 3065 2314 erfrischendes Lachen. — In Hofmannsthals lyrischen: Gedichtbar
1677 2254 1730 2293 3
1734 2230 3075 2359 „Der Thor und der Tod“, das nur dann das Licht der Bühne ver= sorans.
1689 2292 1739 2344 „
1651 2256 2934 2406 Abotragen kann, wenn es mit stiller Zartheit und einsacher Größe
1655 2294 3100 2452 Abonngefaßt wird, hatte Albert Steinrück die Linienführung jst des
1734 2332 3099 2475 und den Stimmungsgehalt des verträumten Dichters al tiefsten jes den
1721 2376 2949 2506 verstanden. Sein „Tod“ war die Leistung eines Künstlers, der
1667 2393 2965 2567 Inhzüber das bloße Rollenstudium weit hinausgreift und aus dem
1661 2457 3103 2615 direigenen Innern schöpferisch die Züge seiner Gestalten holt. Dieser jad die
1672 2490 3094 2646 wacle= Tod“ hatte etwas Monumentales, er war, plastisch gesehen, insgen¬
1663 2533 3102 2694 Lehgder Bewegung von erhabener Größe und in der Sprache zwingend. stung")
1672 2571 3114 2729 theil Ich habe bereits zu verschiedenne Malen auf diesen jungen Kunst=tliche
1767 2609 3115 2747 ler hingewiesen der heute schon die Grenzen des Durchschnittss Mit¬
1770 2649 2963 2788 längst überschritten hat. Rudolph Lettinger als
1774 2689 2966 2824 Claudio mangelte es an der Einfachheit des Poetischen. Die
1774 2730 2957 2857 Stärke seiner großen Begabung gravitirt nach der Charakter¬
1778 2759 2985 2909 seite. So schuf er in Schnitzlers „Paracelsus“ als ärztlicher
1771 2811 2991 2949 Hypnotiseur eine Figur von scharfer und interessanter Prägung,
1778 2846 2998 2985 Bider gab Pategg den Waffenschmied Cyprian, bei dem die Ge¬
1784 2879 3000 3018 sundheit die Intelligenz ersetzt, und in rührender Lieblichkeit
1778 2919 2977 3066 spielte Marianne Wulf die Gattin. Georg Paeschk
1776 2964 2990 3096 wirkte an diesem Abend wieder zu zappetig. In Wicherts guten
1791 3002 2982 3145 alten Lustspielchen „Post festum“ beherrschte lediglich Han
2301 3039 2999 3134 Sein zerstreuter Profesfor war ein
1796 3104 2260 3181 Kuhnert die Szene.
2811 3118 3006 3190 R. II/
1799 3085 3005 3213 Studie ersten Ranges und trug dem Künstler den Jubel der
1797 3194 2123 3284 Publikums ein.
