3392 4352
1227 151 1652 252 box 14/7
579 162 1066 235 Gefaehrtin
166 175 1082 272 9. 2. D 1   ne
787 560 1964 641 seine Freundin Olga Merholm zu einer schnellen
128 576 755 653 Knnen und doch auch wieder ge¬
140 622 755 690 rfließen zu lassen. Das letztere
778 627 1958 683 Operation und weist ihm nach, daß seine verstorbene Frau
150 676 767 724 ing=Theaters und seinen
785 662 1963 720 von der Gemeinheit ihres Liebhabers wußte, mit ihr zu
149 714 762 776 rinnen am besten — Das rohe
784 707 1983 762 verkehren, trotzdem er halb und halb anderwärts gebunden
776 750 1959 812 war — So findet der zwiefach Getäuschte sich selber wieder,
154 750 755 811 die ersten Visionen des tod¬
783 792 1972 853 und mitt einem befreienden Aufatmen nimmt er von der
144 797 757 858 nmystischen Halblicht gehalten
791 839 1966 900 miasmenschweren Vergangenheit Abschied, um einer ozon¬
132 842 767 912 ander der Gesichte und des
778 883 1416 943 reinen Zukunft entgegenzusteuern
144 884 757 948 zum Teil jeder Gefühle baren
861 911 1845 986 Oskar Sauer war der Beschützer des Dichters —
652 930 767 984 aber
154 930 644 989 eine gute Mischung. Als
783 938 1983 1042 und die immer größer werdende, wachsende, reifende Ma¬
132 972 761 1017 kinnliche Element überwog, als
150 1024 769 1073 s=Lehrer in den Fieberphantasien
1419 1009 1904 1079 Josef Buchhorn.
773 995 1144 1083 thilde Sussin.
146 1066 781 1121 imel in eins verschmolzen, da
161 1097 763 1163 denn nun trat, trotz aller Be¬
136 1140 761 1197 ters, die Mache scharf vor die
147 1183 767 1245 erreichen Rhythmen vermochten
150 1242 758 1289 Leere, die sich klaffend zwischen
136 1277 774 1327 igen des Dichters gelegt hatten,
146 1318 763 1376 eistungen fiele das, soweit das
146 1357 773 1427 le Ida Orloffs, die gütig¬
144 1410 763 1467 tathilde Sussins und der
148 1436 771 1510 einz Monnards besonders
136 1490 758 1554 häusler waren von einer charak¬
147 1539 763 1594 laubigten aufs neue die große
146 1571 765 1635 iner Ida Wüst, eines Karl
150 1619 266 1675 ner,
267 1623 772 1680 die über ihre Aufgabe
147 1669 767 1739 leschke, den Hanke zu Typen
145 1731 761 1814 us ging einer jener Akte von
135 1799 767 1846 auf Stil und Stimmung gestellt
143 1839 762 1901 ie der Ausklang einer schwülen
146 1883 768 1931 chtend = hell ein junges, frisches
145 1929 771 1983 hlen ist da nicht viel — Nicht
156 1969 779 2022 rdie Hauptsache, sondern das
2228 1986 2612 2084 Telephon 12.801.
146 2013 769 2069 s“ entwickelt, wie er es wirkt
164 2058 774 2117 hinter dem ein kurzes Glück
143 2099 775 2168 nteil an den Freuden des Da¬
2291 2104 2377 2172 44
163 2139 769 2194 zu zahlen hat — Nicht da
1737 2141 2354 2231 „ODSEITER
179 2180 762 2246 er die sichere Gewißheit hat,
1524 2205 2603 2289 # österr. behördl. konz. Unternehmen für Zeitungs-Ausschnitte
143 2227 759 2294 em Assistenten hintergeht, davon
160 2265 764 2324 s abseits Stehenden und auf¬
1645 2270 2486 2369 Wien, I., Concordiaplatz 4.
242 2312 771 2379 aber als er erfährt, daß
1839 2354 2280 2427 Vertretungen
151 2350 761 2417 sein Weib, das nun tot ist,
157 2389 776 2467 Mann und wächst sich zum
1527 2387 2604 2469 in Berlin, Budapest, Chicago, Christiania, Genf, Kopen¬
145 2441 763 2508 Dieser Augenblick könnte ein
1527 2454 2606 2522 hagen, London, Madrid, Mailand, Minneapolis, New-Vork,
1562 2492 2549 2537 Paris, Rom, San Francisco, Stockholm, St. Petersburg.
146 2489 766 2553 werden und ihm die bis dahin
1879 2533 2264 2594 lienangabe ohne Gewähr).
146 2528 766 2594 m seine trenlose Gefährtin in
145 2575 777 2651 otlicht weisen — Darum schreitet
1522 2577 1907 2658 Ausschnitt aus:
1668 2641 1971 2737 2 867 1909
1515 2680 1649 2748 vom:
1687 2650 2524 2823 „Nrun-Freie Presse, Wien
1669 2828 2654 2901 Aus Berlin wird uns gemeldet: Artur
1498 2885 2657 2928 Schnitzlers einaktiges Schauspiel „Die Gefährtin“
1509 2929 2659 2986 gheme züm erstenmal im Lessing=Theater in
1512 2973 2652 3020 Szene. Das Stück fand außergewöhnlich starken Beifall, ebenso
1549 3020 2651 3092 e glänzende Darstellung des Vertreters der Hauptrolle,
1493 3057 1867 3119 Herrn Sauers.
1645 3080 2166 3166 N.# 0 a ##1 „
