3392 4352
424 174 888 243 aracelsus
1036 177 1462 263 box 14/6
165 174 905 289 9. 1. A
649 568 1309 685 endairet anersenehferen an
648 611 1464 761 BERLIN SO 16. RUNGESTRASSE.
537 694 1564 827 Bearbeitet die deutsche und auslandische Presse auch auf Inseraste.
531 748 1563 871 Liefert Listen über geplante Bauten aller Art. Geschäftseröffnungen.
879 801 1224 862 Festlichkeiten usw.
630 880 1470 1042 Deutsche Tages=Zeitung
708 977 1370 1055 Morgenausgabe — Berlin SW. 11
801 1032 1250 1111 Ausschnitt aus der Nummer vom¬
1008 1076 1433 1170 Su MA 224
401 1199 1550 1308 Moissikult im „Deutschen Theaker“.
427 1312 1591 1378 Das „Deutsche Theater“, einst eine Pflegestätte für Kunst¬
341 1349 1597 1403 werke, lebt zurzeit von der Beliebtheit einzelner Künstler.
351 1387 1581 1459 Das ist bequemer für die Leitung und segensreicher für — die
341 1433 1587 1486 Kasse. Aber die Kunstpflege selbst geht dabei zum Teufel; denn
346 1487 1586 1563 die Rampenlichtgrößen wählen sich ihre Rollen aus, und zwar
349 1527 1589 1600 nach penönlichen Gesichtspunkten. Die Kulturarbeit des Drama¬
345 1568 1588 1625 turgen het zu schweigen. Bassermann und Moissi beherrschen seit
342 1615 1591 1676 Wochensen Kaum. Ihre Anbeter ziehen in Scharen zur Huldigungs¬
346 1654 1589 1729 stätte und be###den einen Götzenkult, der als geschmackwidrig polizei¬
349 1698 1588 1749 lich##soten Verden müßte. Vorgestern war es Bassermann, gestern
350 1742 1589 1802 hatte Moissikdas Wort. Er wählte Schnitzler und Tolstoi. Das
344 1789 1581 1846 liegt seinem lyrischen Singsang entschieden besser als Grillparzer,
349 1822 1591 1878 der doch zuweilen auch innere Kraft verlangt. Schnitzlers kleines
349 1865 1589 1939 Versspiel „Paracelsus“ ist eine launige Satire auf mensch¬
347 1901 1585 1971 lichen Hochmut und menschliche Beschränktheit. Der „Wunder¬
352 1948 1580 2001 doktor“ Paracelsus hat es leicht, mit den Menschen sein Spiel zu
345 1994 1584 2062 treiben. Das Wunder seiner Kunst besteht einfach darin, daß er
352 2035 1581 2105 ihre Schwächen durchschaut und ihnen daraufhin mit hoypnotischer
340 2087 1579 2143 Kraft seinen Willen aufzwingt. Das ist hübsch und dramatisch
352 2126 1578 2189 aufgebaut, wenn auch die schwermütige Ergebenheit gegenüber
346 2167 1579 2243 menschlichen Leidenschaften etwas unbehaglich stimmt. Aber das
353 2214 1579 2275 Bewußte und Selbstbewußte der Rolle des Paracelsus liegt der
341 2255 1574 2318 spielerischen Art Moissis. Hier kann er Kopf und Augen ver¬
349 2288 1587 2349 drehen, die Gesichtszüge nach Belieben falten und glätten, mit
347 2327 1587 2400 Worten und Stimme jonglieren. Man nimmt es als Gaukelspiel
353 2388 1580 2449 der Darstellungskunst und bemüht sich gar nicht, Herz und Gemüt
343 2424 1584 2502 zu strapazieren. Sehr viel echter und ergreifender war sein
348 2461 1573 2516 Gegenstück, der grobklotzige Waffenschmied Walter Brandts.
348 2516 1566 2564 Die Entwicklung vom Brutal=Selbstbewußten zur Angst und
357 2548 1577 2625 schließlich zu nachdenklicher Bescheidenheit vermochte in ihrer
373 2597 1195 2670 Schlichtheit geradezu menschlich zu ergreifen.
420 2694 1587 2780 Dann der Schulmeister Leo Tolstoi, der nach genauem
357 2743 1583 2812 Schema — Punkt 1, 2 und 3 — die Menschen erziehen will. „Er
348 2787 1592 2844 ist an allem schuld. Der Alkohol nämlich. Er macht den
350 2829 1588 2901 kindlich=gutmütigen Kraftmenschen Michaila zum Rohling, den
356 2860 1580 2932 Blücks= und Freiheitsschwärmer Moissi zum „Expropriateur, was
359 2913 1589 2967 man gemeinhin Dieb nennt. So meint Tolstoi. Er hat aber noch
357 2953 1584 3009 mehr gute Lehren auf Lager. So beispielsweise: Sei nicht vor¬
359 2988 1581 3025 tilig in deinem Urteil. Oder: Vergelte Böses mit Gutem. Und
357 3026 1579 3059 schließlich: Nehmt dem Menschen nicht das Menschentum. Das
352 3048 1586 3110 steht alles recht trocken und ohne rechte Handlung nebeneinander.
354 3104 1584 3147 Das Schlimmste aber bleibt der Alkohol. Der soll „an allem
361 3140 1591 3187 schuld“ sein. Ob nicht das alte kluge Mütterchen der Sache sehr
363 3178 1581 3235 viel näher kommt, wenn sie meint, das Schlechte liege wohl im
350 3244 1582 3308 Menschen selbst? Moissi war hier als heruntergekommener
351 3289 1569 3355 Freiheitsheld schlechthin meistehaft. Die haltlose slawische
352 3326 1572 3386 Schwärmerei, ständig schwankend zwischen Schwermut und Aus¬
346 3381 1578 3439 gelassenheit, schlürfte er behaglich wie ein köstliches Rausch¬
347 3428 1566 3471 getrank in sich hinein, ließ sich die Sinne davon benebeln und sie
361 3460 1572 3500 in allen Registern des Sentiments wieder ausströmen. Und
339 3485 1583 3545 wieder war es die Kraftnatur Walter Brandts, der eine
354 3534 1572 3579 Brücke vom Gefühlsüberschwang zum Menschlichen fand. Johanna
348 3569 1570 3635 Terwins stürmisches Temperament rundete die Aufführung in
357 3605 777 3672 glücklicher Weise ab.
413 3625 1575 3699 Nachdem sich die Enttäuschung über das Stück gelegt hatte,
338 3697 1568 3746 tobte unentwegt eine völlig berauschte Schar um ihren Liebling
1383 3725 1573 3810 E. M.
339 3737 520 3805 Moissi.
2026 1194 2713 1319 gpous sahsvergeesden
1849 1290 2360 1417 S
1912 1412 2776 1495 endaures esursenet #rünes-ausenmer-adae
1917 1477 2772 1549 BERLIN SO 16, RUNGESTRASSE 22-24
1820 1545 2857 1602 Bearbeitet die deutsche und ausländische Presse auch auf In###te.
1819 1593 2860 1669 Liefert Listen über geplante Bauten aller Art. Geschäftseröffaungen.
2160 1636 2491 1675 Festlichkeiten usw.
2108 1715 2320 1826 Die
2273 1737 2565 1846 Zeit
2011 1805 2672 1890 Abendausgabe— Berlin SW. 48
2088 1863 2579 1928 Ausschnitt aus der Nummer vom:
2419 1912 2754 2016 4. MAl 82#
1940 2062 2770 2140 *Deutsches Theater. Alexander Moissi,
1830 2090 2791 2192 „em Gast, zu Ehren, gab es zuerst Schnitzlers
1867 2167 2773 2236 Versspiel in einem Akt: „Paracelsus“ eine
1859 2200 2782 2259 kleine wortgewerbliche Arbeit, die heute kaum
1870 2240 2780 2313 noch Reize hat, zumal das Episödchen aus dem
1873 2286 2772 2354 Leben des großen Paracelsus von dem Medizinen
1878 2334 2780 2401 in Schnitzlereinfach zu einer hypnotischen Szeye
1866 2368 2774 2445 gemacht wirh, „die Moissi als ein psychologisch
1870 2429 2773 2469 moderierter S#ali spielte. Vorzüglich aber
1859 2467 2777 2533 war er incolckois kleiner Komödie: „Er ist
1860 2503 2771 2581 an allem schuld“ nämlich der Alkohol,
1857 2549 2777 2624 diesem besten Propagandastück für die Abstinenz.
1860 2607 2768 2659 Namentlich im ersten Akt war Moissi ganz her¬
1871 2638 2776 2714 votragend. Dieses In=sich=selbst=vergnügt=sein,
1860 2673 2793 2755 #e reizende Seelenbeiterkeit des primitiven, ach
1860 2725 2775 2772 so liebenswürdigen Vagabunden, des typischen?
1860 2771 2780 2836 russischen Barfüßlers mit dem etwas schwachen
1863 2800 2770 2874 Kopf, aber dem reichen Herzen, das war be¬
1857 2857 2783 2934 zaubernd menschenecht, und man spürte in jedemf
1867 2900 2770 2969 Augenblick, wie tief der Darsteller diesen russischen
1865 2936 2766 3006 Menschen liebt, versteht und darum auch ohne
1862 2977 2763 3055 Mätzchen und Mimeneitelkeit darzustellen vermag.
1854 3076 2751 3134 Wenn ihn der Alkohol dann aber wieder am
1863 3119 2761 3180 Kragen hat und er pathetisch wird, ist er freilich
1866 3161 2771 3218 wieder der Heldenmoissi, den ich nicht mag. Ein
1867 3204 2764 3269 feiner Charakterkomiker steckt in diesem Schau¬
1860 3250 2761 3313 spieler, wie es scheint. Am Ende gibt er als
1866 3297 2755 3351 selcher noch sein Bestes? — Was um ihn herum
1862 3328 2779 3406 sich bemühte, russische Bauern zu spielen, war
2578 3377 2780 3460 K. 2
1853 3382 2313 3454 fürchterlich mitanzusehn.
