3392 4352
604 170 1049 240 efaehrtin
135 175 1056 276 9. 2 K  G   ninen aunschune enee.
1181 163 1616 247 box 14/7
1812 309 2184 386 Telephon 12801.
2647 379 2743 434 59
2001 412 2698 511 „ODSENVER
1808 469 2906 564 I. österr. behördl. konz. Unternehmen für Zeitungs-Ausschnitte
2002 534 2721 621 Wien, I., Concordiaplatz 4.
2205 606 2526 666 Vertretungen
1808 645 2912 705 in Berlin, Budapest, Chicago, Christiania, Genf, Kopenhagen,
1822 714 2919 754 London, Madrid, Mailand, Minneapolis, New-Vork, Paris, Rom,
1988 728 2735 785 San Francisco, Stockholm, St. Petersburg.
2162 778 2566 835 (Qusllanangabe ohne Gewähr.)
1815 863 2232 941 Ausschnitt aus:
2334 855 2932 965 Petersburger Herold
2186 936 2392 1013 3, 1906
1824 965 2181 1037 vom
1958 1002 2978 1089 Oh=#erein Dorrs=—bei seiner Erstaufführung gesiel?
1903 1061 2931 1127 Die wenigen, die dabei waren klatschten; also ja! ...
1929 1114 2979 1166 M. W. M. St. Petersburger Gesellschaft
1896 1157 2983 1200 von Liebhabern dramatischer Literatur.
1908 1197 2982 1246 Am Mettwoch, den 22. Februar 1906, boten uns unsere
1901 1230 2974 1290 „Liebhaber“ 3 Einakter, drei schöne Stimmungsbilder, die
1895 1270 2975 1318 beiden ersten keine leichte Kost, das dritte leicht zu ge¬
1896 1312 2976 1354 nießen, schmackhaft wie die beiden anderen. — Arthur
2104 1356 2983 1402 „Schauspiel die „Gefährtin“ führt uns an das
1890 1360 2976 1436 a#####vorem: Was ist die Liebe? Es paßte zum Buß¬
1887 1430 2977 1473 und Bettag. Frau Professor Pilgram ist zu Grabe ge¬
1890 1467 2978 1514 tragen worden, ein Herzschlag hat ihrem jungen Leben
1898 1507 2976 1537 ein Ende bereitet. Zwanzig Jahre älter ist ihr Gemahl:
1887 1534 2966 1603 er lebte an ihrer Seite der Wissenschaft; und doch „liebte“
1898 1587 2974 1638 er seine Gattin. Er bot ihr nicht viel vom Leben. Re¬
1899 1622 2987 1660 signiert sah er, daß er nicht zu ihr paßte, und entfrem¬
1891 1657 2976 1710 dete sich dem lebenslustigen Weibe immer mehr und mehr. Er
1895 1693 2978 1756 sah sie sich seinem jungen Freunde, dem Dr. Hausmann,
1894 1742 2975 1792 anschließen. Er ließ es der Gerechtigkeit zuliebe geschehen;
1897 1774 2980 1822 denn sein Weib sollte seinetwegen nicht verkümmern; sie
1894 1814 2981 1860 war ja gar so jung, und er ein älterer Mann. Und doch“
1896 1859 2981 1904 sehnte er sich nach seiner Gefährtin; seine Frau war ihm
1895 1889 2978 1938 nur Geliebte. Da starb sie. Und alle Welt erfährt, daß
1900 1935 2975 1996 er sie nicht betrauert; daß er froh ist, nun ganz seiner
1890 1977 2978 2014 Wissenschaft leben zu können; er glaubt das, was die
1894 2010 2974 2055 Welt glaubt, selber. Da kommt es zutage, daß die beiden
1891 2051 2989 2094 perschlossenen Naturen sich nicht verstanden haben, daß er
1881 2092 2968 2129 der unverstandene Mann, sie die unverstandene Frau ge¬
1890 2132 2970 2169 wesen ist, daß sie beide nach gegenseitiger Liebe gelechzt
1883 2165 2978 2222 hatten und doch ihres Eheglücks verloren gegangen sind.
1886 2209 2954 2260 Das Verhältnis zwischen ihr und Hausmann war „nur
1935 2250 2975 2287 #reundschaftsverhältnis; gleichgiltig hat sie die Nach¬
2005 2287 2758 2328 on seiner Verlobung hingenommen; sie
1999 2325 2965 2380 mann Ersatz für die Freundschaft, die Kameradschaft,
1886 2366 2972 2417 die sie bei ihrem Gatten nicht fand und die auch dieser bei
1885 2403 2972 2450 ihr gesucht hatte. Die freundschaftlich einander entgegen¬
1887 2447 2971 2494 gestreckten Hände hatten einander nicht gefunden. Und
1876 2476 2656 2525 doch war sie ihm Gefährtin gewesen; sie
2656 2484 2977 2538 hatte ihn von
1885 2506 2971 2556 seiner Wissenschaft nicht ferngehalten. Sie hatte sich
1879 2559 2601 2604 seiner Liebe zur Wissenschaft geopfert.
2673 2559 2971 2615 Die Darsteller
1879 2591 2974 2647 ließen das Stück bei der Lektüre voll zur Geltung kommen
1885 2638 2962 2694 und verstanden es auch mit dem Buch schauspielerisch zu
1882 2673 2229 2722 interpretieren. —
2230 2676 2977 2731 Die Komödie von Gustav Wied „Eine
1879 2717 2968 2775 Abrechnung“ versetzt uns in ein Greisenheim. Wir glouben
1882 2751 2962 2810 einen Max Liebermann vor uns zu haben. Ein schönes
1878 2796 2948 2845 naturalistisches Werk, Hellmalerei, literarisch sich an
1878 2829 2978 2892 Dickens anlehnend, ein lebenswarmer Humor. Nur einige
1869 2880 2962 2930 kleine Anachronismen. An 60 Jahre lang sind der
1881 2915 2975 2970 ältere Helms und der jüngere Krakau Freunde. Zu¬
1872 2949 2970 3014 letzt leben sie in einem Zimmer im Greisenheim, in
1876 2996 2971 3054 einem Zimmer, das durch eine gedachte Scheidewand, die
1878 3039 2964 3087 „Neutrale“, in zwei Zimmer geteilt ist. So lange sie
1866 3073 2965 3121 Freunde sind, zieht sich auch durch ihre Freundschaft eine
1870 3105 2961 3166 „Neutrale“; etwas liegt in der Luft; je näher sie dem
1863 3135 2959 3198 Grabe kommen, je sensibler und zänkischer sie werden,
1868 3192 2964 3242 um so mehr wetterleuchtets in der Freundschaft. Endlich,
1866 3229 2959 3270 am 80. Geburtstage Helms schlägt der Blitz ein. Fast
1869 3268 2959 3315 60 Jahre lang hat sich Krakau „in dem Thema nicht
1876 3310 2967 3346 vertiefen“ wollen. Endlich reißt ihm die Geduld. Halb
1877 3344 2960 3390 vom Wunsche gedrängt, das Geheimnis nicht mit in sein
1875 3387 2958 3422 Grab zu nehmen, zum Teil auch aus Gereiztheit über die
1868 3426 2951 3464 greisenhaften Schikanen Helms' platzt er mit der Wahr¬
1874 3461 2959 3504 heit heraus: Knud, des Geheimrats und der Tochter
1856 3500 2950 3543 Helms' Sohn, der Stolz des alten Helms', ist nicht der
1867 3546 2964 3595 Enkel Helms'. Der Herr Geheimrat, die Ehre und das
1866 3586 2955 3636 Renommee Helms' im Greisenheim, ist nicht der Schwieger¬
1856 3616 2959 3667 sohn Helms'. Denn seine Tochter ist nicht seine Tochter,
1870 3662 2959 3699 sondern die seines Freundes Krakau. Helms' Gattin
1861 3696 2949 3742 hatte, durch die Filzigkeit Helms' zur Verzweiflung ge¬
1872 3738 2942 3779 trieben, bei dessen Freunde Krakau Trost gesucht und ge¬
1862 3775 2954 3816 funden; die beiden Liebenden hatten keinen freien Willen
1859 3819 2946 3872 gehabt: Wir sehen die Folgen des Blitzschlags. Der alte
1867 3858 2957 3911 Helms kann die Situation nicht mehr erfassen; er fühlt,
1867 3894 2956 3947 daß etwas Fürchterliches gescheben ist, daß Krakau sein
1867 3930 2950 3982 Freund nicht mehr sein kann; er treibt ihn über die
1860 3957 2946 4025 Neutrale. Aber die Gewohnheit der Freundschaft ist
1855 4011 2949 4047 stärker. Zum Hassen ist Helms zu schwach; und Krakau
1854 4045 2943 4094 hat an seinem Geheimnis gelitten und gebüßt; er ist
1851 4095 2946 4143 seinem Freunde aufrichtig zugetan. Und es weichen
1952 4121 2010 4165 So
