3392 4352
395 143 879 221 Paracelsus
138 145 882 257 9.1. J
1018 145 1446 242 box 14/6
2165 153 2847 287 apoas serader ebaden
2065 379 2910 475 SaSaures esursene #evonol-aussennter-sdae
2072 451 2905 531 BERLIN SO 16, RUNGESTRASSE 22-24
1969 523 2977 586 Bearbeitet die deutsche und ausländische Presse auch auf Inserate.
1967 558 2986 620 Liefert Listen über geplante Bauten aller Art. Geschäftseröffnungen.
2306 603 2626 650 Festlichkeiten usw.
2282 687 2656 768 Neue Berliner
2088 743 2866 853 12=Uhr.Mittags=Zeitung
2235 835 2705 904 Ausschnitt aus der Nummer vom:
2398 901 2793 1008 3 - MAl 124
2020 1025 2900 1154 Moissi als Paracelsus.
2086 1165 2845 1238 Erstaufführung im Deutschen Theater.
2067 1244 2937 1333 Alexander Moissi, in Schnitzlers feinem,
2016 1330 2926 1390 klugen Einakter „Paracelsus“, gelangt, wie
2022 1372 2911 1426 immer wennihm Geistiges zugemutet wird, nicht
2022 1416 2920 1484 in die Tiefer des Dichters, so sehr hier die Flüssig¬
2027 1472 2922 1546 keit und Grazides Vorspiels — sollte man
2024 1504 2922 1581 meinen — ihm den Weg erleichtern. Von dem
2020 1572 2926 1624 Dämon und Geistesriesen Paracelsus, der dem
2020 1614 2922 1682 selbstgerechten basler Bürger Cyprian mit einem
2019 1673 2930 1730 Griff in die Dämmerwelten der Hypnose eine tiefe
2023 1726 2926 1787 Lehre von der Unbestimmbarkeit alles Bestimmten
2013 1768 2913 1826 erteilt, bleibt bei Moissi nicht viel mehr als eine
2024 1820 2934 1890 gepflegte geistige Koketterie. Para elsus gibt der 1
2027 1871 2922 1926 Frau Cypvians, Justina, aus der Hypnose einen
2019 1924 2914 1973 Traum mit ins wache Leben: sie habe, einmal, den
2024 1972 2911 2038 Gatten hintergangen. Sie gesteht und bereut, wessen
2017 2015 2919 2088 sie nicht schuldig ist; und die Grundfesten des
2024 2073 2920 2128 sicheren Bürgers wanken. Bis der Wundertäter
2020 2121 2909 2188 den Traum verscheucht. Aber war es ein Traum?
2013 2165 2921 2226 Ist, was tief zuunterst der Seele erlebt wird,
2014 2225 2918 2287 weniger wahr? Ist nicht so wahrhaftig wie die
2025 2269 2917 2329 arme, eingepferchte Welt des kahlen Geschehens
2018 2319 2924 2395 auch die der entfesselten Phantasie, der Träume,
2025 2369 2919 2434 der gefährlichen Sehnsucht — wie Frau Justina,
2026 2414 2920 2477 die gewiß untadelige, sie, auf Befehl des fremden
2022 2464 2929 2529 Zauberers, eine Stunde lang aus ihrer Seele
2024 2516 2932 2597 emporsteigen läßt; zum kalten Schauder, aber
2022 2562 2929 2631 auch zur heilsamen Bekehrung des Gatten? „Es¬
2019 2610 2924 2674 fließen ineinander Traum und Wachen, Wahrheit
2025 2670 2933 2737 und Lüge. Sicherheit ist nirgends . . .“ Nichts
2018 2714 2918 2778 von dem schönen schnitzlerischen Ernst hat Herr
2016 2764 2916 2825 Moissi, nichts von dunkler Größe und gar nichts
2023 2814 2918 2873 von Suggestivität Ein fahrender Gesell mit einer
2024 2866 2924 2932 wohlklingenden Stimme, charmantem Mienenspiel,
2023 2918 2917 2981 sehr viel orientalischer Beweglichkeit des Körpers
2018 2961 2922 3027 und der Hände und einem stereotypen geheimnis¬
2026 3013 2934 3074 vollen Lächeln ohne Geheimnis: das war hier 1
2030 3046 2929 3130 Paracelsus. Selten hat Moissi die Unmöglichkeit
2032 3116 2922 3177 seines Systems, das ihm abgelegene Geistige in
2030 3163 2918 3231 sein Revier, das phonetische, hinüberzujonglieren,
2022 3215 2916 3273 überzeugender dargetan. Dies Auftreiben, Auf¬
2012 3261 2920 3327 quellenlassen der Worte, diese schwelende Gedunsen¬
2024 3326 2910 3373 heit einer Romantik des Singsangs ist das ab¬
2012 3359 2919 3411 solute Gegenteil dessen, was uns not tut: Ver¬
2010 3403 2927 3478 dichtung im Gestalten. Und hat abgelebt; weil
2024 3454 2914 3513 ein zum konzentrierten Empfinden zurück¬
2020 3507 2922 3567 kehrender Instinkt es als künstlerische Unkauterkeit,
2018 3567 2918 3619 als theatralische Schiebung empfindet; was, selbst¬
2024 3608 2922 3662 verständlich, nichts mit der moralischen Wertung
2022 3662 2915 3715 des Vertreters zu tun hat. Man spürt denn auch
2016 3711 2915 3765 unverkennbar, wie Moissi, im breiten Publikum
2018 3742 2917 3826 sogar, an Boden verliert; man merkt, wie seine
2016 3806 2908 3867 Fühlung sich lockert, man hört manchmal schon
2012 3856 2921 3925 unterdrücktes Lachen, findet halbe Parkettreihen,
2023 3913 2915 3965 die ihn eher komisch finden. Nicht so in Tolstois
2022 3964 2921 4017 kleiner Komödie von den Dorfmenschen und vom
2023 3999 2915 4050 Alkohol, „Erist an allem schuld“, die man
2022 4061 2907 4109 hier, mit Moissi, schon kennt und in der er auch
