3392 4352
1205 154 1629 242 box 14/7
739 168 874 236 e
395 174 447 234 0
906 175 1062 270 n
134 174 875 272 9. 2  enenenenene
718 647 1320 731 Feleitta
691 834 1453 925 ammdes kbenos.
687 945 894 1031 eater.
696 1008 1440 1085 Rabensteinerin 7½ Uhr
703 1071 1283 1122 König
1377 1078 1429 1150 2
880 1085 1349 1162 1½
696 1144 1212 1196 Sünde
700 1183 1259 1240 lutionshochzeit
707 1220 1302 1280 s und sein Ring
703 1255 1336 1322 ia Galotti 8
892 1288 1331 1358 5
706 1327 1340 1388 Klubsessel 8
708 1374 1262 1433 eth.
1051 1398 1345 1471 5
715 1419 931 1468 Ehre
712 1440 1350 1495 : von unsere Leut' 8
707 1496 1366 1557 Widerspänstigen Zähmung ... 8
966 1523 1353 1594 5
1297 1562 1338 1612 9
2071 557 2349 639 Montag
1827 631 2499 711 13. September 1909.
1662 770 2532 846 wieder zu sehen.“ Es kamen einige Stunden
1657 823 2530 884 ruhelosen Wartens auf das Vorfahren des
1662 858 2529 923 Wagens, der den Toten bringen sollte. Statt
1658 915 2533 973 dessen ein tosendes Rädergerassel, Janko stand
1662 954 2534 1020 vor ihr. Er hatte getroffen, wo er schonen
1655 999 2534 1051 wollte. „Am dritten Tag kam Janko zu mir,
1666 1038 2529 1103 faßte meine Hände, verbarg darin sein Gesicht
1660 1079 2541 1140 und aufschluchzend stammelte er: Er ist tot! Da
1670 1114 2533 1189 stieß ich ihn von mir. „Geh, ich hasse dich!“ rief
1671 1158 2535 1235 ich und die Welt versank mir in Nacht.“ Was
1662 1209 2535 1269 nicht ausschloß, daß sie einige Monate später
1662 1248 2540 1314 Janko heiratete. Wie sie heute erzählt, aus Mit¬
1664 1296 2543 1362 leid. „Ich sah eigentlich nur meinen armen, so
1673 1336 2546 1409 kranken und bleich aussehenden Janko und mein
1672 1377 2543 1445 Herz dachte an nichts Fröhliches. Anders hatte
1674 1422 2542 1494 ich mir meine Hochzeit mit einem andern Mann
1673 1474 2526 1550 gedacht!“ Janko lebte nurenige Monate.
1680 1510 2538 1583 er war ein Schwinflichtiger und starb nach
1675 1561 2311 1648 fünfmongtlicher Ehe in Bologna.
2048 1611 2334 1712 □ duh.
1669 1683 2561 1795 Beruner Premieren.
1905 1774 2299 1869 Lessingtheater.
2302 1848 2552 1912 Stück „Die
1722 1857 2143 1922 An dem älteren Schn
1675 1895 2550 1965 Gefährtin“ konnte män ###kunst Ent¬
1671 1959 2553 2018 wicklung und Entwicklungsmöglichkeiten er¬
1682 1990 2554 2058 gründen. Oskar Sauer (vielgepriesen,
1671 2043 2545 2113 nie genug zu preisen) ist der Seelenpredigt letztes
1669 2080 2549 2149 Wort. Ein Ja und heilig Amen. Er spricht
1679 2121 2553 2188 mit gleichgültigem Kondolenzbesuch vom Tode
1672 2164 2557 2236 seiner Frau und wir hören, hinter den Worten,
1679 2213 2556 2268 die Melodie seines Lebens. Er erzählt mit
1681 2245 2556 2327 philosophischem Gleichmut der Freundin, die ihn
1678 2299 2568 2362 vor Enttäuschung bewahren kommt, daß er alles
1685 2336 2558 2407 weiß und längst verstanden und verziehen hat.
1679 2375 2563 2451 Und wir sehen, wie in Wahrheit dieser feine und
1685 2433 2566 2496 köstliche Mensch vor seinem Leide kniet und die
1680 2465 2557 2540 grimmige Qual erduldet, dort noch zu lieben,
1686 2522 2566 2578 wo Leichtsinn und Verständnislosigkeit an seiner
1692 2556 2571 2623 Seele achtlos ein Verbrechen begingen. Er schreit
1677 2601 2565 2669 dem ehrlosen Buben seine ganze Ekelhaftigkeit ins
1688 2646 2566 2716 Gesicht, und wie ein Sommervogelsang ertönt in
1688 2690 2560 2761 uns die göttliche Verheißung seines Mitleides
1684 2724 2557 2804 mit selbst dieser Kreatur. Und als er das Letzte
1688 2793 2561 2844 erfahren, daß das Weib, um das er liebte und
1681 2829 2561 2882 litt, nichts besessen als ein Seifenblasengehirn,
1695 2879 2565 2928 da geht er schweigend hinaus. Hinaus ins neue
1690 2923 2567 2976 freie Leben. Aufrecht und fest. Und wir bleiben
1693 2952 2565 3019 zurück; gebannt, in Tempelschauern — denn wir
1689 2996 2567 3067 hörten über uns den ehernen Schrei brausend
1679 3036 2524 3100 ertönen. Den Schrei der großen Verachtung.
1732 3097 2568 3143 Dies war Oskar Sauer. Es gibt also
1696 3129 2577 3190 einen Schauspieler, der das Unausgesprochene,
1697 3183 2585 3236 das fiebrig durch das Gehirn zuckt, wenn die
1695 3219 2587 3278 Lippen achtlos der Konvention geharchen, uns
1691 3261 2568 3325 verstehen lehrt. Der auf einem Nervenkabel
1698 3299 2569 3375 zwei Ströme #rsendet und beide uns zur
1694 3347 2578 3409 Empfängnis leitet. Der einen Monolog des
1691 3390 2570 3466 Schweigens zu halten vermag. Dies ist Oskar
1689 3435 2582 3508 Sauer. Ein Künstler, dessen Geist den wider¬
1699 3475 2569 3542 spenstigen Körper besiegt, uns besiegt, ja sogar
1695 3522 2588 3593 die Hilflosigkeit seiner Gegenspieler. Die
1702 3574 2579 3640 Freundin, der gegenüber er die große Abrech¬
1701 3609 2575 3670 nung hält, gab Fräulein Sussin. Wäre sie
1699 3647 2583 3717 eines weiblichen Oskar Sauer bescheidenes
1694 3692 2579 3764 Wesensteil, so würde man ahnen, daß sie diesen
1707 3752 2580 3803 Mann liebt, daß sie der Toten Ehre retten will
1707 3780 2584 3848 um seinet=, nicht um ihretwillen, daß sie ihm
1709 3821 2584 3888 die Gefährtin fein kann und wird, die die andere
1712 3867 2574 3935 ihm nicht gewesen. Man würde in ihr
1706 3914 2589 3981 den Menschen neben dem Menschen er¬
1697 3961 2601 4044 schauen. Fräulein Sussin war un¬
