3392 4352
1226 162 1656 256 box 14/7
698 168 1066 246 faehrtin
159 173 1110 285 9.2. Die Gen
1697 1327 1793 1420 S
1501 1380 3328 1461 Wirklichkeit voneinander zu trennen und doch auch wieder, ge= seine Freundin Olga Mer
2692 1422 3325 1490 Operation und weist ihm nach,
1503 1432 2689 1509 gebenen falls ineinander überfließen zu lassen. Das letztere
581 1344 1464 1531 Theater und Musik. V/2 )
2696 1456 3323 1531 von der Gemeinheit ihres Lie
1506 1480 2686 1552 gelang der Regie des Lessing=Theaters und seinen
614 1504 1183 1585 (Siehe auch zweite Beilage.)
2695 1505 3328 1576 verkehren, trotzdem er halb un
1510 1526 2694 1587 Schauspielern und Schauspielerinnen am besten — Das rohe
1288 1514 1424 1619 1.
398 1398 537 1623 □
2693 1557 3325 1616 war — So findet der zwiesach
1507 1572 2693 1633 Treiben der Armenhäusler, die ersten Visionen des tod¬
709 1562 1085 1652 Lessing=Theater.
2697 1599 3329 1661 und mitt einem befreienden A
1495 1622 2686 1689 kranken Kindes, die in einem mystischen Halblicht gehalten
376 1606 1487 1694 Zum ersten Male: „Die Gefährtin“, ein Schau¬
2691 1644 3323 1694 miasmenschweren Vergangenheit
1500 1651 2695 1723 waren, dann das Durcheinander der Gesichte und des
292 1673 1247 1735 spiel in einem Akt von Arthur Schnitzler.
2699 1677 3328 1748 reinen Zukunft entgegenzusteuern
1506 1691 2692 1762 Lärmens und Lachens der zum Teil jeder Gefühle baren
387 1691 1494 1777 Neu einstudiert: „Hanneles Himmelfahrt“,
2773 1717 3324 1790 Oskar Sauer war der A
1506 1729 2688 1808 Gesellschaft — das alles gab eine gute Mischung. Als aber
305 1765 1491 1828 eine Traumdichtung in zwei Teilen von Gerhart Haupt¬
2700 1765 3320 1849 und die immer größer werden
1506 1782 2695 1841 (im zweiten Bild) das übersinnliche Element überwog, als
304 1811 506 1875 mann.
2700 1817 3073 1887 sthilde Sussin.
1502 1819 2691 1902 die Mutter=Schwester, der Jesus=Lehrer in den Fieberphantasien
400 1825 1502 1906 Es soll hier im Anschluß an die Wiederaufnahme der
1506 1880 2710 1946 des Hannele Erde und Himmel in eins verschmolzen, d###
297 1889 1492 1937 Hauptmannschen Traumdichtung „Hanneles Himmel¬
1505 1914 2703 1982 verlor das Werk an Wirkung, denn nun trat, trotz aller Be¬
302 1910 1512 1995 fahrt“ in den Spielplan einer unserer Bühnen nicht aufs
1503 1945 2701 2035 mühungen des Lessing=Theaters, die Mache scharf vor die
307 1988 1496 2033 neue der Einschuß konstruierter Theatralik in das an
1508 1995 2707 2072 Kunst, und alle noch so bilderreichen Rhythmen vermochten
304 2017 1499 2076 dichterischen Schönheiten zweifelsohne reiche Werk untersucht,
1502 2041 2697 2112 nicht über die Ohnmacht und Leere, die sich klaffend zwischen
307 2080 1511 2127 nicht dargetan werden, wie sich der eigenwillige Schlesier, um
1505 2077 2699 2150 das Wollen und das Vollbringen des Dichters gelegt hatten,
305 2107 1503 2168 grober Szeneneffekte willen, manche psychologischen Unwahr¬
1507 2133 2697 2202 hinwegzutragen. Von Einzelleistungen fielen das, soweit das
957 2144 1509 2218 Das alles gehört bereits
305 2163 976 2217 heiten zuschulden kommen ließ —
1502 2178 2703 2234 möglich ist, realistische Hannele Ida Orloffs, die gütig¬
305 2201 1497 2249 der literarischen Stubenweisheit von gestern an — Tatsäch¬
1502 2203 2704 2287 milde Schwester Martha Mathilde Sussins und der
310 2226 1507 2292 lich — einer literarischen Stubenweisheit von gestern. Wir
1497 2250 2702 2337 pastorale Lehrer Gottwald Heinz Monnards besonders
309 2280 1498 2340 verstehen es heute gar nicht mehr wie man sich vor rund
1857 2307 2703 2372 Die Armenhäusler waren von einer charak¬
1504 2310 1873 2378 angenehm auf —
311 2304 1510 2388 fünfzehn Jahren gelegentlich der Premiere des „Hannele“ im
1512 2348 2701 2414 teristischen Eigenart und beglaubigten aufs neue die große
310 2372 1504 2425 Kgl. Schauspielhause in erregten Hin und Hers über dieses
1514 2374 2709 2453 schauspielerische Begabung einer Ida Wüst, eines Karl
303 2408 1511 2472 Werk erging, daß nach dem einen eine neue Epoche unserer
1508 2430 2694 2494 Forest, eines Bruno Ziener, die über ihre Aufgabe
307 2455 1514 2509 dramatischen Literatur einleiten sollte, nach dem anderen einen
1512 2474 2708 2552 hinaus die Hedwig, den Pleschke, den Hanke zu Typen
312 2490 1504 2560 Verrat Hauptmanns an seinem bisher konsequent durchge¬
1509 2529 1787 2602 ausmodelten
314 2530 1509 2597 führten Naturalismus bedeutete — Als ob der so konsequent
1593 2546 2698 2623 Der Traumdichtung voraus ging einer jener Akte von
310 2594 1502 2650 durchgeführt worden wäre? Mir erscheint immer noch, trotz
1516 2603 2700 2664 Arthur Schnitzler, die ganz auf Stil und Stimmung gestellt
320 2629 1500 2684 manches Wirkungsvollen, das Gesamturteil am richtigsten, das
1514 2650 2710 2727 ssind — Diesesmal war es wie der Ausklang einer schwülen
319 2665 1503 2722 der verstorbene Bulthaupt einmal über die Dichtung gefällt
1519 2688 2717 2753 Sommernacht, hinter der leuchtend=hell ein junges, frisches
312 2705 1510 2778 hat: „ein kleines novellistisches Stimmungsbild, das mit einem
1513 2743 2711 2805 Morgenrot steht — Zu erzählen ist da nicht viel — Nicht
302 2760 1509 2818 kolossalen Apparat auf die Bühne verpflanzt ist". Der Teusel
1516 2774 2711 2833 das Was ist ja bei Schnitzler die Hauptsache, sondern das
315 2788 1516 2869 auch, wenn uns angesichts des Martyriums dieses getretenen
1517 2824 2718 2888 Wie — wie er dieses „Was“ entwickeli, wie er es wirkt
314 2839 1509 2908 und gestoßenen Menschenkindes kein Mitleid überkommen
1515 2858 2713 2943 und wendet — Ein Mann, hinter dem ein kurzes Glück
318 2893 1501 2949 sollte — Aber mein gesundes Gefühl lehnt es ab, mir dieses
1509 2901 2717 2974 liegt und der seinen kargen Anteil an den Freuden des Da¬
320 2931 1506 2992 Martyrium in aller Ausführlichkeit auf dem Theater vorent¬
1519 2940 2714 3029 seins mit einer langen Qual zu zahlen hat — Nicht da
318 2964 1513 3038 wickeln zu lassen, genau so, wie es die Tiraden des Michael
1528 2992 2710 3065 zürnt es aus ihm heraus, als er die sichere Gewißheit hat,
316 3017 1520 3073 Kramer am Sarge seines Sohnes ablehnt — Hauptmann
1512 3045 2719 3105 daß seine Frau ihn mit seinem Assistenten hintergeht, davon
314 3061 1515 3115 hat, je mehr man sich mit ihm beschäftigt, desto klarer wird
1514 3086 2718 3156 nimmt er mit der Ruhe eines abseits Stehenden und auf¬
319 3093 1511 3165 einem diese Tatsache, ein derartiges Gefallen an seinem Stoff,
1527 3123 2713 3193 merksam Beobachtenden Notiz — aber als er erfährt, daß
320 3143 1509 3207 daß er über ihn nicht hinauskommt, daß er in den Niede¬
1520 3171 2709 3242 der Mensch, der ihn bestahl, sein Weib, das nun tot ist,
318 3179 1513 3261 rungen stecken bleibt und den Weg zur Höhe wohl weisen,
1523 3199 2718 3274 betrogen hat, da wird er Mann und wächst sich zum
319 3226 1523 3304 aber nicht gehen kann. Wenigstens meistens, in diesem Fall
1517 3253 2715 3326 Richter und Rächer aus — Dieser Augenblick könnte ein
316 3285 597 3360 sicherlich...
1524 3291 2720 3377 Wendepunkt in seinem Leben werden und ihm die bis dahin
408 3320 1510 3380 So handelt es sich also hier lediglich um das Problem
1524 3335 2710 3411 gebliebene Ruhe nehmen, ihm seine trenlose Gefährtin in
327 3362 1519 3416 der Darstellung, mehr der szenischen als der menschlichen.
326 3365 2763 3485 Alles kommt darauf an, die Welt des Scheins und die der I einem falschen bengalischen Rotlicht weisen — Darum schreitet!
2623 3461 2687 3528 61
