3392 4352
412 152 865 224 aracelsus
1003 139 1438 255 box 14/6
138 152 875 274 9.  emam
650 682 1587 792 DRUEKENWWEN
435 769 1566 853 von der einfachsten Karte bis zum umfangreichsten Katalog
558 819 926 913 Gute Entwürfe
1098 826 1468 912 Gute Klischees
446 896 1552 985 OTTO BREYER: BERLIN W 57
443 964 1579 1031 Gegründet 1874 KURFURSTENSTR. 19 gegründet 1374
437 996 1575 1073 Fernsprecher: Amt Lützow 8883, 7820, Amt Mollendorf 1052
1879 1063 2561 1149 Dienstag, 6. Mai 1924
513 1109 1494 1211 ADOLF SCHUSTERMANN
450 1202 1567 1284 ZEITUNGSNACHRICHTEN-BUREAU
1640 1205 2565 1278 mehrere Wochen in Dresden gesungen hatte,
1764 1263 2553 1322 er augenblicklich seine Stimme im
1638 1275 1743 1325 läßt
659 1263 1367 1345 BERLIN SO 16, RUNGESTR. 22-24.
1642 1297 2563 1358 Kristallpalast=Varieté in Leipzig
1636 1351 2555 1401 hören. Dieses Auftreten im Varieté veran¬
895 1355 1453 1447 Film-Kurler. Berlin.
1635 1384 2561 1434 laßte das „Neue Wiener Journal“, einen
507 1365 747 1460 Zeitung:
1639 1417 2557 1472 Artikel über Slezak zu schreiben, worin der
1646 1463 2563 1531 Künstler bemitleidet wurde, da er „um des
997 1428 1437 1565 e & MAI 2N
503 1472 748 1563 Adresse:
1633 1497 2563 1563 Mammons willen“ genötigt sei, in
1641 1540 2563 1600 „Rauchtheatern“ zu singen. Leo Slezak hat auf
1642 1595 2568 1646 diesen Brief in launiger Weise folgendermaßen
503 1580 731 1664 Datum:
1643 1631 1909 1695 geantwortet:
1716 1638 2573 1729 „Verehrter Herr Redakteur! Von liebe¬
1643 1712 2571 1763 voller Seite wurde mir der von Besorgnis um
1638 1744 2563 1797 meine Stimme überströmende Artikel aus
704 1636 1627 1803 Theater und Kunst
1650 1778 2571 1840 Ihrem geschätzten Blatte eingesandt. Diese Be¬
979 1800 1395 1900 A een1
2166 1825 2576 1881 Allerdings ist für
1655 1832 2144 1890 sorgnis ist unbegründet.
1651 1876 2572 1929 normale Abende der Kristallpalast in Leipzig
756 1848 1607 1923 Schnftler: „Parazelsus“. Ein Spiel in
1645 1905 2575 1963 ein Rauchtheater, aber seit ich hier gastiere ist
708 1913 1622 1956 Anmüt und Oberfläche; deshalb etwaige
1644 1955 2581 2001 ein strenges Rauchverbot vom Beginn der Vor¬
721 1939 1519 2027 Probleme ungewollt aufleuchten machend.
1647 1989 2576 2039 stellung bis nach meinem Auftreten erlassen,
767 1990 1628 2050 Parazelsus ... Magie, Welt, der Schatten¬
1639 2022 2573 2090 das vom Publikum in der respektvollsten Weise
714 2038 1165 2104 tanz unseres Daseins!
1643 2062 2587 2129 befolgt wird. Es ist vorgekommen, daß ein
773 2063 1633 2142 Graziöse Causerie um die tiefsten Dinge
1650 2104 2573 2162 Ahnungsloser sich vor meiner Abteilung eine
714 2134 1635 2196 herum mit der Aktitüde als ginge es in sie hin¬
1656 2150 2579 2202 Zigarre anzünden wollte. Er wurde von seinen
721 2157 1256 2224 ein. Man wird unwillig.
1656 2202 2319 2259 Sitznachbarn aufmerksam gemacht.
761 2193 1625 2275 Dieser Parazelsus ist Moissi. Kanten ab¬
1695 2208 2574 2290 Da mein Auftreten nur wenige Minuten
714 2244 1624 2303 schleifend, die Dämmerung aufzeigend mit der
1649 2276 2586 2321 dauert, so kommt es als Arbeitsleistung kaum
720 2289 1636 2343 nihilistischen Geste: was wissen wir? Nichts!
1652 2313 2579 2379 den Gesangsübtngen gleich, die ich täglich zu
719 2325 1628 2391 Er findet zuweilen Innigeres als das Niveau
1651 2349 2578 2403 machen pflege, nur mit dem Unterschied, daß
720 2357 1169 2428 des Spieles ihm gibt.
1640 2384 2582 2450 diese Uebungen nicht honoriert werden. Ich
759 2399 1637 2476 „Er ist an allem schuld.“ Komödie in zwei
1651 2438 2582 2496 halte es für die Stimme eines Opernsängers
716 2435 1167 2517 Szenen von Tolstoi.
1651 2478 2577 2535 für weitaus schädlicher, fünfzig bis sechzig
792 2468 1647 2541 Ein Bettler handelt schlecht an seinen Gast¬
1657 2518 2582 2568 Abende en suite in einer Operette eine große
724 2529 1636 2584 gebern und bringt sie zu moralischer Ent¬
1647 2559 2575 2623 Rolle singen, sprechen, spielen und gar tanzen
718 2566 1642 2630 scheidung für das Gute. Jüdem er sie mit unserer
1649 2599 2583 2643 zu müssen... Jedenfalls bin ich am 15. Mai in
723 2612 1459 2659 aller menschlichen Schwäche erschüttert.
1651 2640 2586 2683 Wien und werde auf heimatlichem Todon wie¬
787 2632 1644 2704 Im Rausch tut er Böses, sagt er. Vorher sagt
1645 2682 2587 2741 der dreimal wöchentlich tragische Konflikte lösen
718 2688 1634 2738 er es; kaum hat er getrunken, tut er es, an
1646 2716 2584 2791 und von sieben bis zehn als sonniger Held in
729 2719 1360 2781 seinen Gastgebern. Bestiehlt sie.
1649 2756 2234 2821 unserer hehren Kunst baden.
787 2749 1635 2810 Man holt ihn zurück, will ihn strafen; er be¬
728 2786 1649 2867 kennt in Demut, will Strafe. Man entläßt ihn
1700 2776 2582 2863 Die Bezeichnung „armer Slezak“ ist jetzt
722 2835 1321 2896 beschenkt. Um Christi Willen!
1657 2829 2563 2903 gottlob fehl am Ort. Der „arme Slezak“ war
783 2877 1638 2925 Vier Menschen erfüllen das moralische
1647 2879 2605 2938 ich, bevor ich am Varieté gesungen habe, und“
731 2915 1634 2967 Postulat des Evangeliums an einem, der ihnen
1653 2921 2586 2983 wenn ich auch noch nicht der reiche Slezak bin,
720 2955 1637 3011 vorher ein toller Luftikus schien. Aber vier
1663 2962 2593 3037 so bin ich doch weniger aem als vor zwei
730 2984 1649 3044 russische Menschen (niemals wäre er in Mittel¬
1647 2996 1876 3057 Monaten.
732 3035 1651 3081 europa um die Schupo herumgekommen, einer
1715 3033 2589 3102 Warum ich es tat? Böse Menschen sagen,
731 3064 1647 3128 unter den vier hätte es gemanaget). Es sind
1659 3081 2580 3126 des Mammons wegen. Das ist eine lieblose
718 3095 1641 3157 Russen, also einige. Grade mehr Gottes Ge¬
1664 3119 2587 3168 Auslegung meiner kulturfördernden Absichten.
735 3146 1640 3193 schöpfe. Mehr Unterlassungssünder, als Sünder.
1653 3148 2583 3215 Ich will richtigen Stimmansatz und Gesangver¬
731 3185 1640 3234 Nur ihre Oberfläche ist giftig; Geschöpfe, die im¬
1667 3197 2255 3257 edelung ins Varieté tragen. —
2279 3201 2581 3264 Sonst nichts!
728 3224 1477 3271 mer aufzuwühlen sind durch das Gute.
1714 3243 2583 3315 Mit herzlichsten Grüßen bin ich Ihr ganz er¬
806 3251 1643 3317 Moissi als Bettler gab beseelte Wärme mit
1662 3279 1837 3353 gebener
1392 3298 1648 3368 Regie an¬
738 3299 1403 3350 einiger Zurückhaltung. Gerners
1949 3310 2533 3404 Kammersänger Leo Slezak.“
1444 3334 1609 3393 Jawitz.
739 3338 1321 3405 spruchslos und durchschnittlich.
1935 3415 2303 3491 Die blaue Vier.
1698 3458 2576 3536 Unter diesem Titel, der offenbar in Erinne¬
988 3479 1382 3566 Slezak im Varieté.
1662 3509 2583 3586 rung an den einstigen „Blauen Reiter“ Franz
777 3530 1650 3605 Der berühmte Tenor Leo Slezak tritt seit
1657 3552 2585 3607 Marcs und Kandinskys gewählt wurde. haben
724 3588 2575 3648 einiger Zeit im Varieté auf. Nachdem er sich jetzt die in Weimar wirkenden Künstler
2030 3908 2611 4021 Rente idr
