3344 4352
555 189 960 257 racelsus
223 189 969 301 9. 1. P. . en.
1112 181 1529 263 box 14/6
1871 407 2159 484 tn
2305 401 2913 535 Heitnn
2913 467 3032 532 69
2773 627 3025 718 1900.
1932 787 3138 881 vollendete Kunstwerke, durch deren Reproduktion allein das
1932 861 2716 925 Buch einen reellen Werth erlangt hätte.
2023 884 3137 964 Und es ist eigenthümlich, wie trefflich zu diesen alten
1935 949 3140 1008 Stichen die Einbanddecke paßt, die man nicht anders als
1942 995 3138 1047 sezessionistisch nennen kann. Die bekannte hellgrüne Leinwand
1942 1031 3191 1119 mit Golddruck, auf der nichts als ein stilisirter, breitästiger
1936 1078 2358 1152 Baum abgebildet ist.
2019 1147 3144 1220 Ja, zwischen der alten und der werdenden Kultur laufen
1949 1202 3136 1271 Fäden hin und her, spinnen sich Verbindungen, so zahlreich
2576 1253 2609 1289 —
1939 1265 3152 1312 daß sie uns sogar nicht mehr überraschen. Die Sezession lehnt
1950 1301 3154 1357 sich an Albrecht Dürer an, und das jungdeutsche Drama holt,
1939 1340 3145 1385 um die Prohleme der Hypnose und der Suggestion auf der
1942 1392 3143 1460 Bühne zu studiren, die Gestalt des Theophrastus Bombastus
1946 1435 2327 1495 Paracelsus hervor.
2031 1465 3145 1522 Ist es nicht merkwürdig, daß Paracelsus selbst in einem
1948 1502 3138 1571 der zahlreichen Gedichte, die er zum Lobe seiner Kunst ver¬
1955 1562 3145 1615 faßt, eine Parallele zwischen sich und Dürer zieht?
1943 1604 2194 1668 Man höre:
2174 1626 2885 1709 „All Kunst und artenej man find't
2172 1701 2846 1761 Beim Theophrasto so geschwindt,
2177 1742 2838 1793 Als vor wol bei dreitausend jarn
2178 1782 2887 1835 Bei keinem Menschen ward erfarn.
3100 1770 3203 1890 0
2179 1823 2909 1900 Als Pestilenz, Schlag, Fallend sucht,
3061 1814 3099 1904 2
2185 1871 2814 1929 Aussatz, und Zipperlein verrucht,
2181 1910 2930 1974 Sampt ander Kranckheit mancher art
2181 1956 2784 2023 Hat er geheilt, der hochgelart.
2173 1998 2839 2064 Wie Durer in der Malerej
2177 2047 2831 2109 So dieser in der Artzenej:
2995 1919 3125 2140 0
2178 2099 2820 2149 Vor und nach ihnen keiner kam
2178 2122 2903 2189 Der Ihnn hierin den Preis benam.“
2025 2163 3154 2221 Der Schnitzlersche Einakter, den das Deutsche Theater
1949 2219 2199 2279 aus selstem
2294 2218 3164 2289 Winkerschlaf aufgerüttelt und in welchem
1955 2250 3166 2309 Emanuel Reicher mit feiner großen künstlerischen Intelligenz
1954 2305 3156 2355 den berühmten Todtenerwecker von den Todten erweckt, ist
1957 2358 3155 2414 verschnörkelt, wie ein mittelalterlicher Holzschnitt. Das ist aber
1962 2408 3156 2453 auch Alles, womit er an das Mittelalter erinnert; im
1960 2439 3156 2501 Uebrigen ist sein „Paracelsus“ von Anfang bis zu Ende eine
1950 2492 2306 2561 licentia poetica.
2048 2504 3161 2592 Schauen wir uns an der Hand des interessanten Buches
1954 2584 3160 2641 von Peters den wahren Paracelsus an. Wir sehen ihn da,
1957 2636 3158 2682 wie er thatsächlich unter seinen Zeitgenossen herumgewandelt,
1961 2656 3162 2723 einen kahlköpfigen Mann mit mächtigem Schädel, graue Haar¬
1959 2714 3160 2758 büsche an den Schläfen; ein eingefallenes, von Studien und
1956 2756 3155 2808 Sorgen ausgezehrtes Gesicht, unter stark vorgewölbten Augen¬
1961 2795 3149 2851 bogen kluge, gutige, müde Augen. Keine Spur von dem
1958 2841 3160 2906 prächtigen Renaissancekostüm, in welchem Schnitzler ihn sich
1952 2900 3167 2941 wohl gedacht. Ein Hemd mit schmaler Krause unter dem
1963 2921 3161 2984 Kinn; darüber ein einfaches, schlafrockartiges, am Gürtel zu¬
1953 2979 3171 3039 sammengezogenes Gewand. Aehnlich sehen wir das Bildniß
1956 3014 3168 3080 zdes Paracelsus in der Gesammtausgabe seiner Werke, die der
1955 3065 3166 3115 Baseler Huser veröffentlicht lat. Das war der Mann,
1968 3098 3166 3164 der das stolze Wort gesprochen. „Odi et arceo vulgus pro¬
1961 3152 2151 3214 fanum!“
2039 3183 3196 3247 Auf einem Kupferstich aus dem 16. Jahrhundert, den das
1954 3232 3175 3294 Wiener Kupferstichkabinet besitzt, finden sich noch andere Kern¬
1955 3275 3164 3340 sprüche Theophrasts. „Alterius non sit, qui suns eise
1965 3338 3167 3380 potest“; zu deutsch: „Eins andern Knecht sol niemant sein,
1969 3368 3168 3428 der für sich bleiben kan allein. „Omne donum perfectum a
1964 3405 3168 3469 Deo, imperfectum vero a diabolo“: „All gute gaben sindt
1958 3465 2804 3525 von Got, des Teufels aber findt ein spot.“
2041 3488 3222 3569 Man steht, daß Paracelsus troß seiner Abneigung gegen
1960 3550 3172 3606 das „vulgus profanum“ bemüht war, seine Aussprüche durch
1957 3591 3175 3650 Verdeutschungen dem großen Publikum verständlich zu machen.
1973 3628 3173 3692 Und ebenso ließ er es sich angelegen sein, in die medizinische
1966 3685 3174 3733 Wissenschaft statt des üblichen Lateins die deutsche Sprache
1977 3732 3170 3778 einzuführen. Ganz gegen den damaligen Gebrauch hielt er
1976 3761 3170 3829 seine medizinischen Vorlesungen in deutscher Sprache ab und
1973 3800 3171 3862 veröffentlichte auch seine Werke deutsch. Doch wurde es ihm
1966 3851 3170 3902 klar, daß es ihm nicht glücken würde, mit dieser Reform, welche
1969 3894 3173 3951 er sowohl aus patriotischen als aus praktischen Gründen für
1976 3943 3176 3996 angezeigt hielt, Schule zu machen. Er äußert sich darüber:
1977 3994 3179 4054 „Und ich sage euch, es ist der ganze Himmel und alle Kreuter
1973 4024 3170 4091 ehr und leichter zu erlernen denn das heillose Latein und
1969 4067 3175 4140 Griechisch Grammatica. Und were besser, man studierte die
2069 4111 3183 4165 asten Dinge, ## artnei gehörig vorhin und das Latein
