3392 4352
1194 120 1653 221 box 14/7
393 129 920 202 Die Gefaehr
150 144 1084 235 9.2  e Aaaa en
668 1183 1467 1250 #0 Lessing=Theater. 7##4.
1629 1175 2831 1257 Menschen uns nicht erkennen dürfen. Die er zu kennen glaubte,
480 1218 1636 1302 Schnitzler, Die Gefährtin. Neueinstudiert: Hauptmann,
1628 1242 2839 1295 war eine ganz andere, als ihm feststand. Wo er Tragik ahnte,
728 1272 1402 1331 Hanneles Himmelfahrt.
1629 1289 2828 1364 war unbewußteste Lebensgewandtheit, wo er aufheben wollte, war
530 1286 1642 1381 An letzte Dinge, die zwischen Menschen sind, rührt Schnitzler
1650 1329 2002 1388 niemand gefallen.
465 1327 1647 1428 n dieser „Gefährtin". Und fast blutvoller, wie soll ich sagen, be¬
1701 1354 2833 1427 Die schauspielerischen Leistungen bewegten sich mit Selbstver¬
457 1393 1642 1468 rechtigter als zuvor oder auch später geschieht es hier. Man weiß,
1648 1409 2830 1480 ständlichkeit auf dem an dieser Bühne üblichen Niveau. Oskar
459 1441 1647 1500 daß er zu dem allumfassenden Thema: Mann gegen Weib, Weib
1646 1455 2825 1503 Sauer als getäuschter Wissender, als Professor Pilgram, war
448 1497 2838 1567 gegen Mann, diesem in Vergangenheit und Zukunft ureinzigen durchgängig ausgezeichnet, manchmal blieb sogar der „letzte Rest“.
458 1532 2833 1605 Thema alles Theaters, des Brauchbaren genug beigebracht hat.nicht mehr zu wünschen übrig. Kurt Stieler brachte die
452 1568 2833 1643 Man gesteht ihm ferner zu, daß er unter den Leuten, die zu (menschliche) Ueberflüssigkeit des von ihm dargestellten Dr. Alfred
450 1610 1638 1680 unsern schönen Zeiten im leider gar nicht rein klingenden Orchester
1631 1621 2834 1692 Hausmann zu guter Wirkung und ließ im besonderen keinen
444 1658 1637 1735 sitzen (es muß das am allerhöchsten Dirigenten oben liegen), doch
1643 1673 2825 1732 Zweifel an dem Format aus dem Dutzend, das der Dichter dieser
450 1709 1171 1770 wöhl einer, der die erste Geige spielt.
1635 1716 2823 1781 Figur so sehr gut aufzupassen gewußt hat. Mathilde Sussin
527 1755 1645 1815 So darf man gerade deshalb dreist bemerken,
1650 1755 2832 1834 fand sich mit großem Geschmack mit der Tatsache ab, daß sie mehr
441 1763 1640 1860 daß er diese seine Geige sozusagen mit der Sordine
1641 1802 2273 1870 herumzustehen als zu sagen hatte.
441 1815 1649 1907 auf den Saiten handhabt. In einer ihm eigentümlichen
1705 1830 2836 1901 Nach der „Gefährtin“ gab es eine Neueinstudierung
452 1881 1648 1948 Weise, die natürlich mit dem Besten in seiner Kunst verwandt und
1643 1872 2819 1953 von Hauptmanns „Hannele“. An Ausstattung und
456 1910 1638 2009 verschwägert ist, die aber leider, eben im Orchester und zur höheren
1639 1933 2824 1992 Spiel fehlte nichts. Irene Triesch, Emanuel Reicher,
454 1964 1640 2032 Ehre der ganzen Musikübung, bekämpft werden muß. In der
1631 1970 2830 2023 Hans Monnard, Mathilde Sussin waren sehr gut. Bei
444 2015 2834 2067 „Gefährtin“, so schien es gestern, ist das erreicht. Das sonst (vom Ida Orloff störte einiges „Schauspielerische“. Nur so hier und
452 2062 1640 2120 Ganzen aus gesehen) auf ein allzu reserviertes „piano“ tempe¬
1625 2056 2819 2125 da. Oder sollte das doch vielleicht daran gelegen haben, daß wir
442 2103 1639 2166 rierte Klavier seiner Kunst wird hier mit deutlicherer „fforza“
1636 2112 2759 2188 sseit „Hannele“ schon einen Schritt weiter gingen ..? st—.
435 2122 1647 2198 als sonst gemeistert. Ein Protest klingt da auf, so dröhnend von
449 2169 1640 2233 innerster Kraft, so vollgepfropft bis zum Rande mit irdischester
446 2225 1648 2313 Wahrhaftigkeit, daß man fühlt, hier gibt's nichts mehr zu fordern.
514 2267 1646 2338 Wenn der alte Fontane den „Lärm in Gefühlen“ nicht mochte,
442 2298 1648 2363 ihm so vorsorglich aus dem Wege ging, daß man zuweilen die Ab¬
437 2360 1633 2419 sicht merkte, so erscheint Schnitzler gerade in diesem Lärm der
440 2399 1643 2467 Vorwurf für seine Kunst. Und wenn Fontanes Figuren (auch die
441 2436 1641 2492 des eigentlichen Nachfahren des unvergleichlichen Märkers, des
442 2489 1636 2553 Grafen Kayserling z. B., haben das) sich gerade durch das
436 2532 1644 2599 zeichnen, was sie nicht sagen, so stellen sich die des Wieners in
435 2585 1652 2631 vollendeten Gegensatz zu ihnen. Sie tun nichts anderes, als von
446 2616 1643 2684 sich zu sprechen. Sie erzählen von nichts anderem als von sich.
513 2668 1648 2730 So in der „Gefährtin“. Die Fabel besteht darin, daß ein Mann
430 2693 1638 2772 zeigt, wie er zu innerst und zu äußerst zu einer Frau gestanden
428 2742 1642 2804 hat, die plötzlich starb. Alles kommt in dem Dialog, aus dem das
433 2792 1638 2851 Stück eigentlich besteht, zur Sprache. Wie er sie eigentlich nicht
435 2837 1635 2912 liebte, wie er völlig klar sah, was er hatte von ihr verlangen
437 2880 1639 2929 dürfen. Wie er sich selbst und sie zu jeder Stunde beobachtet, be¬
432 2921 1637 2989 lauert hat, und wie er sich dann trotzdem in fundamentalstem
428 2960 1646 3033 Irrtum befinden — mußte. Der Stein, an dem das Schifflein
431 3004 1652 3081 seines Wissens scheitert, liegt da, wo geschrieben steht, daß wir
