3344 4352
560 138 947 212 racelsus
208 137 946 251 9. 1. Pad  n.
1087 129 1513 223 box 14/6
2789 100 3022 189 1900.
2866 185 2943 255 1
1943 270 3146 349 vollende Kunstwerke, durch deren Reproduktion allein das
1941 317 2707 375 Buch einen reellen Werth erlangt hätte.
2014 374 3134 438 Und es ist eigenthümlich, wie trefflich zu diesen alten
1938 399 3133 474 Stichen die Einbanddecke paßt, die man nicht anders als
1932 454 3131 517 sezessionistisch nennen kann. Die bekannte hellgrüne Leinwand
1938 498 3180 589 mit Golddruck, auf der nichts als ein stilisirter, breitästiger))
1940 538 2359 601 Baum abgebildet ist.
2008 600 3139 698 Ja, zwischen der alten und der werdenden Kultur laufen
1941 651 3136 738 Fäden hin und her, spinnen sich Verbindungen, so zahlreich,
1939 717 3143 781 daß sie uns sogar nicht mehr überraschen. Die Sezession lehnt
1941 754 3146 814 sich an Albrecht Dürer an, und das jungdeutsche Drama holt,
1930 805 3132 847 um die Prohleme der Hypnose und der Suggestion auf der
1938 842 3138 933 Bühne zu studiren, die Gestalt des Theophrastus Bombastus
1935 883 2310 947 Paracelsus hervor.
2021 933 3130 997 Ist es nicht merkwürdig, daß Paracelsus selbst in einem
1930 955 3136 1019 der zahlreichen Gedichte, die er zum Lobe seiner Kunst ver¬
1942 1013 2046 1073 faßt,
2050 1019 2182 1073 eine
2188 1023 3130 1109 Parallele zwischen sich und Dürer zieht?
1932 1060 2176 1120 Man höre:
2161 1091 2859 1168 „All Kunst und artenej man find't
2164 1151 2822 1217 Beim Theophrasto so geschwindt,
2160 1203 2832 1258 Als vor wol bei dreitausend jarn
2158 1238 2872 1305 Bei keinem Menschen ward erfarn.
2156 1282 2893 1361 Als Pestilenz, Schlag, Fallend sucht,
2165 1330 2813 1392 Aussatz, und Zipperlein verrucht,
2164 1368 2912 1445 Sampt ander Kranckheit mancher art
2151 1422 2782 1475 Hat er geheilt, der hochgelart.
2152 1465 2820 1527 Wie Durer in der Malerej
2162 1512 2811 1560 So dieser in der Artzenej:
2159 1544 2799 1612 Vor und nach ihnen keiner kam
2152 1582 2894 1656 Der Ihnn hierin den Preis benam.“
1998 1637 3140 1701 Der Schnitzlersche Einakter, den das Deutsche Theater
1934 1671 2190 1733 aus seinem“
2274 1686 3129 1743 Winterschlaf aufgerüttelt, und in welchem
1934 1716 3127 1789 Emgnuel= Reicher mit feiner großen künstlerischen Intelligenz
1936 1772 3082 1824 den berühmten Todténerwecker von den Todten erweckt, i
1924 1822 3140 1878 verschnörkelt, wie ein mittelasterlicher Holzschnitt. Das ist aber
1933 1860 3140 1924 auch Alles, womit er an das Mittelalter erinnert; im
1931 1900 3143 1982 Uebrigen ist sein „Paracelsus“ von Anfang bis zu Ende eine
1934 1945 2276 2005 licentia poetica.
2012 1976 3148 2050 Schauen wir uns an der Hand des interessanten Buches
1920 2035 3141 2096 von Peters den wahren Paracelsus an. Wir sehen ihn da,
1924 2086 3138 2143 wie er thatsächlich unter seinen Zeitgenossen herumgewandelt,
1927 2130 3135 2190 einen kahlköpfigen Mann mit mächtigem Schädel, graue Haar¬
1930 2167 3127 2233 büsche an den Schläfen; ein eingefallenes, von Studien und
1930 2211 3126 2276 Sorgen ausgezehrtes Gesicht, unter stark vorgewölhten Augen¬
1931 2260 3131 2323 bogen kluge, gutige, müde Augen. Keine Spur von dem
1934 2308 3125 2372 prächtigen Renaissancekostüm, in welchem Schnitzler ihn sich
1928 2346 3130 2400 wohl gedacht. Ein Hemd mit schmaler Krause unter dem
1919 2390 3134 2438 Kinn; darüber ein einfaches, schlafrockartiges, am Gürtel zu¬
1924 2442 3137 2499 sammengezogenes Gewand. Aehnlich sehen wir das Bildniß
1928 2481 3127 2536 des Paracelsus in der Gesammtausgabe seiner Werke, die der
1915 2528 3136 2582 Baseler Huser veröffentlicht hat. Das war der Mann,
1928 2566 3131 2647 der das stolze Wort gesprochen: „Odi et arceo vulgus pro¬
1916 2605 2118 2680 fanum!“
2006 2631 3182 2717 Auf einem Kupferstich aus dem 16. Jahrhundert, den das
3133 2690 3185 2738 5
1931 2692 3206 2779 Wiener Kupferstichkabinet besitzt, finden sich noch andere ###
1932 2746 3171 2821 sprüche Theophrasts. „Alterius non sit, qui suns 3sse
1926 2789 3122 2838 potest“; zu deutsch: „Eins andern Knecht sol nemant sein,
1932 2833 3123 2893 der für sich bleiben kanfallein.“ „Omne donum perractum a
1931 2872 3148 2953 Deo, imperfectum vero a diabolo“: „Al gute gaben sindt
1922 2920 2760 2988 von Got, des Teufels aber findt ein spot.“
2007 2958 3256 3027 Man steht, daß Paracelsus troß seiner Abneigung gegen
1919 3012 3127 3061 das „Vulgus profanum“ bemüht war, seine Aussprüche durch
1928 3054 3136 3122 Verdeutschungen dem großen Publikum verständlich zu machen.
1929 3091 3136 3160 Und ebenso ließ er es sich angelegen sein, in die medizinische
1930 3139 3139 3207 Wissenschaft statt des üblichen Lateins die deutsche Sprache
1934 3186 3140 3249 einzuführen. Ganz gegen den damaligen Gebrauch hielt er
1927 3230 3127 3272 seine medizinischen Vorlesungen in deutscher Sprache ab und
1928 3277 3135 3332 veröffentlichte auch seine Werke deutsch. Doch wurde es ihm
1922 3311 3130 3382 klar, daß es ihm nicht glücken würde, mit dieser Reform, welche
1925 3366 3133 3434 er sowohl aus patriotischen als aus praktischen Gründen für
1930 3403 3142 3444 angezeigt hielt, Schule zu machen. Er äußert sich darüber:
1924 3464 3135 3514 „Und ich sage euch, es ist der ganze Himmel und alle Kreuter
1924 3493 3125 3547 ehr und leichter zu erlernen denn das heillose Latein und
1929 3536 3147 3594 Griechisch Grammatica. Und were besser, man studierte die
1929 3584 3135 3639 nöttigsten Dinge, zur artznei gehörig, vorhin und das Latein
1931 3624 3139 3699 hernach. Aber euch ist nicht weder zu rathen noch zu helffen,
1928 3667 2985 3715 denn ihr liebet die sprachen, wie der Bauer den Adel.“
2002 3716 3131 3788 Diese Vorliebe für das Vaterländische — noch ein Zug,
1928 3755 3126 3831 der Paracelsus und Dürer gemeinsam ist — zeigte sich auch
1920 3809 3140 3867 in dem Bestreben, möglichst einheimische Arzeneien zur An¬
1921 3848 3150 3900 wendung zu bringen. Die theoretische Begründung dieses
2815 3910 2901 3961 S
1929 3976 3131 4038 ausgehalten, warum Sie nicht längst nach Creeshe ge¬
1923 4016 2203 4086 gangen sind.“
2014 4043 3131 4114 „Einfach, weil die alten Damen kaum so viel haben um
