3392 4352
409 153 887 229 Paracelsus
1039 162 1466 253 box 14/6
157 155 881 273 9. 1. A
655 1294 1375 1438 Apons sersvenasheden
1439 1257 1522 1418 4
548 1522 1414 1607 eadaures erurscnel I#ones-aussenntrr-acae
543 1600 1413 1682 BERLIN SO 16, RUNGESTRASSE 22-24
449 1647 1473 1741 Bearbeitet die deutsche und ausländische Presse auch auf Inserate.
450 1692 1476 1781 Liefert Listen über geplante Bauten aller Art. Geschäftseröffnungen.
784 1743 1129 1808 Festlichkeiten usw.
527 1843 1391 1975 Berliner Morgen=Zeitung
804 1947 1110 2007 Berlin SW. 19
711 1988 1188 2057 Ausschnitt aus der Nummer vom:
964 2034 1340 2128 A MAl 924
704 2189 1286 2256 Schnitzler und Tolstoi
685 2241 1310 2332 Moissi im Deutschen Theater
415 2311 1575 2382 Alexander Moissi präsentierte sich in zwei sehr ver¬
370 2351 1580 2424 schiedenartigen Stücken, in Schnitzlers feinsinnigem Einakter
365 2396 1576 2452 „Paracelsus“ und in Tolstois gedankenreicher, milieustarker
368 2449 1589 2515 Komödie FEr ist an allem schuld", um sich seiner Gemeinde
359 2488 1585 2550 von zweigverschigdenen Seiten zu zeigen. Von denen nur eine eine
366 2530 1592 2596 gute way Deik über geheime Kräfte der Seele und des Verstandes
362 2571 1578 2637 verfühenden „Zaubermeister“ Paracelsus, der den Philistern doku¬
368 2603 1595 2680 mentiert, daß leben träumen und träumen leben ist, daß Gedanke
362 2643 1587 2729 und Wirklichkeit sich unscheidbar ineinander verweben, ist Moissi
364 2697 1572 2763 nicht gewachsen, der zwar das Wort und die Geste beherrscht — die
359 2732 1578 2807 letztere bisweilen zu sehr —, den aber doch tiefste Innerlichkeit und
363 2782 1571 2847 vor allem die suggestive Kraft abgeht. Eine starke, bedeutsame
358 2812 1581 2864 Leistung ist dagegen sein russischer Vagabund, der die Erzgaunerei
363 2863 1581 2933 hinter der kommunistischen Phrase zu verstecken sucht, aber durch die
361 2904 1577 2973 Güte der Mitmenschen bezwungen wird. Hier gibt Moissi eine Ge¬
361 2949 1577 3022 stalt von ergreifender Schlichtheit, von rührender Menschlichkeit.
358 2992 1575 3048 Unter Richard Gerners eindrucksvoller Regie sekundierten ihm die
356 3040 1575 3087 seine, stille Renée Stabrowa, der derb=kernige Walter Brandt, die
353 3079 1566 3140 temperamentvolle Johanna Terwin, die anmutige Grete Mosheim,
352 3118 1601 3189 der jugendlich=frische Walter Rilla. Das volle Haus zollte der Auf¬
355 3159 1123 3220 führung, vor allem Moissi, starken Beifall.
2427 99 2492 169 □
2114 96 2488 238 S
2103 198 2976 281 esbazres esurschet TeUnes-Aussennwr-ecao
2111 268 2953 341 BERLIN SO 16, RUNGESTRASSE 22-24
2005 333 3023 393 Bearbeitet die deutsche und ausländische Presse auch auf Inserate.
2005 398 3033 450 Liefert Listen über geplante Bauten aller Art. Geschäftseröffnungen.
2354 430 2683 479 Festlichleiten usw.
2110 517 2931 646 Berliner Börsen=Zeitung
2219 616 2521 673 Abendausgabe
2586 621 2682 675 erlin,
2280 639 2719 725 Ausschnit ausderAA#
1953 870 3061 974 Moissi als Tolstoi= und Schnitzler=Typus
2295 949 2731 1023 Deutsches Theater.
2047 1007 3056 1066 Moissi beweist Geschmack. Wenn er ein Programm
1970 1048 3058 1110 zusammenstellt, das die Vielfältigkeit seiner Kunst zeigen
1976 1087 3070 1164 soll, so versteht er es, dabei das literarische Niveau zu
1978 1131 3066 1189 wahren. Er greift nicht nach nur andeutenden Rollen, um
1977 1165 3060 1216 eine Gestalt eigenmächtig auf die Bühne zu stellen, sondern
1974 1208 3052 1260 er nimmt fest umrissene Typen und füllt sie mit persön¬
1970 1239 2668 1291 lichem Leben, gibt einem Typus —
2666 1250 3051 1299 die Individualität.
1975 1282 3055 1346 Was größere schauspielerische Kunst verlangt, ist schwer zu
1972 1326 3051 1369 sagen. Der Eine setzt seine Persönlichkeit in leeren Raum,
1970 1349 3057 1414 der Anderg versenkt sich liebevoll in einen gegebenen
1973 1393 3054 1441 Menschent#bus und verwandelt sein Ich. Dort ein Sich¬
1975 1437 3056 1479 Selbst=Duechsstze mit Beionung irgend einer besonderen
1977 1471 3059 1534 Charakterigenshaft, hier ein Zusammenschmelzen des
1966 1507 2744 1563 eigenench Mit fremden Menschentypen.
2055 1537 3058 1611 Moissi wählte zwei Konträr=Typen: den Stärksten und
1975 1590 3052 1639 den Schwächsten, die sich aber in einem Punkte berühren —
1965 1628 3052 1679 sie stehen außerhalb. Theophrastus Bombastus Paracelsus,
1964 1668 3056 1721 Charlatan und Arzt, Magier aus Kenntnis der hypnotischen
1971 1703 3054 1745 Kräfte, ohne ihr Wesen zu verstehen, und darum ungewiß,
1968 1739 3049 1792 was an seiner Kraft Wahrheit und was Trug ist, kann
1971 1782 3054 1821 Schicksal seinen Mitmenschen sein. Moissi gibt dieses
1976 1812 3062 1870 Schicksal mit der Gauklermaske, diesen unsicheren Be¬
1976 1849 3054 1900 herrscher der Seele, der selber jedesmal in unbekanntes
1974 1895 3055 1929 Land schaut. Er freut sich seiner Kraft wie eines noch nicht
1972 1929 3052 1981 gewissen Besitzes, er triumphiert, wenn sie wirkt, frohlockt,
1962 1971 3052 2009 wenn er die Selbstbewußten schwanken macht, und be¬
1962 2005 3045 2056 gleitet doch alles mit Charlatanallüren, denen man die
1968 2043 2945 2098 Sorge um den Eindruck auf den Andern anmerkt.
2957 2043 3050 2091 So
1967 2079 3039 2137 schafft er weit über den Schnitzler hinaus den für
1968 2122 2525 2171 Andere so #tarken Schwachen.
2037 2138 3049 2189 Und dann der Antipode der Wanderbursche mit den
1959 2181 3038 2250 unverdauten hochtrabenden Phrasen, der armselige Bettler,
1965 2232 3043 2284 der seine Haltlosigkeit, seine diebischen Neigungen kennt
1963 2273 3047 2312 und sie durch vornehme Posen vor sich selbst beschönigt.
1970 2311 3041 2363 Der für Andere so schwache Elende, der doch innerlich so
1966 2347 3046 2394 stark ist, daß er lieber sich totschlagen lassen will, als daß er
1968 2387 3043 2434 es erlaubt, eine Frau zu schlagen; der so stark ist, lieber
1965 2424 3053 2484 jeden Schimpf zu ertragen als menschliche Behandlung,
1962 2467 3042 2512 wo er sich doch einer Lumperei schuldig weiß, eines Dieb¬
1965 2506 3052 2554 stahls bei den ihn freundlich aufnehmenden Bauern.
1959 2536 3045 2599 Moissi gab hier sowohl den unter der Landstreicherhülle
1958 2569 2541 2629 schlummernden Menschen wie
2630 2579 2855 2632 vor allem
2944 2585 3047 2639 den
1956 2596 3042 2666 Wanderburschen des russischen Volkstyps, einen seelischen
1966 2653 3038 2702 Zwitter mit dunkler Empfindung für das Berechtigte, mit
1960 2689 3034 2745 ironischer Selbsterkenntnis, mit innerer Haltlosigkeit und
1959 2728 3039 2776 nihilistischer Ansteckung, wobei natürlich dies alles über einem
1953 2770 3043 2834 guten Menschenkern gelagert ist — wie es bei Tolstoi
1955 2807 2405 2857 nicht anders sein kann.
2020 2824 3031 2888 Diese zwei Gegentypen versah Moissi auch mit zwei
1951 2877 3035 2927 grundsätzlichen Naturen. Der rabenschwarze Paracelsus
1958 2917 3043 2955 dämonisch, prahlerisch, heftig, voll Stolz und Empörung des
1953 2957 3043 3007 geistig Ueberlegenen, mit Bewußtheit außerhalb der bürger¬
1955 2995 3043 3041 lichen Ordnung stehend, der sich nie und niemals unter¬
1949 3051 3035 3092 ordnen will. Der flachsblonde Wanderbursche, schüchtern,
1952 3085 3042 3130 aus Schüchternheit frech, sich leicht und gern anbiedernd,
1953 3107 3032 3169 dann lustig, unbekümmert, ein froher Geselle, aus Halt¬
1948 3150 2987 3202 losigkeit außerhalb der bürgerlichen und jeder Ordnung. —
1957 3183 3043 3254 Kein Wunder, daß diese Leistung begeistert ausgenommen
1956 3217 2111 3279 wurde.
2029 3245 3036 3322 Im „Paracelsus“ hatte Moissi Walter Brandt
1959 3301 3025 3358 und Renée Stobrawa zu Partnern. Brandt gab
1954 3336 3034 3380 lebensecht den selbstsicheren, erdenfesten Waffenschmied und
1956 3376 3026 3423 Ratsherrn und machte das Aufkeimen des Zweifels und den
1952 3413 3030 3447 Uebergang zu der resignie#ten Einsicht durchaus glaubhaft.
1955 3446 3032 3484 Bei der schwachen Charakterisierung des Stückes eine be¬
1953 3497 3022 3541 achtenswerte Leistung. Die Stobrawa kam aus sich nicht
1954 3528 3028 3571 heraus, ihre Wahrheit wie ihr Traumgesicht überzeugten
1948 3561 2074 3614 nicht.
2024 3584 3017 3652 In Tolstois „Er ist an allem schuld“ war
1940 3625 3014 3698 wieder Brandt der innerlich gutmütige, wenn auch jäh¬
1944 3686 3017 3732 zornige und rohe Bauer. Johanna Terwin gab seine
1956 3721 3019 3779 Frau. Beide gut in einzelnen Momenten bei der Dar¬
1955 3756 3016 3798 stellung der verschiedenen Stimmungen, aber beide ohne
1951 3794 3020 3845 das typisch bäurische Naturell. Das Milieu war nicht vor¬
1941 3839 3019 3883 handen. Für die Regie zeichnete in beiden Stücken Richard
1940 3871 3023 3915 Gerner verantwortlich. Sie war diskret, unaufdeinglich,
1949 3911 3040 3971 aber etwas langatmig. Mit Moissi kam und verschwand
1946 3937 2459 4003 das Leben auf der Bühne.
2708 3945 2993 4025 M. Charol.
