3392 4352
1254 167 1381 265 K
1740 214 1836 316 8
1846 249 1913 328 2
2274 261 2516 426 S
622 321 766 408 9
1161 387 1386 472 4
881 384 986 481 770
1956 426 2028 497 —
1193 454 1331 517 PE
1153 499 1282 546 L
1920 505 2141 607 W
1043 472 1113 624 *
1739 568 1805 654 7
1901 592 2141 664 WAE
1093 589 1266 675 S
1942 655 2023 712 —
1960 685 2047 760 *
2609 676 2772 767 J8
1626 695 1779 793 S
860 695 1232 824 *
508 703 646 814 2
1851 726 1910 785 20
1316 785 1357 826 2
1295 816 1358 868 8125
440 810 499 869 4
1567 890 1978 997 —
1416 938 1477 1014 8
1725 963 1866 1051 S
1331 1000 1549 1063 B
980 1060 1053 1131 000
1215 1134 1275 1216 70
1072 1124 1161 1229 620
474 1203 523 1268 *
740 1217 1885 1335 AITA
2095 1243 2181 1312 1
1400 1279 1705 1336 acn
566 1234 1539 1375 een Shen
1341 1312 1912 1421 en
2271 1378 2641 1462 SE
745 1444 2410 1515 Alexander Moissi, Renée Stobrawa, Walter Brandt in Schniilers „Paracelsus“.
433 1545 1588 1619 Es ist jetzt die Jahreszeit da die Theaterdirektoren nicht gute
1605 1538 2812 1604 mit süßer Zunge, er ist der Gütige, und schließlich hat er die große
388 1595 1595 1665 Stücke für das Publikum heraussuchen, sondern gute Stücke für die
1614 1603 2818 1655 Szene der Demütigung, als er, statt bestraft zu werden, entlaufen
384 1637 1599 1692 großen Mimen, die sich mal wieder in Berlin sehen lassen.
1597 1641 2812 1710 darf und noch dazu das Gestohlene als Geschenk erhält. Da exekutiert
378 1684 1602 1746 Publikum und Kritik brauchten sich also eigentlich weder um die
1601 1687 2807 1747 er, durch diese Güte härter gestraft als durch Strafe, die berühmte
381 1717 1587 1795 Stücke noch um die Aufföhrung kümmern, sondern nur um den,
1605 1722 2820 1786 Verneigung, da bricht Schluchzen aus ihm, da ist er ganz Buße und
382 1773 1442 1808 um dessentwillen Stück und Aufführung gestartet werden.
1610 1769 2819 1830 Beschämung. Das alles macht Moissi mit schelmischer Grazie, ein
437 1792 1606 1867 Nur durch eine Wand getrennt, spielt nun in den Kammerspielen
1605 1813 2824 1886 wenig sehr deutlich und wohlgefällig ... immer als Paracelsus wie
371 1853 1599 1911 Bassermann Schnitzler, und im Deutschen Theater Moissi
377 1893 1590 1951 Schnitzler... hier der große Bariton, dort der große Tenorio
381 1925 1596 1975 der Schauspielkunst. Sie spielen gerade den unbedeutendsten
2012 1933 2192 2026 AR
384 1967 1597 2017 Schnitzler, denn es wird ja nicht Schnitzler Schnitzlers wegen,
2032 1991 2392 2074 at
372 2019 1602 2071 sondern Bassermanns und Moissis wegen gespielt. Moissi gibt (in
2152 2039 2248 2078 —
377 2042 1603 2110 Berlin zum erstenmal) Schnitzlers Versstückchen im Renaissange¬
2162 2036 2519 2159 —
380 2094 1597 2156 kostüm „Paracelsus“ das in seiner harmlosen Tändelei
2086 2094 2176 2179 4
376 2143 1606 2190 manchmal an Koppel=Ellfelds „Goldene Eva“ erinnert, aber doch
370 2170 1066 2236 mit einem tiefen Sinn untermalt ist.
426 2218 1602 2284 Schnitzler ist bekanntlich der deutsche Dramatiker, in dessen
375 2229 1610 2303 Stücke am meisten Verführung und Ehebruch getrieben wird. Hier
2314 2236 2622 2363 S
367 2295 1596 2356 nun ist der Trick, daß kein Ehebruch geschehen ist (noch nicht). Die
382 2334 1595 2395 Frau des Baseler Biebermanns wird jedoch von Paracelsus derart
1951 2319 2176 2419 —
371 2377 1597 2437 hypnotisiert, daß sie glaubt, sie habe bereits wirklich Ehebruch ge¬
365 2419 1586 2478 trieben. So tritt sie (eine Trilby der Renaissance) dem Gaiien
2016 2427 2121 2497 V
368 2459 1585 2521 und dem #eliebten gegenüber, von ihrer Unzucht so überzeugt, und
377 2501 1596 2550 Die anderen überzeugend, daß keiner mehr weiß, was Wahrheit war.
2391 2469 2722 2615 4.—
431 2544 1596 2605 Philippus Aureolus Paracelsus Theophrastus von Hohenheim,
381 2588 1596 2637 genannt Bombastus, ein großer Arzt, Bagant und Philosoph in
372 2624 1591 2675 der ersten Hälfte des 16. Jahrhunderts, den man damals als einen
383 2677 1591 2732 Quacksalber verlästerte, und der gerade deshalb größten Zulauf
370 2702 1592 2773 hatte (denn immer erwirken die Quacksalber, nicht die Reellen, die
385 2762 1593 2804 stärksten Erfolge, weshalb sich schon oft Reelle als Quacksalber ver¬
373 2803 1590 2860 stellten . . .  vielleicht war's so auch beim Paracelsus, den heut¬
378 2842 1584 2901 zutage Aerzte w.. Philosophen wieder recht ernst nehmen und durch
368 2881 1583 2936 Neudrucke ehren) — Paracelsus also will sich eigentlich nur an dem
372 2932 1587 2980 hochfahrenden Jugendfreund und dessen Ehesicherheit rächen — er
371 2972 1588 3019 hatte einst die Frau selbst geliebt, und sie ihn . . . und plötzlich
370 3018 1590 3077 schwillt aus seinem Experiment eine tiefere Bedeutung hervor, den
376 3058 1575 3106 uns vor kurzem sehr ergötzlich auch Pirandello in „So ist es —
372 3095 1582 3144 ist es so“ auf dem Theater auseinanderklabuserte. Die Lehre beider
370 3140 1589 3184 Stücke stimmt merkwürdigerweise fast wörtlich überein: „Sicher¬
1772 3062 2030 3214 99—
370 3179 1571 3231 heit ist nirgends, wir wissen nichts von anderen, nichts von uns.“
373 3226 1579 3284 Es ist so, als hätte Paracelsus Kant und Einstein gelesen, aber es
1971 3218 2668 3320 Alexander Moissi.  #. M13.
371 3265 1502 3312 ist wahrscheinlicher, daß Kant und Einstein Paracelsus lasen.
1587 3288 2795 3374 als Wanderbursche mit süßer Stimme, ohne süßlich zu werden, aber
418 3302 1571 3380 Den Paracelsus spielt Moissi halb listig=pfiffig, halb gütig¬
1593 3348 2671 3417 jeden Vokal so auskostend, als sei er ein Schluck 21er Wein.
395 3338 1579 3396 weise... teils überlegen. teils demütig ..., allerdings ohne die
1641 3385 2796 3447 Und hiermit wirkt er immer noch so zauberisch auf die Jugend
360 3391 1582 3444 dämonische Magie, die diesem Manne innewohnte, und die auch
1585 3411 2785 3470 daß sie jedesmal nicht eher das Theater verläßt, als bis Moissi, nach
373 3438 1582 3482 Schnitzler ahnen läßt ... dagegen mit einem Schuß von Apostel¬
1591 3474 2803 3527 altem Brauch, schon abgeschminkt, im Paletot aus dem Türchen des
371 3484 1573 3531 tum, wie Moissi das liebt, und wie er so etwas am besten von allen
1595 3514 2795 3568 Eisernen Vorhangs tritt, und nun im Leben den Verehrenden die
370 3525 1574 3574 lebenden Schauspielern kann . .. und wie er sich auch den Wan¬
1598 3553 2802 3606 Hände reicht und lächelt mit schiefgeneigtem Kopf wie vorhin im
366 3560 1574 3621 derburschen in Tolstois kleiner Studie aus dem russischen Volks¬
1599 3603 2792 3663 Stück. Diese letzte Szene gehört zu jeder Moissi=Aufführung und
368 3613 1568 3666 leben „Er ist an allem schuld" zurechtgelegt hat. Als
1595 3637 2430 3690 muß deshalb wieder einmal erwähnt werden.
361 3647 1577 3696 Paracelsus ist er würdig mit lyrischer Salbung, als Wanderbursch
1649 3655 2787 3741 Schnißlers „Paracelsus“ wurde sonst leider gespielt, als wäre er
362 3687 1582 3756 fast ausgelassen heiter, aber still vor sich hin. Als armseliger, zer¬
1585 3719 2787 3768 wirklich von Koppel Ellfeld und nicht von Schnitzler: wie jene süß.
365 3730 1571 3783 schlissener Tramp kommt er flachsblond, mit breiter, bunter Kra¬
1592 3764 2801 3822 lichen Kostümstücke des ausgehenden 19. Jahrhunderts, die so ver¬
371 3770 1579 3834 watte, mit trippelnden Schritten, verschmitzt, mit aufgelesenen,
1595 3806 2795 3856 fälscht waren wie die Kitscharchitektur dieser Zeit. Ohne Atmo¬
978 3802 1572 3869 Erst den armen Bauern
362 3809 985 3867 angelesenen Fremdwörtern.
1587 3846 2795 3897 sphäre, zerdehnt, mit dilletantischen Humoren; und man vergaß
366 3843 1570 3912 Gutes antuend, indem er die Saufbolde zur Ruhe bringt (denn er —
1593 3894 2799 3940 sogar die Sonne untergehen zu lassen, womit die Schlußpointe, daß
367 3904 1569 3956 der Alkohol — ist an allem schuld), dann, sich selbst besaufend, beklaut
1592 3928 2818 4003 die Frau von ihrer Trance geheilt ist, sobald die Sonne sinkt, worauf
356 3934 1569 4001 er seine Gastgeber und, erwischt, demütigt er sich. Hier kann Moissi
2417 3962 2799 4046 Kurt Pinthus
364 3981 2153 4048 sich in harmloser Weise ausleben: er singt ein Volkslied, er überredet] alle warten, unwirksam ward.
2725 4014 2823 4090 —
