3392 4352
993 204 1486 297 box 14/6
414 213 905 280 Paracelsus
165 220 904 320 9.1. Purasssaus
2530 952 2816 1040 1
1546 1008 2808 1087 ob er Menschen von heute, ob Christus mit seinen Jüngern oder Feld
1548 1038 2808 1114 und Wald mit Farbe und Pinin auf die Leinwand bannt, ein gemein¬
1565 1093 2812 1152 samer Zug geht durch alles: gleichsam ein religiöser Einschlag, der im
1567 1131 2814 1203 Menschen den göttlichen Funken, in der Landschaft die Schöpfung Gotter
1559 1155 2814 1253 ahnen lößt. Darum eben ist es so ungemein schwierig, rein technisch#
1561 1202 2790 1272 abschätzend an Steinhausens Kuni wie an die seines Freundes Hank
1559 1240 2797 1318 Thoma, heranzutreten. Mir ist dabei immer, als sollte ich eine selten
1565 1287 2805 1338 Blume, nein eine schöne heimische Blume zerpflücken, um ihre Schön
1563 1329 2809 1394 heit erst voll würdigen zu können. Anziehend ist mir, wieviel von de
1571 1366 2799 1407 Künstlers Wesen, bei wirklicher eigener Begabung, auf seine Tochter Fra¬
1577 1405 2805 1449 Paquet Steinhausen (Dresden) übergegangen ist, von der ich besonder
1561 1445 2802 1509 das kleine Bild Strandblumen hervorheben möchte. Claus=Meyer au
1567 1484 2734 1529 Düsseldorf zeigt sein großes Gemälde, Jesus lehrt
1553 1512 2809 1567 Tempel, das bereits durch Nachbildungen bekannt und geschätzt ist. Hell
1554 1564 2800 1626 mut Eichrodt bewährt sich wieder als guter Maler junger Mädchen un
1559 1600 2800 1650 Kinder. Bauser, der sich durch seine Hebelstatnette, der Herr Präla¬
1558 1634 2790 1689 besonders bekannt und bei den Hebel=Verehrern durch seine vorzügliche
1558 1676 2793 1743 Abgüsse beliebt gemacht hat, hat eine reizende Kinderbüste in weißer
1555 1709 2799 1795 Marmor ausgestellt. Mit einer eigenartigen Holzskulptur eines heilige.
1556 1751 2130 1815 Sebastian ist Blaser vertreten.
1588 1800 2786 1860 Aus der Welt der Kunst und des Scheins führt uns der Weg nock
1567 1825 2783 1889 nals zur Wirklichkeit, dem Alltag mit seiner Not und dem erfreuliche
1558 1885 2799 1925 Ausweg aus dieser. Der Landeswohnungsverein hat in de
1563 1921 2786 1981 Gewerbehalle eine Ausstellung veranstaltet, mit einer Menge ste
1565 1953 2794 2011 tistisch wertvollen Materials über die Wohnungsnot, wie über de
1558 1991 2759 2045 segensreiche Wirken der Gartenstadtbewegung. Gleichzeitig bietet si
1557 2036 2779 2089 den Karlsruhern Gelegenheit in ihrer Gartenstadt auf Rüpurrer G
1558 2068 2756 2125 lände, wo seit einigen Wochen die ersten Bewohner eingezogen sind,
1557 2106 2779 2161 einem der Reihenhäuser mit Dreizimmerwohnungen eine geradezu vo
1560 2152 2786 2194 bildliche Landhaus=Einrichtung zu besichtigen, die auch für einen Arbeit
1555 2192 2756 2240 der Oberschicht nicht unerschwinglich ist. Aber auch für solche Mieter, d
253 2171 1374 2295 Aussehnitt aesStrassburger Post
1550 2223 2766 2276 schon mit älterem Hausrat hier einziehen, lassen sich allerlei Anregung
1546 2253 2771 2317 durch eine Besichtigung finden, und sei es nur über die Raumgestaltun
246 2290 350 2373 101
1536 2291 2786 2361 bis=Fensterbekleidung mit einfachem Leinen oder bunt bedrucktem Sto
1549 2345 2778 2401 und durch den Steindruck an der Wand. Es ist klar, daß die Garte¬
989 2335 1561 2414 Weburtstag gab das Hof¬
457 2347 803 2420 n 131 Schnff
1570 2384 2765 2445 stadt mit ihren Vorzügen, wie überall, zunächst auch hier bei uns wenigt
316 2383 1557 2440 wheater zum Fsten Mate, den Paratelsus aus dem Zyklus Der grüne
1561 2421 2766 2480 Arbeitern in gehobener Stellung zugute kommen kann und wird; der er##
321 2425 1571 2475 Kakadu, womkt sich der Dramaturg Dr. Kronacher, der für diesen Abend
1568 2458 2775 2521 physische Hunger muß gestillt sein, ehe im Menschen der geistige Hung¬
327 2459 1561 2520 auch die Regie hatte, ein Verdienst erwarb. Den Paracelsus spielte
1569 2499 2761 2554 und das Verständnis einer auf Selbsthilfe beruhender Verbesserung
336 2500 1558 2556 Otto Hertel, in dem unsere Bühne seit vergangenem Jahre eine tüchtige
1570 2538 2768 2577 wachen kann.: Diese Bewegung aber wird auf immer weitere Kreis
329 2535 1555 2599 Kraft besitzt. Glänzend war der Abgang des Wundermannes mit den
1558 2573 2768 2640 übergreifen zum Segen eines gedeihlichen Familienlebens und eines ##
323 2583 1563 2639 ruhig würdig gesprochenen Worten: „Wir spielen Alle, wer es weiß,
1556 2611 2763 2656 sunden Nachwuchses. Ich hatte auch Gelegenheit, das Heim des Leiten
328 2620 1559 2672 ist klug“, Worte, aus denen der ganze Wiener Dichter selbst zu sprechen
327 2656 2744 2704 scheint. Vorzüglich waren auch der eitle, selbstsichere Ehemann des der Gartenstadtbewegung, Dr. Hans Kampfmeyers, zu besichtigen,
321 2692 2738 2739 Herrn, Pleß, der Stadtarzt des Herrn Dapper, Alwine Müller als dem jedes einzelne Stück des Hausgestühls von dem Geschmack d
334 2732 2720 2780 Schwester. Der Junker Anselm eines Gastes stach neben dieser vor. Künstlecehepaares Zeugnis ablegt. Die harmonische Wirkung
322 2770 2758 2819 züglichen Besetzung etwas schülerhaft ab, doch zeigte auch er schauspie=4 Ganzen ist bei den Neuanschaffungen mit den denkbar einfachsten Mittz
325 2805 2778 2881 lerische Begabung. Glänzend bewährte sich wieder einmal die Viel=erzielt; es zeigt sich kein störendes Auseinanderklaffen der neuen S##
316 2845 2548 2908 seitigkeit Melanie Ermaths, die hier die Rolle der Justina, in der nach= von dem Urväter Hausrat, der hier libevoll gesammelt ist.
322 2886 1580 2960 folgenden Liebelei die der Christine hatte, hier das Weibchen dart das
322 2931 1566 2990 leidenschaftliche junge Weib mit all seinem Glück und Leid. Den Vorer,
313 2968 1563 3023 den alten Musikanten gab Wilhelm Wassermann in herzerwärmnender
314 2989 1573 3071 Art. Frisch und liebenswürdig wirkte Eise Noormann als fesches Weaner
313 3032 1562 3101 Mädel voll leichten Sinns. Daß unsere beiden Wiener, Felix v. Krones
315 3078 1562 3133 und Fritz Herz den Rollen der beiden Wiener jungen Herren zum besten
315 3116 1440 3162 Gelingen verhelfen würden, stand für die Theaterbesucher fest.
346 3164 1563 3218 Im Kunstverein fesselt vor allem eine Bilderauswahl von Wil¬
307 3199 1572 3241 helm Steinhausen, in der Porträts Bilder religiösen Charakters und
309 3236 1559 3299 Landschaften vertreten sind. Der Frankfurter Meister verblüfft nicht
304 3254 1572 3314 durch jene Vielseitigkeit, die dem Beschauer von heute oft auch beim bil¬
303 3305 1610 3393 benden Künstler das Wesen der Kunst auszumachen scheint. Gleichviel-
