3392 4352
388 153 868 226 Paracelsus
1023 153 1453 245 box 14/6
132 151 876 247 9. 1    ee
2501 167 2978 246 So benutzen Sie zur Kontrolle
2495 241 2922 278 der von Ihnen vergebenen
1831 177 2494 306 Inserieren Sie!
2493 264 2915 316 Insertions - Aufträge mein
1819 300 2914 420 Inseratenkontrellbuch :
1871 436 2937 519 Buchdruckerei, Geschäftsbücherfabrik u. Formularverlag 9
1823 491 2936 567 Otto Dreyer, Berlin W 57, Kurfürstenstr. 19
1818 561 2927 623 Fernsprecher: Lützow 8883, 7820, Mollendorf 1052. — Gegründet 1874.
1884 671 2867 757 ADOLF SCHUSTERMANN
1808 757 2922 848 ZEITUNGSNACHRICHTEN-BUREAU
2012 815 2717 912 BERLIN SO 16, RUNGESTR. 22-24.
1867 922 2099 1000 Zeitung:
2201 938 2656 1053 Der Film. Berlin
1876 1020 2117 1113 Adresse:
2400 1047 2815 1146 .1 1. MAl
1865 1139 2087 1202 Datum:
1727 1171 2940 1249 AmmscnnuinenlmtimentnttRnenittReHIHftiIIRcRArSCulIIiHIHlSiktiIHHIHTSainn UnWsSanmste
1754 1251 1787 1293 5
2127 1273 2551 1344 Theaterschau
1752 1372 2925 1417 imnerinmumtsnanmntsnimnnstnnnkuhhmenmkaunmemmimnssiimhminnenniinimnemmntt.
2103 1403 2555 1479 Ein Moissi-Abend.
1797 1452 2943 1527 Moissi hat eine große Berliner Gemeinde, aber er kommt
1731 1515 2940 1579 nur sehr selten, und dann sind es gewöhnlich festliche Tage.
1799 1567 2946 1616 Moissi als Gast. Er spielt nicht mehr so wie sonst in
1736 1608 2944 1677 diesem Tolstoistück alle anderen in Grund und Boden, aber
1747 1664 2806 1730 er spielt doch so, daß er merklich über ihnen steht.
1799 1704 2951 1773 Moissi spielt auch Schnitzler, aber im Vergleich zu
1732 1754 2942 1813 Bassermann verliert hier Moissi etwas, er ist zu sehr ein
1742 1806 2948 1884 Arbeiter an seiner Kunst, er gibt zuviel Ziseliertes, Heraus¬
706 1792 1344 1873 Dr. Max Goldschmiet
712 1866 1352 1939 Büro für Zeitungsausschnitte
1726 1863 2933 1943 gearbeitetes, daß manches Menschliche dabei verloren geht.
525 1901 828 1968 BERLIN N 4
1078 1910 1515 1975 Teleton: Norden 3051
1723 1936 2946 1992 Im Vergleich zu Bassermann ergreift dieser mehr die rein
1727 1972 2935 2040 imenschlichen Züge, während Moissi eben auch Schauspieler
845 1983 1201 2059 Husschnitt aus:
2799 2016 2907 2075 W.
1732 2033 2363 2107 (bei aller Menschlichkeit bleibt.
576 2035 1471 2114 Fränkischer Courier, Nürnberg
2320 2079 2367 2127 *
1779 2074 1947 2158 *—
907 2104 1262 2213 8.Nov. 1924
1667 2271 2691 2348 Ganze mehr eine Studie als eine Komödie nennen —
621 2259 1655 2396 Intimes Theater: Gastspiel Moissi.
1673 2334 2696 2377 gibt Moissi den Wanderburschen, der in die Familie
1679 2371 2697 2431 eines russischen Bauern hineingrät, dort die von
1166 2370 1616 2458 .n. Nürnberg, 6. Nov.
1672 2401 2697 2470 Alkohol beherrschten Vorgänge miterlebt und schließ¬
657 2437 1643 2501 Am Donnerstag begann Alexander Moissi sein
1666 2446 2696 2508 lich selber in die Fänge des Schnapsteufels gerät; von
658 2478 1647 2548 it Spannung #warretes Gastspiel im Intimen
1670 2484 2696 2543 Handlung kann man nicht sprechen, wohl aber bietet
631 2515 1648 2569 Theater. Er brachte zwei Stücke mit die man
1667 2523 2701 2576 dieser Wanderbursche dem Künstler besondere Mög¬
618 2551 1645 2621 sonst selten sieht: Schnitzlers einaktiges Vers¬
1662 2560 2704 2640 lichkeiten, seine Kunst zu zeigen. Moissis eigenes We¬
617 2597 1644 2661 spiel: „Paracelsus“ und Lev Tolstois Dorf¬
1668 2604 2700 2671 sen spiegelt sich wider in dem weichen, von der Eigen¬
620 2639 1637 2698 komödie „Er ist an allem schuld“. In dem ersten
1671 2645 2700 2713 art des Slawen völlig erfüllten Charakter des Land¬
624 2677 1648 2744 Spiel hatte der Gast den berühmten Wunderdoktor
1654 2677 2681 2748 streichers. Es stimmte erheiternd und traurig zu¬
621 2713 1636 2780 Paracelsus zu geben, der das Weib desreichen, stol¬
1658 2725 2690 2787 gleich, wie er in der Gestalt des heruntergekommenen
622 2764 1643 2819 zen Waffenschmieds Cyprian in hypnotischen Schlaf
1663 2768 2696 2829 Bummlers seine angeblich vornehme Abstammung
624 2797 1643 2846 versenkt und dem Gatten dabei zeigt, wessen sein Weib
1652 2799 2696 2864 herauskehrt in der gezierten Sprache mit den falschen
621 2833 1636 2898 fähig sein könnte, — wenn nicht alles Traum wäre.
1657 2842 2693 2909 Betonnugen, in dem konventionellen Benehmen, wie
613 2879 1633 2932 Aber Traum und Wachen, Wahrheit und Lüge fließen
1652 2891 2686 2943 er durch den Alkohol in Ekstase gerät und ein russi¬
614 2914 1636 2983 ineinander, Sicherheit ist nirgends, meint Paracelsus:
1657 2916 2690 2984 sches Freiheitslied singt, wie er nach dem Diebstahl
624 2957 1634 3013 „Wir wissen nichts von anderm, nichts von uns.
1655 2954 2687 3008 sich selber demütigt und lautlos verschwindet; alles in
610 2994 1639 3057 Wir spielen immer, wer es weiß, ist klug“. Eine
1658 3001 2681 3052 allem eine Beherrschtheit des Tones, ein förmliches
614 3040 1639 3097 Schnitzlersche Spielerei wenn man will, doch bietet
1656 3034 2691 3095 Aufgehen in sich selbst und ein auf Innerlichkeit des
1082 3073 1115 3108 8
614 3065 1636 3139 die Figur des Paracelsus Probleme, sie ist nicht nur
1655 3074 2677 3127 Tones gestelltes Spiel, wie man es eben nur bei
617 3104 751 3157 von hi
794 3117 1636 3182 rischem Interesse, sondern auch menschlich
1652 3117 2674 3178 Künstlern von besonderem Schlage trifft; daß Moissi
618 3143 752 3198 interess
761 3148 809 3192 ant
857 3159 1628 3220 die hervorragenden Kolbenheyerschen
1655 3147 2677 3217 es nicht vermeidet oder nicht vermeiden kann mit
614 3187 1643 3264 Romane haben die Gestalt des seltsamen Weisen
1654 3183 2672 3258 seinen Rollen etwas zu kokettieren, wurde schon betont,
614 3233 1634 3270 Paracelsus wundervoll geschildert. Bei Schnitzler
1662 3241 2672 3302 aber merkwürdig ist es, daß er damit keineswegs aus
619 3266 1629 3336 spielt Paracelsus mit Menschenseelen; über sie hat er
1658 3268 2685 3338 seinen Rollen fällt, sondern daß man diese Koketterie
609 3315 1633 3370 nach der Annahme des Dichters vollkommene Gewalt.
1650 3314 2672 3375 als eine Selbstverständlichkeit empf#idet und hin¬
617 3342 1631 3408 Moissi verstand es, die Figur mit den Schleiern des
1646 3350 2684 3416 nimmt. Es ist klar, daß er die Stücke und Rollen
612 3382 1626 3453 Geheimnisses zu umwinden, in seiner wundervollen
1646 3392 2675 3454 nach seinem persönlichen Geschmack wählt. Was die
614 3427 1624 3487 weichen, ruhigen und klingenden Sprache das Wesen
1650 3425 2670 3496 Darstellung durch unsere einheimischen Künstler be¬
608 3464 1633 3527 des wissenden Seelenkünders anzudeuten freilich nicht
1643 3457 2670 3536 trifft, so durfte die Aufführung des Schnitzlerschen
609 3501 1627 3566 ohne daß eine Dosis Koketterie mit in das Spiel ge¬
1650 3508 2671 3589 Spiels, bei dem die Herren Barg, Hetting und
603 3541 1625 3609 worfen wurde so daß das Gewollt=Schauspielerische,
1650 3535 2670 3601 Costa neben den Damen Schild und Ober¬
607 3580 1623 3642 wenn auch auf keineswegs nuangenehme Weise, einem
1642 3590 2671 3652 länder beteiligt waren, den Vorrang beanspruchen
612 3623 1629 3668 ins Bewußtsein trat. Moissis Spielweise hat etwas an
1641 3625 2671 3686 vor der Darstellung der Tolstoischen Komödie, bei
606 3657 1619 3727 sich, was tatsächlich zwischen Traum und Wachen
1636 3663 2668 3724 welcher Frl. Sohns so ziemlich daneben geriet.
604 3699 1625 3766 schwebt; wie er in sich hineinlächelt, wie er sich ins
1645 3703 2661 3765 Eher konnten Frl. Haagen und Herr Alster be¬
1649 3739 2665 3807 stehen; doch war auch ihnen nicht ohne Einschränkung
605 3742 1627 3808 Pathetische erhebt um den Ton fast unpermerkt wie¬
597 3783 1622 3844 der zu senken, das ist erstaunlich; er versteht es, sein
1644 3787 2661 3847 zuzustimmen. Das Publikum ließ sich durch das Spiel
592 3820 1627 3871 Spiel in dem Herzen des empfindsamen Zuschauers
1630 3816 2436 3890 Moissis zu stürmischem Beifall hinreißen.
598 3859 1621 3911 mitklingen zu lassen. In der Komödie Tolstois, die
1846 3878 2081 3959 41. —
585 3896 1672 3982 sich gegen den Alkohol richtet, — man möchte das 1
2243 3888 2430 3974 Mn
