3392 4352
1231 127 1658 216 box 14/7
589 135 1095 207 Gefaehrtin
166 142 1095 243 9.2 D 1 en aeien enene easce.
1677 513 2077 701 Telephon 12801.
1214 795 1910 888 Knretr
930 892 2076 952 O l. österr. behördl. konz. Unternehmen für Zeitungs-Ausschnitte
1097 955 1989 1024 Wien, I., Concordiaplatz 4.
916 1019 1042 1087 4
1331 1016 1760 1080 Vertretungen
1000 1055 2088 1120 in Berlin, Budapest, Chicago, Christiania, Genf, Kopen¬
1012 1100 2089 1165 hagen, London, Madrid, Mailand, Minneapolis, New-Vork,
1038 1159 2061 1216 Paris, Rom, San Francisco, Stockholm, St. Petersburg.
1344 1190 1750 1243 QQuellenangabe ohne Gewähr.)
1523 1236 1858 1326 13 5 1906
792 1243 1429 1354 Ausschnitt aus:
1790 1282 1954 1365 08
1439 1297 1813 1387 uuleggere .
930 1357 1165 1421 E vom:
1120 1536 1907 1627 Verein zur Pflege Tramatischer Kunst.
1600 1605 2129 1669 + Straßburg, 14. Mai.
942 1656 2146 1719 Micdrei Elnaktern hat der Verein das Quadrat seiner Auffüh¬
903 1697 2138 1761 rungn diesem Jahre vollendet. Das eine Stück sagt: Du glaubst,
904 1739 2134 1803 weil dusedelmütig und tapfer bist, ein Aurecht auf Genugtmung zu
903 1771 2129 1831 haben, das Schicksal antwortet Dir aber: Miß deinen Edelmut an
907 1815 2133 1880 dem Maßstab der Gemeinheit. Das Stück mit dieser Lehre, die der
907 1856 2135 1922 Wiener Arthur Schnitzler, der spitzschleifende Essayist, gibt, nennt sich
905 1890 2135 1930 mit bitterem Hohn ie Gefährtin“. Ein echter Mann, der neben¬
902 1930 2134 1984 bei Professor ist, hat ein um 20 Jahre jüngeres Weib geheiratet. Er
898 1969 2129 2015 weiß, daß er den Sinnen seines Weibes nicht den Wunsch der strotzen¬
897 2014 2128 2066 den Jugend erfüllen kann, und findet sich deshalb mit dem Bewußtsein
895 2056 2134 2110 ab, daß seine Frau einen jungen Hausfreund liebt und von ihm geliebt
894 2093 2140 2143 wird. Er hält diese Liebe für echt, duldet, ja beneidet sie. Da stirbt
896 2127 2141 2177 die Frau, der Schleier wird von seinem Blick weggezogen, die gewöhn¬
897 2168 2121 2213 liche Liebschaft, das dreieckige dreckige Verhältnis grinst ihm hohn¬
907 2201 2133 2275 lachend entgegen. Mit einem zum Begräbnis verspätet eingetroffenen
899 2250 2136 2283 Kranz deckt er die Erinnerung an sein dirnenhaftes Weib. Such is
901 2281 2131 2342 life! — Und das zweite Stück schildert in glänzenden Versen,
904 2326 2129 2381 wie sie farbenreich und üppig Oskar Wilde fassen konnte: „Eine
894 2358 1455 2408 florentinische Tragödie“.
1471 2364 1992 2419 Des Händlers Simone
1990 2364 2127 2418 schöne
896 2405 2001 2456 goldblonde Bianca wird von ihrem von Geschäften
1999 2403 2127 2453 heim¬
889 2437 2137 2492 kehrenden Gatten am späten Abend in Gesellschaft des Edlen
889 2479 2129 2536 Guldo Bardi überrascht. Jugendlicher Leichtsinn und tiefgründige Liebe
890 2518 2133 2566 im Herzen eines Mannes, der über seinem Kramladen die Kraft nicht
896 2559 2130 2605 verlor, treten einander gegenüber. In kalter Berechnung, in einem
898 2606 2126 2654 grausamen Spiele weiß Simone den schnöden Liebhaber vor die Klinge
894 2638 2123 2685 zu bringen. Die schöne Bianca flüstert dem Liebhaber zu: Töte ihn!
896 2680 2123 2735 Die Degen klirren, der starke Simone entwaffnet Guido, man greift im
886 2710 2122 2758 nur vom Flackerkerzenlicht durchzuckten Raume zu den Dolchen. Guldo
894 2753 2128 2810 unterliegt der starken Hand, die ihm die Gurgel langsam, qualenweidend
890 2795 2131 2839 zuschnürt — und Bianca stürzt sich an die Brust des Gatten mit den
904 2835 2131 2891 Worten: „Hätte ich gewußt, wie stark Du bist.“ Das Fragment
894 2868 2125 2924 Wildes ist ein schwarzer Samtvorhang, in den goldene Verse hinein¬
891 2906 1129 2965 gestickt sind.
922 2948 2134 3011 Das dritte Stück ist ein Satyrspiel von Ludwig Ganghofer, das
891 2981 2128 3045 uns höhnisch zuruft „Das Recht auf Treue?!“ Es gibt
887 3022 2115 3079 nicht nur ein Recht auf Treue für Gatte und Gattin son¬
894 3061 2125 3113 dern auch ein Recht auf Treue für den Liebhaber. „Ein jahre¬
887 3098 2111 3149 lang geübtes Unrecht“ sagt der Liebhaber in dem Stücke, „wird
898 3146 2126 3196 schließlich ein Recht“. Ein Spruch, der dem Juristen nicht ganz fremd
899 3187 2127 3242 ist. Waldemar, Josefs treuer Freund, den dieser um keinen Preis missen
888 3226 2115 3282 will, liebt Frau Kunigunde. Als sie Waldemars überdrüssig wird,
883 3275 2116 3318 kommt es zum Streit, der den Liebhaber veranlassen soll, aus dem
893 3304 2101 3352 Hause zu gehen. Er besteht aber auf seinem Recht der Treue und es
895 3340 2093 3393 wird in drolligen Szenen geschildert, wie Waldemar schließlich durch
896 3383 2096 3426 Kunigundes schlaues Spiel gar zwei Zimmer im Hause des Gatten
891 3416 2114 3462 angewiesen erhält, damit er sein Recht auf Treue da noch viel be¬
886 3458 2116 3518 quemer als früher ausüben kann. Satyre, die am Eingang und Schluß
888 3494 2109 3546 Tänze aufführen, geben dem Stück den sinnlich symbolischen Rahmen.
924 3539 2123 3600 In allen drei Stücken wurde sehr gut gespielt, besonders die zwei
894 3573 2122 3634 letzten fanden durch Melanie Krüger=Michaelis, Marg. Conrad,
891 3612 2128 3652 Corge, Clewing, der eine ausgezeichnete naturalistische Sterbeszene!
895 3646 2131 3723 bot, Fritz Schmith und Gustav Schmidt, vorzüglich als humoristisch
890 3699 1747 3753 wirkender Waldemar, eine treffliche Darstellung.
1557 3727 1765 3811 Sn
