3344 4352
497 150 893 225 racelsus
168 157 906 274 9.1. P. . d d
1052 147 1474 237 box 14/6
2118 86 2733 190 „ODSERVEN
2836 95 3019 178 Nr. 7
1718 169 3136 262 I. österr. behördl. conc. Bureau für Zeitungsberichte u. Personalnachrichten
1901 253 2986 341 Wien, IX/1, Türkenstrasse 17.
2118 331 2772 411 Filiale in Budapest: „Figyelö“ —
1805 405 3060 491 Vertretungen in Berlin, Chicago, London, Nowyork, Paris, Stockholm.
1703 536 2241 599 Ausschnitt aus:
2078 633 2287 744 720
1715 669 2125 791 vom
1968 709 2004 741 M
2250 1065 2712 1170 Die Bühnen.
1992 1133 3062 1219 —— Deutsches Theater. Gestern zum ersten Male
1904 1196 3056 1260 „Winterschlaf“ Drama in drei Akten von Max Dreyer.
1992 1241 3047 1301 Beim Aufgehen des Vorhangs erblicken wir eine gemüthliche,
1903 1283 3064 1348 von einem mächtigen Kachelosen durchwärmte Försterstube; draußen
1896 1341 3053 1395 hinter dem Fenster wirbeln die Schneeflocken zwischen den Tannen,
1894 1380 3063 1431 der Sturm heult um die Wände, und wir glauben es gern, daß
1902 1420 3073 1482 wir uns tiefmitten im Walde, fern jeder heuchlerischen, über¬
1890 1465 3053 1527 tünchten Stadtkultur befinden. Der alte, kreuzbrave, knurrige
1894 1514 3049 1575 Förster Ahrens mit dem riesigen Bart, den riesigen
1902 1551 3053 1620 Stiefeln und den bescheidenen, orthographischen Kenntnissen,
1899 1588 2192 1651 die schwer
2310 1596 2609 1654 behandelnde,
2608 1603 3049 1659 weisheitsvolle Tante
1895 1645 3043 1707 Gerloff“ mit dem ebenfalls riesigen Strickstrumpf, das sich
1894 1682 3056 1740 langweilende, nach Höherem sich sehnende Töchterchen „Trude“,
1893 1722 3051 1796 thörichterweise erzogen in der, Försterbildungsverhältnisse weit
1898 1771 3053 1815 übersteigenden städtischen Pension, der robuste, grob=energische, an¬
1892 1814 3054 1877 Bildung tiefer stehende und daher nicht für sie passende Ver¬
1887 1856 2384 1914 lobte, der Forstgehilfe
2392 1857 2557 1917 „Voigt“
2682 1861 3049 1931 Alles liebe, gute
1889 1898 2695 1956 Bekannte aus Leihbibliotheksromanen!
2793 1901 3054 1967 Jetzt fehlt
1896 1930 3054 2010 nur noch — Wer? — „Er!“, der Geistige! Im Schnee ver¬
1717 1989 1821 2061 Für
1837 1994 3117 2047 50 schüttet, wird er in Gestalt eines wandernden (— von Redaktion sv#
1811 2037 3083 2092 100 zu Redaktion wandernden? —) Schriftstellers von den biederen.
1813 2084 3096 2142 200 Forstleuten aufgefunden, und so kommt er, d. h. er wird herein=ar
1805 2119 3112 2189 500 getragen, die Handlung, das eherne, schnurrbartbewaffnete Schicksal, zus.
1753 2131 3104 2230 1000 wird auf die Bühne getragen. „Er und Sie“, das ewige
3077 2191 3158 2256 das
1844 2211 3060 2306 Iin Paar, diesmal Trude und Hans genannt, verstehen sich sofort
1735 2229 1921 2303 Abonnem
1920 2273 3057 2322 wundervoll. Furchtbar interessant! O seliger Benedix, bist
1732 2291 1920 2357 Abonnent
1911 2306 3054 2374 [Du noch immer nicht todt?! Holde Phrasen von „Menschen¬
1915 2363 3049 2423 beglückung“, von „sozialem Liebeswerk“, von „Lebenausfüllen“.
1921 2403 3044 2450 und „Kräfte bethätigen", wo „draußen“ so viel Kräfte „ge¬
1905 2445 3047 2500 braucht“ werden — na, wenn das nicht modern ist?! — flüstert
1904 2484 3043 2547 man geheimnißvoll. Trude hört athemlos zu; sie hat ein schreck¬
1910 2524 3044 2596 liches Loos getroffen, im Winterschlaf hat sie bis jetzt gelebt,
1912 2587 3046 2635 noch niemals Berlin und — man denke! — noch niemals elektrisches
1906 2618 2987 2681 Licht gesehen. Das arme Kind! Die horchende, alte D#
1900 2656 3071 2721 murmelte etwas wie „Quatsch!“ Sehr richtig! schallt es als
1896 2701 3052 2761 infernalisches Echo aus der litterarischen Loge; denn dieser in
1904 2736 3059 2804 ewigem Kampfe mit dem Gerichtsvollzieher stehende Dichtersmann,
1901 2786 3057 2847 dieser unpraktische, unklare und, was das Schlimmste ist, als
1909 2823 3069 2908 Meusch unbedeutend erscheinende Scribifax, wird niemals
2922 2877 3054 2932 Haus
1902 2881 2911 2932 im Stande sein, aus eigener Kraft sich ein
2924 2924 3051 2976 dazu
1904 2926 2919 2977 zu gründen, viel weniger vermögen, Anderen
2642 2957 3054 3023 oder vielleicht gerade
1907 2967 2520 3024 zu verhelfen. Trotz alledem
1912 3013 3054 3066 darum! — verliebt sich das welt= und menschenunkundige
1907 3058 3051 3111 Mädchen in den Beschnurrbarteten, der nach des Dichters Willen
1909 3102 3045 3151 die geistige Freiheit personifiziren soll, in Wirklichkeit sie jedoch
1904 3138 3056 3203 durch seine unbedeutende, nichtssagende Individualität kläglich
1905 3174 3052 3231 herabsetzt. Trude erfährt von ihm, daß er morgen nach
1910 3213 3056 3280 Berlin reisen will, und, um ihm nahe zu bleiben,
1912 3264 3054 3334 ist sie entschlossen, dort eine Stellung als Kind ergärtnerin an¬
1910 3313 3057 3368 zunehmen, wahrscheinlich um sich an dem „sozialen Liebeswerk“
1915 3356 3073 3411 zu „bethätigen“. Papa Förster schnuppert einen Augenblick be¬
1903 3400 3060 3465 denklich, als ob er den Braten röche, dann aber, als ihm das
1910 3436 3009 3495 Töchterchen vorlügt, daß sie nur, um die Welt kennen
1910 3484 3056 3543 lernen, hinaus wolle, beruhigt er sich und giebt seine
2933 3532 3054 3582 der
1907 3532 2939 3589 Einwilligung, vorausgesetzt, daß „Franz Voigt“
1913 3574 3061 3623 Verlobte nichts einzuwenden habe. Dieser aber läßt sich nicht
1912 3611 3059 3666 irreführen, rasend vor Eifersucht giebt er zwar scheinbar, um
1920 3660 3057 3721 einen offenen Bruch mit der Geliebten zu vermeiden, seine Ein¬
2952 3707 3060 3754 da¬
1907 3704 2939 3751 willigung, schleicht sich jedoch in ihre Kammer,
2135 3742 3064 3816 sie durch ihre gewaltsame Entehrung sich
1916 3753 2074 3804 mit er
1906 3786 3060 3849 sichere — ein ebenso praktischer, als gemüthvoll denkender
1910 3835 3056 3888 moderner Romeo! Am nächsten Morgen erfährt Papa Ahrens
1921 3863 3069 3937 das Gräßliche und in tragischer Entrüstung über den infamen
1921 3930 3057 3988 Bengel, der sich allzu vorzeitig in die Blutsverwandtschaft ein¬
1921 3973 3053 4021 drängen will, greift er zum — Schwert? — nein, zum Stock.
1910 4015 3063 4062 Allein, bevor es zum Aeußersten, d. h. zu Hieben kommt,
2395 4056 3056 4117 ihrer einsamen Kammer das
1918 4049 2377 4111 hat sich Trude in
2424 4091 3053 4138 Merkwürdige- Weise in dem Augen¬
2156 4087 2398 4139 n. Schl##
