3392 4352
1006 197 1443 303 box 14/6
121 198 850 308 9. 1. Paracelsus
394 251 875 327 GAGE
915 372 1031 443 HUTN
799 504 1065 605 G
448 389 833 673 85
643 593 1043 693 Werbe-Entwüirfe
489 658 1046 724 TEMGANEABE OTTO DEEVER
487 716 1044 771 BELLIN W5T-KURFOLSTENSTS 10
554 798 1549 904 ADOLF SCHUSTERMANN
477 883 1608 995 ZEITUNGSNACHRICHTEN-BUREAU
637 970 1458 1064 BERLIN SO. 16, RUNGESTR 22-24
567 1049 824 1157 Zeltung
1118 1134 1344 1265 Borlin
555 1168 1112 1284 onateilt ag
1125 1207 1557 1356 & R MAIMES
549 1288 804 1366 Datum:
619 1435 2648 1597 MNoissi=Abend im Deutschen Theater.
1830 1703 2154 1813 Ge
1962 1940 2004 1987 —
1904 2057 2119 2251 2
845 2295 1211 2408 #
1453 2632 1734 2699 S
1417 2818 1603 2889 ererhe
1579 2836 1708 2876 R
1480 2830 1919 2937 G
1466 2860 1524 2904 76
1368 2857 1719 2940 nn an eer
2274 2858 2503 2970 2
1398 2910 1541 2944 —
1970 2898 2292 2990 R
1350 2899 1873 3012 rer
2350 2924 2469 2991 —
1861 2943 1924 3041 9
2277 2957 2628 3062 SOZ
748 3052 2441 3112 Alexander Moissi, Renée Stobrawa, Walter Brandt in Schnitzlers „Paracelsus“.
1627 3131 2815 3209 mit süßer Zunge, er ist der Gütige, und schließlich hat er die große
443 3149 1608 3216 Es ist jetzt die Jahreszeit, da die Theaterdirektoren nicht gute
1616 3199 2826 3250 Szene der Demütigung, als er, statt bestraft zu werden, entlaufen
383 3202 1598 3265 Stücke für das Publikum heraussuchen, sondern gute Stücke für die
1605 3238 2823 3291 darf und noch dazu das Gestohlene als Geschenk erhält. Da exekutiert
385 3241 1595 3296 großen Mimen, die sich mal wieder in Berlin sehen lassen.
1618 3280 2830 3338 er, durch diese Güte härter gestraft als durch Strafe, die berühmte
387 3280 1607 3332 Publikum und Kritik brauchten sich also eigentlich weder um die
1613 3323 2833 3383 Verneigung, da bricht Schluchzen aus ihm, da ist er ganz Buße und
395 3328 1608 3386 Stücke noch um die Aufführung kümmern, sondern nur um den,
389 3365 1452 3421 um dessentwillen Stück und Aufführung gestartet werden.
1614 3358 2825 3421 Beschämung. Das alles macht Moissi mit schelmischer Grazie, ein
434 3399 1599 3471 Nur durch eine Wand getrennt, spielt nun in den Kammerspielen
1626 3421 2839 3479 wenig sehr deutlich und wohlgefällig .. . immer als Paracelsus wie
388 3418 1611 3506 Bassermann Schnitzler, und im Deutschen Theater Moissi
385 3486 1610 3553 Schnitzler... hier der große Bariton, dort der große Tenorio
388 3518 1606 3588 der Schauspielkunst. Sie spielen gerade den unbedeutendsten
2053 3518 2186 3611 S
383 3576 1601 3629 Schnitzler, denn es wird ja nicht Schnitzler Schnitziers wegen,
2023 3579 2392 3670 e
2163 3621 2249 3671 —
383 3614 1613 3655 sondern Bassermanns und Moissis wegen gespielt. Moissi gibt (in
384 3648 1609 3723 Berlin zum erstenmal) Schnitzlers Versstückchen im Renaissance¬
2086 3672 2181 3770 4
387 3697 1600 3749 kostüm „Paracelsus“, das in seiner harmlosen Tändelei
391 3738 1606 3813 manchmal an Koppel=Ellfelds „Goldene Eva“ erinnert, aber doch
382 3778 1089 3832 mit einem tiefen Sinn untermalt ist.
435 3819 1613 3882 Schnitzler ist bekanntlich der deutsche Dramatiker, in dessen
374 3862 1625 3914 Stücke am meisten Verführung und Ehebruch getrieben wird. Hier
1877 3844 2107 3950 19
380 3892 1605 3955 nun ist der Trick, daß kein Ehebruch geschehen ist (noch nicht). Die
380 3918 1610 3998 Frau des Baseler Biedermanns wird jedoch von Paracelsus derart
1942 3925 2218 4012 —
384 3965 1609 4025 hypnotisiert, daß sie glaubt, sie habe bereits wirklich Ehebruch ge¬
386 4025 1604 4077 trieben. So tritt sie (eine Trilby der Renaissance) dem Gatten
383 4055 1606 4117 und dem Geliebten gegenüber, von ihrer Unzucht so überzeugt, und
2411 4062 2703 4165 6.—
378 4093 1611 4158 die anderen überzeugend, daß keiner mehr weiß, was Wahrheit war.
