3392 4352
338 3348 441 3426 ide
333 3410 436 3469 der
315 3445 373 3508 4
322 3496 439 3572 gen
319 3566 432 3650 sche
300 3638 378 3689 1 4
312 3678 440 3733 ung
307 3716 451 3779 roth
318 101 433 240 4
331 226 433 284 zu
330 267 434 327 en
339 308 433 374 in,
440 51 1636 117 leinn, Radolgwlisch und andere wichtige Veltrige gelefert. Die
1668 46 2816 137 Partenten engrsent. Pree   eene egernechen
437 87 2367 175 Mediziner de Bary und Briesemeister haben als Sänger Welt= eine musikalische Komponente gegeben.
784 418 2528 505 Pahratrisas Renatssänte
1653 530 2854 597 „Sagekraft“ und „Sichtrede“ willen rückt er den Paracelsus unter
465 532 1607 638 Zu Friedrich Gundolfs Buch
1659 585 2855 663 die großen Rede=Menschen, die genialen Sager, in die Nähe
1654 629 2383 698 Luthers etwa oder Sebastian Franks.
475 632 1644 701 Es gibt, neben vielen anderen, auch eine Paracelsus=Renaissance.
1683 681 2852 746 Diese Untersuchung führt Gundolf über den Paracelsus hinaus
432 678 1634 751 Der Name des Theophrastus Bombastus von Hohen¬
1653 710 2848 788 zu einem ganz allgemeinen Problem, dem Problem des Gelehrten¬
434 734 1639 791 heim wird nicht nur von Fachmedizinern, die ja neuerdings so
1662 782 2864 832 Stils überhaupt: wie weit ist naturwissenschaftliche, ja wissen¬
441 782 1645 827 viel Sinn für die Geschichte ihrer Wissenschaft haben, bei fest¬
1652 815 2859 876 schaftliche Literatur möglich, die mehr ist als bloße Fach=Literatur?
435 822 1639 880 lichen Gelegenheiten — Rektoratsreden, Kongressen, populären
1657 868 2867 918 Es ist klar, daß der Naturforscher hier schlimmer daran ist als
440 860 1651 926 Vorträgen — fast so gern und häufig zitiert wie Altmeister Hippo¬
1656 901 2855 962 der Geisteswissenschaftler, weil er schon durch seinen Gegenstand
432 902 1643 976 krates. Der Leipziger Medizinhistoriker Sudhoff gibt, nach
1667 953 2851 1008 — und sei es der Mensch — immer weiter weggerät vom Menschen,
434 957 1648 1015 streng philologischer Methode, des Paracelsus sämtliche Werke her¬
1662 992 2849 1043 weil er selbst das Leben — auch das des Kranken — als „Ding¬
442 987 1644 1050 aus; das „Paramirum“ erschien bei Diederichs unter dem Titel
1647 1030 2885 1100 masse“ zu behandeln geneigt oder genötigt ist. Immerhin, könnte
437 1041 1639 1092 „Von Krankheit und gesundem Leben“ kommentiert von I. D.
1646 1078 2866 1125 man sagen, bleibt auch die Sprache eines Max Weber (bei dem
435 1074 1648 1137 Achelis. Erwin Guido Kolbenheyer, Mitglied der
1652 1117 2856 1174 ja übrigens das sogenannte Gedanken =Experiment eine
438 1125 1640 1182 Dichterakademie und Dr. med h. c., baute um den Arzt und
1657 1149 2858 1209 methodisch wichtige Rolle spielt!) kaum hinter der naturwissen.
434 1168 1647 1219 Mystiker eine Romantrilogie, und Arthur Schnitzler legte
1647 1203 2863 1268 schaftlichen zurück auf dem Wege der „Entichung und Dingver¬
439 1202 1625 1263 ihm, vor Jahren schon, seine oberflächlich=tiefsinnige Weisheit in
1651 1243 2856 1300 formelung“, ist fast ebensosehr bloße Chiffersprache geworden mit
439 1263 1635 1309 den Mund, die für den Arzt des ausgehenden neunzehnten Jahi¬
1655 1287 2856 1335 dem geradezu bewußten Ideal der chemischen oder mathematischen
435 1293 1639 1362 hunderts charakteristischer sein dürfte als für den des sechzehntens
1657 1338 2865 1392 Symbolsprache. Damit aber ist die Ausschaltung des
433 1328 1647 1403 „Sicherheit ist nirgends. Wir wissen nichts von anderen, nichts¬
1651 1366 2855 1429 Menschlichen vollzogen, die „Forschungssprache ist Hand¬
440 1387 1429 1438 von uns; wir spielen immer, wer es weiß, ist klug.“
1662 1420 2854 1465 werksgerät wie Mikroskop und Retorte, Geburtszange und Akku¬
476 1414 1648 1486 Gundolf in seinem „Paracelsus“ (Georg Bondi, Berlin)
1662 1449 2864 1515 mulator“. Ueberflüssig zu sagen, daß dies Gundolf ein Greuel
446 1466 1648 1522 ist gleich weit entfernt von Schnitzlers spielerisch=modernem Skep¬
1652 1502 2860 1559 sein muß. Er war ja auf die Medizin und auf die Naturwissen¬
444 1503 1649 1569 tizismus, Kolbenheyers „gotelnder und mystelnder" Romantik, wie
1659 1543 2857 1603 schaft nie sehr gut zu sprechen, an vielen Stellen finden sich bei
443 1552 1648 1612 freilich auch von irgendwelcher medizinischen Philologie und ge¬
1656 1586 2858 1650 ihm prinzipielle Ausfälle oder kleine Seitenhiebe auf diese wenn
437 1595 1647 1652 lehrten Kommentatoren=Tätigkeit. Er will hier so wenig wie sonst
1653 1627 2857 1687 nicht Erfindung so doch Renommierleistung des von dem George¬
438 1645 1648 1694 je die fachlich=philologische Literatur vermehren, sondern „die
1647 1673 2858 1730 Kreis in Bausch und Bogen verdammten neunzehnten Jahr¬
438 1683 1643 1741 gesamtgeistige Art des Mannes zeigen, der wie kein anderer Arzt
1652 1713 2862 1776 hunderts. Wenn er jetzt versucht, der Medizin sozusagen eine
440 1725 1636 1774 der neueren Zeit unmittelbar der Geistesgeschichte angehört“. Was
1657 1749 2858 1815 bessere Seite abzugewinnen, so ist es charakteristisch, daß er drei¬
451 1764 1640 1827 ihn an der Gestalt des Paracelsus reizt, ist das, was über das
1659 1803 2858 1860 hundert Jahre zurückgehen muß, um sie sich schmackhaft zu machen
449 1805 1639 1864 Medizinisae (und über das Philologische) hinausgeht: er sieht in
1652 1854 2863 1908 und eine ihn ansprechende Gestalt zu finden: eben den Paracelsus.
444 1852 1646 1910 ihr das Urbild des faustischen Mythos, der sich zu Un¬
1657 1891 2871 1940 Dem gelang es noch, „naturforscherliche Zusammenhänge aus dem
447 1883 1643 1947 recht an die Person des „Wunderdoktors und kleinen Markt¬
1647 1931 2863 1987 ursprünglichen Sehen ins geistige Sagen zu überführen“. Diese
444 1937 1640 2001 schreiere aus Knittlingen“ geheftet hat. Nicht besser weiß Gun¬
1662 1969 2855 2040 Gabe rühmt Gundolf bei den Neueren höchstens noch an
441 1980 1636 2049 dolf die Paracelsus=Stimmung zu beschwören als mit den Versen
1659 2008 2858 2073 Fechner, Virchow ist ihm schon nicht mehr „gesamt=mensch¬
437 2026 1630 2079 des ersten Faust=Monologes: „Wie alles sich zum Ganzen webt ...“
1662 2061 2848 2115 lich“ genug, gehört deshalb wohl auch nicht, wie Paracelsus, in
446 2064 1639 2124 Wenn Paracelsus keinen Goethe gefunden hat, wenn die Faust¬
1650 2093 2864 2165 die allgemeine Geistesgeschichte und darf nicht etwa wie dieser mit
438 2108 1640 2167 Legende ihren Namen eben von einem anderen, Kleineren her¬
1653 2145 2867 2224 dem „Licht=Biographen“ Goethe in einem Atem genannt werden.
451 2144 1640 2204 nahm, so gerade deshalb, weil er selbst schon zu bedeutend und zu
443 2184 1639 2260 deutlich war, zu wenig mehr Rohstoff, weil er ein eigenes reiches
1696 2213 2864 2267 Auch an dieser Stelle ist Gundolf (und Paracelsus) wiederum
440 2232 1282 2288 und zu sehr schon geformtes Werk hinterließ.
1664 2253 2859 2301 moderner und zeitnäher als ihm vielleicht selbst bewußt ist: es
467 2262 1644 2331 Nein, Paracelsus war kein obskurer Jahrmarktschreier — er
1656 2293 2857 2350 besteht in der jüngsten Medizin eine ganz ausgesprochene Ab¬
444 2322 1646 2370 war, zeigt uns Gundolf, einer, der — wie Friedrich der Zweite
1655 2334 2869 2382 kehr von Virchow und dem von ihm aufgestellten Ideal der
440 2355 1644 2412 oder Dante — an der Schwelle von Mittelalter und Neuzeit stand,
1658 2376 2874 2439 Zellular=Pathologie, das die letzten 80 Jahre medizinisch-natur¬
446 2402 1638 2456 er bezeichnet den Punkt, wo aus Alchymie Chemie wird. Mittelalter¬
1654 2414 2877 2487 wissenschaftlicher Entwicklung beherrscht hat. Wenn bisher
436 2433 1646 2501 lich in seinem Privatglauben und modern in seiner Erfahrungs¬
1728 2471 2876 2525 nach der ein wenig zugespitzten Formulierung dieser
436 2476 1650 2537 wut, hat er, gegen Schule und Fakultäten, vor denen er zeitlebens
1650 2509 2870 2564 neuesten Richtung, die sich eben in der Zeitschrift „Hippo¬
439 2528 1656 2596 auf der Flucht war die seine Dücher verfolgten und ihn nicht
1645 2556 2858 2610 Frates“ (Hippokrates=Verlag, Stuttgart) zusammengefunden hat
444 2566 1634 2620 zur Ruhe kommen ließen, als Erster in der Natur wieder wir¬
1650 2580 2857 2658 und Namen wie Honigmann, Much, Buschke aufweist —
430 2595 1644 2667 kende Kräfte, „Wirksale“, gesehen. Allerdings: statt Leichen
1655 2639 2856 2699 wenn bei allem Fortschritt an Erkenntnissen bisher der Kranke
446 2656 1639 2713 zu zergliedern, wie der erste moderne Anatom Vesal, hat er den
1653 2682 2867 2736 häufig dem Experiment untergeordnet wurde und das Heilen
437 2698 1648 2755 lebenden Körper — noch und wieder — einbezogen in den Kos¬
1655 2722 2857 2782 beinahe nur ein Nebenerfolg des Forschens war, so soll jetzt statt
448 2730 1641 2797 mos, den Einfluß auch der Gestirne bei jeder Krankheit erkennen
1659 2761 2863 2830 der Zelle und des einzelnen Organs die Konstitution, die Gesamt¬
446 2785 1650 2831 wollen. Jedes Ding ist diesem makrokosmisch denkenden und
1647 2809 2860 2872 persönlichkeit, kurz: der Mensch in den Mittelpunkt und vor jede
440 2820 1645 2877 sehenden Arzte ein „Gewächs des Alls“, für seine Lehre schlägt
1659 2851 2863 2911 nur-wissenschaftliche Erkenntnis rücken. Und in dem Maße wie
443 2859 1648 2919 Gundolf die Bezeichnung „Astrobiotik", „Gestirnlebenslehre“, vor
1654 2897 2879 2956 man hier — gundolfisch zu reden — zum Menschtum zurückkehrt und
444 2904 1646 2970 — zum Unterschied von der eigentlichen Astrologie, mit deren
1662 2943 2858 2998 den Kranken oder die Krankheit keineswegs mehr in eine „Ding¬
439 2948 1644 3002 „Magie“ er nichts zu tun hat. Das macht ihn vielleicht zeit¬
1659 2991 2855 3042 masse“ (von pathologisch veränderten Zellen) aufzulösen und dem¬
450 2994 1649 3042 gemäßer als Gundolf selbst weiß: wird doch gerade heute wenig¬
447 3030 1645 3099 stens die Möglichkeit und erkenntnistheoretische Zulässigkeit solch
1663 3034 2856 3093 entsprechend zu behandeln gesonnen ist, in dem Maße scheint auch
1658 3073 2868 3145 die Sprache wieder fähig, Menschliches auszudrücken, allgemein
450 3081 1526 3129 kosmischer Einwirkungen von ernsthafter Seite behauptet.
483 3105 1643 3168 Will man Paracelsus als einen Ersten und einen Vorläufer der
1655 3115 2859 3174 lesbar und hörbar zu werden: jedenfalls sind die Beiträge des
445 3157 1644 3217 neuen Naturwissenschaft bezeichnen, so darf man nicht übersehen
1656 3148 2869 3220 ersten Heftes dieser (übrigens auch im Drucktechnischen ästhetisch
475 3201 1644 3251 — und Gundolf übersieht es um so weniger als hier offenbar sein
1651 3196 2864 3259 einwandfrei, ja fast allzu anspruchsvoll ausgestatteten) Zeitschrift,
445 3240 1647 3303 eigenes Grunderlebnis liegt und er. sozusagen wider besseres
1661 3243 2866 3306 selbst wo sie Spezialprobleme (wie Syphilis oder Unfallneurose)
438 3280 1643 3344 modernes Wissen, gefühlsmäßig auf seiten des Paracelsus
1658 3287 2860 3350 behandeln, auch dem fachmäßig nicht Vorgebildeten zugänglich
448 3329 1635 3390 steht —, daß dieser „Kräfte Wirkungen Strahlungen
1649 3336 2857 3385 und verständlich, ja einige von ihnen sind stilistisch geradezu er¬
438 3370 1640 3420 ahnte, wo die spätere Naturwissenschaft beweisbare er¬
1657 3373 2868 3435 staunlich auf der Höhe (auch und gerade, wenn sie nicht bewußt
446 3409 1645 3463 kennbare Gesetze sucht" Das wird ganz klar bei seinen
1660 3409 2862 3481 als medizinische Philosophie in aphoristischer Form, also fast
442 3459 1640 3519 Rezepten, in die er gewissermaßen das ganze Weltgefüge, „Welt¬
1652 3458 2856 3518 literarisch=schöngeistig auftreten) — ohne dabei in jenen gemütlich¬
434 3498 1639 3567 gewächs“, chiffermäßig bannen will, bei seiner Darstellung von
1649 3506 2848 3569 belehrenden und jedes harmlose Fremdwort umständlichst ver¬
448 3546 1644 3601 Symptomen, die er allerdings durchaus zu deutlichen Krankheits¬
1650 3551 2852 3605 deutschenden Onkel=Doktor=Ton zu verfallen, der leider auf Allge¬
443 3585 1642 3633 bildern im hautigen Sinne zusammenfaßt. Nicht der klinische Fall
1654 3590 2844 3644 meinverständlichkeit abzielenden Auslassungen von Fachleuten fast
442 3628 1638 3694 interessiert natürlich den Literarhistoriker Gundolf bei dieser (nun
1655 3630 2862 3684 regelmäßig eigen ist. Vielleicht darf man in diesem Zusammenhang
447 3669 1645 3729 seben doch: medizinphilologischen) Betrachtung, sondern die
1648 3658 2852 3724 wieder einmal an den umgekehrten Fall erinnern, wo in ein
438 3711 2862 3777 Schilderung des Falles. Und gerade um seiner Sprache, seiner] belletristisches Werk ungescheut komplizierte medizinische Termini
1118 3760 1198 3834 2 78
1827 3766 2047 3829 iinate h
537 3889 609 3965 N.
454 3956 652 4052 1
517 4017 640 4083 8
