3392 4352
1223 123 1647 211 box 14/7
759 129 1084 202 ehrtin
396 138 482 204 D1
157 139 1093 231 9. 2  . S  nenennentsche.
1162 688 1538 784 Telephon 12.801.
1260 798 1324 871 4
669 841 1296 938 „ODSEIVER
435 911 1534 992 l. österr. behördl. konz. Unternehmen für Zeitungs-Ausschultte
584 980 1414 1067 Wien, I., Concordiaplatz 4.
787 1050 1215 1127 Vertretungen
452 1118 1529 1175 in Berlin, Budapest, Chicago, Christiania, Genf, Kopen¬
458 1160 1536 1203 hagen, London, Madrid, Mailand, Minneapolis, New-Vork,
491 1196 1482 1245 Paris, Rom, San Francisco, Stockholm, St. Petersburg.
778 1241 1212 1302 (Quellenangabe ehne Gewähr).
444 1280 725 1373 Ausschnltt
721 1303 1554 1432 BERLINER TAGBLATT
444 1392 904 1496 vom: 12 StP 1900
643 1517 1252 1634 Lessing=Theater.
385 1585 1557 1676 F. L, Brahm pflegt am Beginn der neuen Saison Axthur
317 1643 1556 1731 Schnitzler. Nach der Auffrischung des „Zwischenspiels“ erkebte
325 1686 1553 1758 man gestern Abend eines jener kleinen Diakogstücke, in denen der
325 1715 1558 1809 Wiener Dichter seine intime Kunst, feelische Geheimnisse aufzudecken,
322 1763 1544 1857 in der suhtüisten und knappsten äußeren Form dariut. In dem ein¬
328 1810 1559 1897 aktigen Schauspiel „Die Gefährtin, das vor zehn Jahren
314 1847 1561 1949 zuerst an Brahms Deutschem Theater erschien, nimmt Schnitzler ein
324 1895 1557 1986 altes, nie zu Ende gedichtetes Thema auf: zwei Männer um eine Frau.
316 1938 1544 2019 Der Verrat in der Ehe, den der betroffene Gatte mit bitterer Be¬
326 1974 1577 2074 scheidung, in einer philosophischen Erkenntnis von dr Unzuverlässig¬
325 2097 1551 2178 keit, der Wandelhaftigkeit unseres Gefühlslehens hinnimmt. Er
330 2164 1542 2235 glaubt, daß die Frau, die ihm eine Gefährtin sein sollte,
328 2205 1551 2259 aber nur für eine Geliebte geschaffen war, bei „dem Anderen“ das
334 2240 1561 2305 Glück fand = bis er nach ihrem Tode erfahren muß, daß sie auch
325 2275 1541 2339 diesem Anderen nur eine Geliebte war, nichts anderes sein wollte.
319 2329 1543 2390 Eine niederschmetternde Lebenslüge, die einen Ausgang von grau¬
319 2353 1572 2431 somer Tragik findet; für die Duldung eines vornehmen Herzens
322 2408 1547 2467 muß Schmutz und Ekel eingetauscht werden. In der verhaltenen
334 2440 1544 2487 Spannung dieser Szenen wächst eine Dramatik heran, aus der Er¬
323 2482 1550 2554 schütterung fließt. Oscar Sauer nahm das äußerste seiner großen
323 2532 1559 2585 Kunft zu Hilfe, einen Menschen von fast erschreckender Lebensnähe
320 2567 1543 2627 zu schaffen; er stand in der Figur des wissenden Gatten wie ein un¬
321 2604 1547 2680 bestechlicher Beobachter seines Geschickes da und tat eine Innenwelt
315 2648 1540 2718 voll strömender Fülle auf, überall durchlichtet von den Nuancen seines
313 2682 1543 2749 beispiellos diskreten Andeutungsvermögens. Der Professor Pil¬
326 2739 1551 2797 gram muß hinfort zu den vollendetsten Schöpfungen dieses Künstler¬
315 2765 1554 2839 psychologen gerechnet werden. Neben ihm standen Mathilde
421 2813 1542 2861 sin und Kurt Stieler in einer schwierigen Situation, die
313 2850 1549 2907 sie aber mit feinem Gefühl zu beherrschen wußten. Das ganze kleine
322 2894 1540 2936 Werk, in dieser Darstellung den starken Beifall der Hörer ein¬
325 2933 1540 3002 fordernd, erschien so als eine neue Offenbarung des reinen, von
323 2986 1553 3056 allem Theatermäßigen befreiten Geistes, der diese Stätte über alles,
321 3023 901 3079 was „Bühne“ heißt, hinaushebt.
358 3064 1543 3136 Von köstlicher Vollendung war auch das, was nachfolgte:
316 3098 1541 3167 „Hannele= Himmelfahrt“. In einer Neueinstudierung, die
304 3143 1539 3212 die früheren Aufführungen des Hauptmannschen Wunderdramas von
317 3185 1542 3250 der armen, reichen Herrlichkeit eines Kindes — so trefflich sie auch
302 3231 1548 3291 waren — auslöschte. Ein tiefes Ergriffensein wehte durch das Haus.
297 3272 1548 3320 wenn Ida Orkoffs Hannele ihre süße Stimme vor der Erfüllung
300 3307 1532 3370 ihrer Himmelssehnsucht klingen ließ, wenn Heinz Monnard
311 3350 1543 3412 als heiliger Fremder von den Wundern der ewigen Jenseits=Stadt
316 3398 1536 3437 erzählte, wenn Irene Triesch als Mutter des armen Hannele
312 3434 1546 3490 winkte und rief. Emanuek Reicher, der diesmal den Mattern
306 3474 1537 3547 spielte, Karl Forest als Pleschke und Mathilde Sussin.
307 3501 1239 3586 die sanfte Diakonissin, sollen nicht vergessen werden.
2346 369 2542 422 —
1921 408 2999 498 Vösterr. behördl. konz. Unternehmen für Zeitunge-Ausschnitte
2046 484 2873 579 Wien, I., Concordiaplatz 4.
2235 550 2663 639 Vertretungen
1899 602 2983 673 in Berlin, Budapest, Chicago, Christiania, Genf, Kopen¬
1909 663 2989 723 hagen, London, Madrid, Mailand, Minneapolis, New-Vork,
1942 699 2952 754 Paris, Rom, San Francisco, Stockholm, St. Petersburg.
2242 740 2666 798 (Quellenangabe ohne Gewähr).
1898 785 2281 873 Ausschnitt aus:
1940 798 2950 938 1231319Oessische Zeitung, Eeil
1907 899 2045 963 vom:
2169 1001 2647 1071 Theaker und Musik.
1843 1038 3008 1110 Im Lessingtheater wurde gestern abend Gerhart Hauptmanns
1814 1080 3008 1152 Traumdichtung „Hannele“ neu aufgenommen, der eine angeblich
1820 1116 3012 1193 erste Aufführung von Arthur Schnitzlers Einakter „Die Ge¬
1816 1165 3015 1236 fährtin“ voraufging. Dieses kleine Schauspiel erschien vor zehn
1814 1201 3012 1272 Jahren unter derselben Direktion im Lessingtheater, und es verschwand
1818 1237 3020 1311 ziemlich geräuschlos, ohne sich weiter vermissen zu lassen. In dieser dra¬
1825 1270 3015 1357 matisierten Novelle hat Schnitzler auf seinen Geist verzichtet, er will auf
1825 1311 3016 1388 schmucklose Weise wahr sein, und das gelingt ihm auch auf gewisse
1822 1348 3020 1418 Weise bis zu einer trüben Monotonie, die mehr bedrückt als über¬
1829 1415 3028 1460 zeugt. Es ist die Geschichte eines Witwers, der seine Frau schon
1822 1427 3017 1496 bei Lebzeiten sehenden Anges an einen anderen verloren hat,
1831 1463 3030 1527 und der an dem Tage ihres Begräbnisses erfährt, daß die
1833 1494 3024 1575 beiden Canaillen waren, die sich nur in der niederen Minne
1833 1548 3031 1630 amüsierten, und das Opfer des Verzichts gar nicht verlangten, das er
1836 1587 3031 1652 einer tiefen Leidenschaft hatte bringen wollen. Der Professor
1830 1625 3032 1683 schließt das Zimmer seiner Frau zu und sperrt darin seine
1841 1669 2950 1737 Illusionen ein, ein Lächeluder, ein Befreiter, ein Weiser:
2901 1685 3053 1759 ieben
1847 1701 2905 1772 wird nun weniger zu glauben und dafür mehr zu
2199 1733 3035 1797 das Mißliche, das Undramatische und
1848 1771 1985 1820 haben.
1847 1765 3039 1850 auch Unseelische an diesem Einakter, daß keine innerliche
1843 1810 3031 1884 Sprungfeder diese Entwicklung des Cyarakters heraushebt. Der
1844 1854 3031 1931 Mann wird aufgeklärt und klar, aber sein Temperament handelt
1840 1898 3038 1964 nicht, nur seine Intelligenz. Für den Schauspieler kommt es darauf
1839 1935 3043 2004 an, die Vergaugenheit des Ehemannes dramatisch zu machen, an dem
1849 1971 3048 2042 Kühlen, Klugen, Enttäuschten den zuckenden Nerv fühlbar zu machen,
1839 2016 3037 2082 der trotz aller Weisheit so lange weh getan hat. Das gelang Herrn
1845 2046 3048 2121 Sauer mit einer so großen Meisterschaft, daß das verschollene Stück
1844 2086 3042 2154 wieder zu dringendster Gegenwart kam. Dieser einfachste Künstler
1847 2131 3044 2198 tut dankenswert wenig, um den großen Gelehrten und seinen
1850 2163 3051 2240 Weltmann zu markieren. Seine vergeistigte Schlankheit drückt
1853 2197 3037 2273 das selbstverständlich aus und die errechnete Wahrheit der
1851 2238 3043 2313 Figur macht er natürlich indem er unter ihrer Selbst¬
1844 2277 3058 2348 beherrschung das grollende Leid mühelos andeutet. Um er selbst zu
1855 2316 3048 2395 bleiben, sollte Sauer aber den letzten Moment des Triumphes
1849 2358 3053 2439 über seine Illusion im stummen Spiel nicht zu lange ausdehnen.
1853 2415 3048 2458 Es genügt, wenn der Zuschauer verstanden hat. Die beiden anderen
1860 2431 3049 2512 Figuren sind nur für den Monolog des Professors da, sie haben
1858 2474 3045 2566 wenig Existenz für sich. Herr Stieler ließ sich als Liebhaber au¬
1862 2548 3051 2610 ständig herauswerfen; Fräulein Sussin gab eine recht unglückliche
1863 2601 2888 2651 Vertraute, die man immerhin geschickter behandeln könnte.
1893 2647 3060 2694 Das „Hannele“ ist von Ludwig von Hofmann neu aus¬
1861 2674 3064 2738 stafsiert worden, ohne daß die Dekoration einen so bedeutenden Urheber.
1843 2727 3048 2783 verriet. Die himmlischen Gestalten des Traumbildes haben mehr Gold
1855 2765 3045 2807 auf ihre Kleider bekommen, auf den Zungen hatten sie es jedenfalls nicht.
1849 2800 3055 2848 Die drei Engel namentlich sagten ihre Verse genau so erbärmlich
1853 2837 3045 2891 auf wie früher, so daß der erste Teil ganz um seinen Schlußrekord
1857 2871 3048 2925 kam. Der Engel des Todes kommt jetzt mit riesigen Flügeln auf
1855 2914 3049 2956 das sterbende Hannele zu, wie um sie zu beschatten, eine schöne
1846 2951 3051 2998 Idee, die allerdings in der sinnfälligen Ausführung verliert. Am
1855 2988 3057 3043 besten gelingen nach wie vor die drastischen, irdischen Szenen des
1846 3037 3044 3088 Armenhauses, aber in den Himmel kommen wir nicht hinein, weil
1859 3069 3048 3127 eben Frau Orloffs Hannele nicht Seele genug hat, um uns
1847 3094 3052 3165 in ihre Verzückung mitzunehmen. Gegen den Bräutigam Jesus
1853 3143 3056 3206 hat sie nur den Ton ziemlich gewöhnlicher Verliebtheit, und was sie
1854 3187 3053 3252 früher noch an Kindhaftigkeit hegte, ist mit den Jahren verloren
1852 3219 3047 3271 gegangen. Höchst erfreulich bewährte sich wieder Herr Monnard
1844 3266 3053 3323 als Lehrer Gottwald, der in der Vision der Fiebernden zum
1852 3308 3053 3355 Heiland wird; seine Milde hatte zugleich Kraft und Süße,
1853 3342 3047 3400 und dieser Künstler, der eben noch nicht lange am Lessing=Theater ist,
1845 3385 3052 3443 spricht einen klangvollen Vers. Den Vater gab Herr Reicher, kräftig
1851 3427 3051 3473 geung, aber er stand nicht in der richtigen Atmosphäre, eher Polacke als
1851 3461 3047 3517 Schlesier. Die Mutter ist jetzt zu Frau Irene Triesch gekommen, zu
1847 3488 3053 3550 hoch über alles Irdische hinaus, nur noch geflügelter Engel mit Kränz¬
1846 3534 3046 3593 chen im Haar und so lieblich verjüngt, daß das arme Hannele sie
1844 3576 3049 3631 in dieser himmlischen Eleganz gewiß nicht mehr erkennen würde.
1850 3611 3044 3659 In kleineren Rollen traten die Herren Marr, Forest, Pauli
1850 3653 3043 3691 mit Fräulein Wüst hervor. Das Ganze, ob reichlich Musik ge¬
1852 3688 3055 3732 macht wurde, wirkte nicht recht melodisch, wie es sein müßte, und
1831 3717 3061 3787 trotz den vielen Flügeln kam man nicht recht vom Boden weg. A. E.
