3344 4352
209 158 415 240 9.1.
462 149 934 224 Paracelsus
421 196 949 263 1    en en un un en .
1082 138 1503 232 box 14/6
2765 65 2803 110 8
1973 43 2737 119 ratise 1u. de   ee  en en e See
1962 90 2972 164 mals, im Neuen Theater in der A#ra Lautenburg, war es
1958 139 2964 209 ein starker, unbestrittener Erfolg; jetzt im Deutschen
1949 166 2961 251 Theater ein noch stärkerer: der Antor, dei im Hinter¬
1958 244 2963 297 grunde der Direktorloge saß und den Beifallsrufen nach
1948 273 2962 338 dem 1. Akte keine Folge leistete, „weil's ja doch keine
1961 334 2966 382 richtige Erstaufführung“ war, mußte es sich gefallen
1964 379 2969 427 lassen, daß man ihm nach dem 2. Akte, wo man
1967 408 2951 470 ihn in der Loge erkannt hatte, eine förmliche Ova¬
1951 447 2964 521 tion bereitete und so ihn zwang, schließlich doch
1962 502 2969 556 wiederholt vor der Rampe zu erscheinen. Und wie
1975 553 2965 616 dieses Mal die Bemerkung des Försters Ahrens zog, als
1958 593 2971 665 er bei der Erzählung des Schriftstellers Meincke von
1964 649 2969 694 seiner Gefangenschaft erstannt ausruft: „Sind denn die
1962 677 2964 747 Kerle (d. h. die Schriftsteller) nicht verboten?“ Damals
1962 725 2971 788 gab's ein behagliches Schmunzeln — vorgestern aber
1973 778 2968 831 schlug das Wort wie eine Granate ein und Beifallssturme
1734 816 3126 875 Für 50 Zeidurchbräufte das Haus bei offener Seene .... „Winter= melusive
1956 857 3100 944 schlaf“ gehört noch ganz in die ibsenistische Periode Dreye#s, PPorte.
1819 862 1920 916 100
1784 891 1821 939 „
1820 909 1921 954 200
1953 881 3124 976 doch meine ich, daß das erschütternde Drama der jungen Sahlbar
2966 928 3135 985 Voraus.
1824 949 1931 996 500
2338 945 2963 1018 nach Freiluft sich schnt und
1954 963 2249 1026 Mädchenblüthe,
1765 987 1931 1053 „ 1000
1952 982 3182 1053 den Tod gewint, in mancher Beziehung höher ste ist das
1872 1036 1959 1096 Im
1762 1038 3187 1133 Abonnemen „In Behandlung" und „Großmama“,stelit es den
1752 1086 3038 1179 Abonnenten sind die Wirklichkeitsbilder hier zu gemüthsvollen Fn.
1963 1130 2973 1203 Stimmungsbildern von dichterischem Gehalte vertieft und
1956 1158 2985 1268 swie sind die handelnden Personen in ihrer Mehrzahl
1967 1227 2989 1293 gleichzeitig Typen und Judividuen. Freilich — über den
1961 1247 2982 1343 springenden Punkt der Dichtung komme ich heute edenso¬
1975 1321 2982 1384 wenig hinüber, wie vor 4 Jahren: daß der Bräutigam,
1969 1357 2974 1420 der brutale Forstgehilfe, der viehischen Vergewaltigung
1969 1414 2987 1467 seiner Braut fähig wäre, und wie er dazu getrieben wird,
1970 1447 2977 1520 das ist Alles g#t#motivirt. Aber daß die Unthat zur Aus¬
1970 1496 2989 1554 kführung kommt — das ist lediglich eine Konzession an die
1965 1541 2984 1621 Oekonomie des Stücks. Es ist unwahrscheinlich, daß
1972 1576 2988 1651 Trude nicht um Hilfe rief und man hätte sie gehört; hatte
1974 1628 2978 1689 doch der Vater ihr Wimmern und Schluchzen in nächt¬
1971 1674 2985 1746 licher Stille vernommen. Doch lassen wir das — das
1981 1724 2984 1793 Publikum ging gläubig mit und der Beifall war nach
1989 1777 2996 1839 dem zweiten Akt am stärksten. Gespielt wurde allerdings
1978 1809 2987 1883 ganz vorzüglich und das Deutsche Theater hatte in Bezug
1969 1855 2993 1924 auf Herausarbeitung von „Stimmung“ und Zusammen¬
1970 1900 2988 1972 klingen trefflicher Einzelleistungen wieder 'mal einen
1986 1939 2994 2010 Ehrenabend. Besser, als Hermann Nissen den kreuz¬
1979 1996 3004 2054 braven und herzensguten, aber beschränkten und ewig;
1980 2036 2993 2115 polternden Förster, und als Luise von Pöllnitz die
1988 2083 2998 2148 nichtswürdige, dumme und boshafte Tante Ida gab,
1974 2123 2990 2191 können diese beiden Figuren, allerdings auch die
1989 2177 2997 2238 lebensvollsten des Dramas, nicht gegeben werben.
1992 2216 2984 2287 Rudolf Rittner spielte den rohen, sinnlichen, ungeliebten
1984 2246 2992 2325 Bräutigam der Wahrheit zu Liebe auch nicht um einen
1991 2319 2991 2375 Deut sympathischer, als der Dichter ihn gezeichnet, und
1990 2358 3003 2416 bewies so aufs Neue sein feines künstlerisches Empfinden.
1986 2410 2984 2460 Oskar Sauer hielt sich in der Wiedergabe der gefähr¬
1984 2441 2991 2522 lichen Rolle des Schriftstellers Meincke von Pose und
1989 2479 2997 2558 Phrase glücklich fern, und Lotti Sarrow war als Trude
1995 2538 3014 2612 so natürlich, daß gerade dadurch das seltsame Buchdeutsch,
1992 2580 3008 2648 das der Antor sie mitunter reden läßt, erst recht auffiel
1988 2632 2989 2695 Aber dafür kann sie nichts. Am besten wirkte sie,
1996 2682 3003 2738 tiefes MNitleid erregend, im Schlußakte mit ihrem
1991 2711 2995 2776 herzzerbrechenden Schmerz= und Schmachgefühl. Das Buch¬
1992 2760 3000 2828 deutsch hat Dreyer inzwischen seinen dramatischen Figuren,
1997 2820 3005 2873 die er in so reicher Fülle zu schaffen weiß, glücklich ganz
2000 2840 3005 2915 abgewöhnt — in der Charakteristik aber ist er auf der
2002 2889 3009 2973 gleichen Höhe geblieben, wie damals schon bei der Zeich¬
2008 2929 3006 3004 nung des Försters und der alten Tante. Es war jeden¬
1997 2969 3004 3058 falls ein guter Gedanke, den „Winterschlaf“ nicht zu einem
2004 3041 2997 3101 „Schlaf des Gerechten“ werden zu lassen — nunmehr wird
1997 3082 3004 3151 er seinen Weg ganz anders machen, als vor vier Jahren,
1998 3129 3021 3193 wo der heute vielumworbene Dichter im Anfang seiner
2005 3168 3009 3243 Bühnenlaufbahn stand ... Zum Schluß gab's Arthur
2006 3209 3008 3276 Schnitzlers kostümirte Anekdole „Paracel¬
2001 3265 3000 3331 sus“ in der bekunnten Besetzung, nur daß
2008 3299 3003 3360 an Stelle von Josef Kainz jetzt Emannel Reicher die
2003 3350 3005 3417 Titelrolle spielt. Der Tausch ist nicht so übel. Kainz war
2008 3407 3015 3466 in der Rolle gewiß interessant, aber sie lag ihm nicht.
2016 3446 3005 3518 her giebt fir als ein Gemisch von Spengali unds
2022 3503 2975 3576 ohisto und drückt so der Gestalt den Stempel einer
2023 3544 2975 3617 eutung auf, die des Hohenheims mächtige Wirkung
2037 3598 2975 3649 seine Zeitgenoffen noch viel begreiflicher macht, als
2028 3639 2961 3715 nz' ironisirende Ueberlegenheit über den guten Spieß¬
2021 3680 2737 3762 ger Cyprianus und seine Geistesgenossen.
