3436 4448
1492 277 1938 375 box 36/7
136 296 1336 413 1. Panphlets offprints
1182 1055 1466 1167 Sdn
794 1158 2067 1282 Das wahre Gesicht von Leonhard Adelt
956 1272 2123 1346 ar Halbes Drama „Das wahre Gesicht“ hat fünf Akte und ein Vor¬
956 1326 2124 1376 spiel. Das Vorspiel ließ man — unbeschadet des Zusammen¬
808 1364 2132 1430 ** hangs — bei der viereinhalbstündigen Erstaufführung am Deutschen
800 1423 2135 1475 Schauspielhaus zu Hamburg weg, und jetzt hat sich der Dichter, nach dem
796 1473 2133 1521 Mißerfolg des Abends, zu starken Strichen in den beiden letzten Aufzügen
794 1515 2144 1565 entschlossen. Ich habe das gekürzte Drama noch nicht zu Gesicht bekommen,
801 1553 2133 1628 ich glaube ohne weiteres der Versicherung, daß die Striche die theatralische
803 1602 2140 1660 Wirkung der Schlußakte retten, aber ich halte es für ausgeschlossen, daß
802 1659 2147 1708 eine eilige Korrektur das entgleiste Ganze in dramatische Bahnen zurückleitet.
874 1700 2144 1773 Intensive Erlebnisse, wie sie sich in „Frau Sorge“ oder in der „Jugend“
814 1750 2144 1808 niedergeschlagen haben, wiederholen sich nicht. Wer nicht, gleich Goethe,
813 1811 2141 1867 seine Entwicklung in immer neuen Iutensivitäten wirksam macht, verarmt
813 1861 2144 1908 künstlerisch und läuft vor sich selbst Gefahr, mit dem Abklatsch jenes ersten
813 1890 2138 1957 Niederschlags neue Stadien vorzutänschen. Die Dichter der „Frau Sorge“
816 1937 2150 2007 und der „Jugend“ gehören zu denen, die nicht mehr erleben. Halbes jüngstes
811 1994 2158 2055 Drama „Das wahre Gesicht“ strebt seinem ideellen Wesen von zwei wesens¬
827 2043 2151 2105 verschiedenen Ausgängen zu: von der Historie und von der philosophischen
824 2098 2156 2155 Abstraktion aus. Weder Historie n.ch Philosopbie sind an sich dichterisches
822 2163 2160 2202 Erlebnis, aber“ fino Formen, in denen es zu sich kommen kann. Max
825 2202 2157 2252 Halbe hat iso „## Tirmen bei der Hand, hat die Autosuggestion eines
820 2236 2160 2297 Erlebnisses und belbet sich nun alles Ernstes ein: eine Illusion, in zwei
826 2299 1772 2352 Realitäten gegossen, ergebe eine dramatische Einheit.
889 2344 2159 2402 Es ist zu beweisen, daß diesem Drama die Seele, nämlich die voetische
828 2381 2157 2448 Intuition, abgeht, und es bedarf dazu der Untersuchung, wieweit es von
830 2435 2161 2500 seinen beiden Grundfaktoren aus zu einer ideellen Einheit, die man mit der
822 2484 2154 2546 künstlerischen Wahrheit identisch setzen darf, vorgedrungen ist. Die Historie
901 2526 2166 2600 und es tut wenig zur Sache, ob sie der Vergangenheit nacherzählt oder
824 2579 2172 2659 im Geiste einer Vergangenheit fingiert ist, denn im Drama ist letzten Sinns
838 2626 2158 2706 alles fingierte Historie — liefert Halbe das Rohmaterial folgender Zustände
827 2675 2162 2732 und Geschehnisse: Mittelalter=Wende. Katholizismus und Reformation.
833 2723 2157 2791 Renaissance und Humanität. Polentum und Deutschtum. Andreas Zieren¬
837 2787 2170 2859 berg, Verteidiger der freien deutschen Reichsstadt Danzig, tritt in hoch¬
833 2831 2173 2892 verräterische Unterbandlung mit dem polnischen Feinde. Gründe, Gründe!
830 2874 2175 2925 Es sind keine Gründe, außer im Menschen selbst. Darum kann uns auf
836 2947 2176 2989 die Frage nach ihnen nicht die Geschichte, sondern nur der Dichter, als der
837 2980 2180 3037 Stellvertreter der historischen Persönlichkeiten, der Biograph an Stelle des
837 3018 2178 3089 Autobiographen, Antwort geben. Halbes Antwort lautet: aus Ehrgeiz.
838 3063 2181 3124 Sie verstärkt sich: aus seines Weibes Ehrgeiz. Sie kompliziert sich: aus
849 3128 2177 3182 seines Weibes Haß ... Aus seinem Ehrgeiz, denn Andreas Zierenberg
846 3166 2171 3231 ist gemeiner Herkunft und stieg hoch. Da sich der danziger Patrizierssohn
840 3230 2181 3288 Sebald Meinerts und der Bauernoub Andreas zum letzten Mal gegenüber¬
838 3259 2187 3339 standen, hatten sie den Plebejer mit Schimpf und Schande aus der Stadt
2066 3366 2188 3441 391
1070 3386 1477 3615 24
