3392 4352
1490 225 2007 327 box 35/11
144 226 1360 338 18. Die kleine Konoedie
2637 1203 2713 1252 #
1330 1200 2765 1333 .—.. nicht zuletzt auf die Wellwittschftsnonserenz heivorgehoden
389 1236 653 1328 Maros.
1571 1287 1765 1346 werden.
2984 1268 3340 1348 französische
478 1303 1445 1396 „Wir wollen keinen neuen Krieg!“
1659 1322 2746 1409 Im zweiten Teil soll das gesamte Problem
2826 1328 3331 1421 Pris, 1. Dezember. (T.
1558 1374 2491 1451 [der Kriegsschulden aufgerollt werden.
476 1373 1447 1464 „Das Werk.“ Von Gerty Kelemen.
2743 1387 3344 1456 präsideten Herriot wurd
2737 1446 3338 1519 debalte in der Kamm
1697 1424 2747 1498 Wie halbamtlich betont wird, legt man
469 1441 1574 1526 „Aus meinem orientalischen Skizzen¬
1598 1497 2751 1570 in Regierungskreisen Wert auf die Fest¬
377 1484 1157 1576 buch.“ Von Alymée Hanum.
2740 1613 3344 1679 Ahnungslosigkeit, blinder Pars
1571 1612 2746 1671 konnte zwischen Echt und Unecht keinen Unterschied finden.
388 1607 1574 1686 schmunzeln sie, nachsichtig oder spöttisch, über seine literarischen
2745 1659 3338 1732 der Kunst. Die moralisierende
1559 1648 2741 1727 Von den Architekten der Stadterweiterungsepisode wurden
387 1646 1566 1716 Bestrebungen. Im Kreis der Familie sieht er besorgte, ängst¬
2738 1701 3331 1764 sprüche erkühnte, schnitt mit
1567 1708 2749 1759 Antike, Gotik, Renaissance als Stilvorbilder gebraucht. In
377 1696 1574 1770 liche Mienen, hört liebevolle Ermahnungen. Er nimmt das
1563 1750 2748 1812 der Literatur bewunderte man Georg Ebers, Julius Wolf,
2738 1750 3334 1819 Menschentum, in seinen ehrfürch
378 1756 1575 1829 geduldig hin, trägt auch die mißbilligende Schärfe des Vaters
1574 1793 2738 1862 Friedrich Halm. Ein Echo dieser Zeit hörte ich jetzt noch in
2736 1798 3340 1880 sinn, wie etwa sein musikalisch
379 1804 1572 1866 geduldig. Aber der Zustand ist keineswegs angenehm. Adolf
2736 1827 3040 1918 gelitten hätte.
1566 1830 2733 1908 mittleren Provinzstädten Amerikas, wo sich schöngeistige
389 1835 1578 1918 Sonnenthal, dem Hause des Professors Schnitzler eng be¬
1570 1890 2744 1960 Zirkel vor Ehers und Halm als vor den höchsten Gipfeln
2822 1872 3331 1957 In vielen Novellen, die
381 1886 1563 1974 freundet, stützt die Opposition gegen Arthurs Schriftstellerei,
1566 1937 2741 1998 deutscher Poesie anbetend verbeugen. Das beweist die Dauer¬
2735 1923 3347 2004 bringt, sterben die Hauptperso#
391 1943 1572 2002 spricht mit dem seither hinlänglich populär gewordenen Brief
1568 1989 2732 2044 kraft jener billigen goldschnittumschimmerten Flachheiten, die
2741 1988 3330 2054 die durch ihren Hingang das
387 1991 1566 2049 ein geradezu vernichtendes Urteil: „Gar kein Talent!“
1559 2030 2734 2103 übrigens durch den Kitschgeschmack des Films Unterstützung
2739 2031 3343 2109 Grund auf verwandeln. In fa
387 2034 1576 2107 Später bekehrt sich Sounenthal herzlich zu Arthur Schnitzler,
1576 2082 2740 2144 erhalten. Emile Zola, der Homer seines Zeitalters, galt für
2743 2081 3336 2154 ausgenommen, ist vom Tod
390 2069 1569 2143 spielt in „Liebelei“ den alten Weyring. Doch der Vater
1568 2124 2735 2187 einen verdammenswerten Autor, der im Schmutz wühlt,
2733 2114 3337 2197 Schnitzlers gehört es, daß
389 2139 1575 2203 Schnitzlers erlebt den Erfolg des Sohnes nicht mehr. Ein
1573 2173 2737 2231 Guy de Maupassant, der Meister kurzer Novellen, für einen
2734 2166 3331 2237 Handlungen, Vorfälle, Katas
372 2178 1568 2255 jäher Tod rafft ihn hinweg, kurz vor der Premiere von
1573 2216 2733 2274 Erzähler schlüpfriger Geschichten. Tolstoi, Dostojewski wurden
2732 2215 3332 2281 die ihm später auf irgendeine
382 2223 636 2290 „Liebelei“
1555 2270 2726 2317 kaum gelesen. Henrik Ibsens Dramen wirkten wie Bomben¬
2738 2265 3339 2328 stoßen. Als habe seine ahnende
468 2268 1570 2352 Bis dahin sind noch etliche Jahre zu durchmessen. Arthur
1563 2307 2734 2365 attentate. Lieber Himmel, wie hat man die Literaturrevolu¬
2734 2311 3334 2388 geahnt, als sei, wie unter eine
378 2295 1560 2383 Schnitzler glänzt in der großbürgerlichen Wiener Gesellschaft,
1557 2364 2721 2423 tionäre beschimpft. Schnitzler gehört zu den jungen Dichtern,
2739 2359 3340 2436 ständig um dieses trauerbe
383 2360 1558 2426 deren Frauen und Mädchen ihn verhätscheln, deren Männer
1559 2398 2734 2468 die den Verfolgungen am meisten ausgesetzt waren, gehört
2732 2405 3329 2470 schwebt. Auch wiederholt sich
382 2411 1561 2479 ihn verhöhnen. Er geht dem ärztlichen Beruf nach, der ihn
1566 2433 2737 2514 auch zu den jungen Führern, die sich mit den Gegnern ganz
2739 2449 3333 2512 Schmerzlichkeit, daß Menschen
384 2464 1559 2526 peinigt. Und er atmet befreit, wrenn er mit einem geliebten
1567 2489 2727 2559 ernsthaft auseinandersetzten. Es gab heftige Debatten, manch¬
2738 2484 3342 2564 seine besten Erfolge nicht erleb
382 2510 1561 2576 Mädchen beisammen ist, oder wenn er musiziert, oder in
1559 2538 2726 2606 mal, bei denen aber Schnitzler stets Maß hielt, stets die
2731 2538 3339 2619 bevor „Liehelei“ aufgeführt i
378 2552 1560 2617 anregendem Gespräch mit jungen Schriftstellern. Da schließt
1563 2590 2730 2648 Grenzen der Höflichkeit wahrte, obschon seine Antworten
2724 2599 3321 2661 erkennung emporsteigen läßt,
380 2604 1569 2659 er sich auf. Da bricht der große Ernst, bricht die beschwingte
1558 2637 2725 2699 schlagfertig, ja oft genug, ihrem Inhalt nach, vernichtend
2730 2626 3338 2714 geliebtes Mädchen, ein paar Ta
387 2650 1565 2706 Heiterkeit seines Wesens hervor. In der Redaktion der Zeit¬
1554 2683 2732 2753 waren. Polemisiert, in Artikeln oder sonst in öffentlichen
2725 2697 3326 2752 Preis ausgezeichnet wird. Sie
385 2689 1567 2755 schrift „An der schönen blauen Donau“ sitzt Paul Goldmann
1559 2722 2722 2795 Erklärungen hat er allerdings kein einziges Mal. Heftig
2730 2738 3330 2798 ganz einfach, strahlend in Blon
374 2741 1571 2796 und leistet der literarischen Revolution, die zum vollen
1565 2768 2729 2842 konnte er nur sein, wenn große Künstler die er verehrte,
2721 2782 3325 2857 in stillem, frohem, zärtlichem
382 2781 1571 2855 Ausbruch gelangt ist, nach Kräften Vorschub. Als einer der
1557 2820 2728 2878 beschimpft wurden. Empfindlich gegen Angriffe, die ihm
2731 2817 3335 2897 mütigen Gesellschaft, in de
381 2830 1567 2889 ersten erkennt er das Dichtertum Schnitzlers, versteht und
1565 2870 2725 2923 selbst und seinem Werk galten, war Arthur Schnitzler aller¬
2721 2870 3340 2953 Schnitzler verhöhnt und venröh
379 2868 1561 2943 bewundert die funkelnden Geistesgaben dieses jungen
1558 2920 2732 2969 dings von Jugend an sein ganzes Leben hindurch. Aber
2724 2908 3332 2995 das Kind einer gutbürgerlichen,
376 2928 1562 2995 Menschen. Merkwürdig erscheint heute diese ferne Zeit der
1562 2963 2729 3034 dieses Empfindlichsein entsprang keineswegs banaler Eitel¬
2723 2964 3341 3051 zweier Tage riß tückische Krank
386 2964 1561 3030 Anfänge, die sich dem letzten Ausklingen einer Epigonen¬
1559 3011 2730 3071 keit. Im Gegenteil, es schien eigentlich seltsam, wie gar nicht
2727 3017 3331 3087 Bild blühender, scheinbar un
374 3023 1559 3086 dichtung mengt, um sie bald gänzlich abzulösen. Merkwürdig
1567 3071 2720 3119 er selbst für sich oder mit dieser gekränkten persönlichen
2728 3057 3339 3134 ins Grab. Am Tag nach ihre
385 3068 1563 3130 und fast erheiternd die Kämpfe, die gewissermaßen in der
1552 3102 2726 3169 Eitelkeit an diesem empfindlichen Zucken beteiligt war. Ihn
2721 3110 3325 3176 die Nachricht, man habe ihn
383 3115 1565 3180 Morgendämmerung mit allem nächtlichen Spuk geführt
374 3146 3338 3233 werdin mußten. Der herrschende Geschmack war verweichlicht, verletzte das Dreinreden offenkundigen Unverstandes, dreister gesprochen, und brach bei den er#
