3344 4352
1065 240 1144 298 0
153 221 1992 311 18. Die kleine Kon die box 35/11
1394 730 2262 848 OBSERVER'
1506 825 2216 890 I. österr. behördl. konzessioniertes
1470 875 2245 959 Unternehmen für Zeitungs-Ausschnitte
1549 940 2174 1008 WIEN, I., WOLLZEILE 11
1608 995 2103 1054 TELEPHON R-23-0-43
1429 1113 1813 1203 Ausschnitt aus:
1653 1171 1925 1283 Volksteitur
1417 1342 1568 1422 vom:
1453 1473 2191 1581 Ein paar Bücher.
1576 1549 2068 1625 Romane und Novellen.
1454 1598 2257 1685 Der beträchtliche literarische Nachlaß
1371 1647 2263 1724 Artur Schnitzlers harrt noch seiner Ver¬
1386 1705 2255 1764 öffentlichung. Inzwischen ist bei S. Fischer in
1376 1746 2256 1807 Berlin ein Sammelband kürzerer Novellen
1381 1790 2263 1851 „Die kleine Komödie“ erschienen, die,
1376 1838 2263 1898 zum Großteil aus alten Zeitschriften und
1378 1861 2258 1931 Zeitungen stammend, bisher noch in keines
1376 1915 2261 1973 seiner Bücher Eingang gefunden hatten und
1379 1959 2254 2019 zudem miteinander gemeinsam haben, aus
1371 2007 2266 2061 der Frühzeit des Dichters zu stammen. Der
265 2003 1125 2105 „OBSERVER
1377 2052 2267 2117 junge, noch nicht dreißigjährige Schnitzler
375 2087 1066 2145 I. österr. behördl. konzessioniertes
1371 2099 2280 2158 spricht zu uns, und mit ihm auch eine Zeit,
1369 2133 2285 2191 die uns fast historisch anmutet und die dann
342 2132 1105 2205 Unternehmen für Zeitungs-Ausschnitte
1363 2164 2281 2239 wenige Jahre später im „Anatol“ und der
405 2185 1034 2262 WIEN, I., WOLLZEILE 11
1382 2204 2275 2283 „Liebelei“ ihren dokumentarisch=künstlerischen
467 2252 972 2307 TELEPHON R-23-0-43
1366 2259 2277 2324 Ausdruck gefunden hat. Viele der Probleme,
1367 2297 2280 2375 die in den späteren Werken Schnitzlers wieder¬
1372 2346 2272 2411 kehren, haben hier ihre erste, mitunter nur
291 2366 668 2461 Ausschnitt aus:
1371 2433 2277 2506 Formung erhalten. Die jungen Wiener Lebe¬
1371 2477 2279 2534 männer, nichtstuerisch, blasiert, übersättigt,
1369 2518 2280 2593 und das süße Mädel aus der Vorstadt spielen
574 2464 1088 2616 aiers ARRLAh
1375 2557 2278 2628 eine große Rolle, besonders in der Titel¬
1372 2600 2275 2662 novelle, die dies uns heute nur mehr schwer
1372 2646 2270 2713 verständliche Milieu in einen amüsanten
1372 2679 2280 2758 Briefwechsel faßt. Jener Dreiklang von
605 2632 1109 2789 24 DEZ. 1930
1372 2726 2270 2800 „Liebe, Spiel und Tod“, der das Gesamt¬
1373 2776 2276 2836 werk des Dichters beherrscht, tönt hier in
1371 2815 2282 2891 seiner romantisch=düsteren Wehmut schon
1372 2861 2268 2924 vernehmlich auf und verstummt nur selten in
457 2820 1128 2927 Der Büchertisch.
1377 2909 2262 2961 den Skizzen, denen die sorglose Hingabe an
265 2903 1369 2959 Arthur Schnitzler, Die kleine Komödie. Novel¬
1385 2951 2275 3010 den Tag und seine Freuden eine hellere
184 2958 1382 3022 len ans der Frühzeit. Mit einem Nachwort von Otto
1380 2999 2271 3056 Schattierung verleiht. Es bietet stets einen
182 2994 1381 3047 F. Schinnerer. (Berlin, S. Fischer.) Reizvolle Schau:
1379 3026 2279 3092 großen Genuß, die frühen, schon vergessenen
179 3040 1383 3093 der Vollendete gleichsam in seinem künstlerischen Noviziat,
183 3074 2267 3135 der Eleve mit allen, noch knabenhaft und keimend ver=oder verschollenen Arbeiten eines Dichters
185 3108 2281 3176 hüllten und verheißenden Sichten, Schwingungen, Schwe=kennenzulernen. Bei Schnitzler besonders,
179 3155 1390 3222 bungen... ein Frühgarten, dessen krokusheller Märzen¬
181 3209 1387 3276 grund doch geheim den hohen Sommer kündet, die
193 3250 1400 3309 Apfelreife, den Oktobertau. Beinah jedes entscheidende
190 3300 1404 3357 Motiv des späteren Schnitzler=Schaffens klingt hier schon
189 3338 1403 3401 auf, unsicherer oder bereits kräftiger angeschlagen. Tod
188 3374 1396 3447 und Liebe, Eros und Thanatos in ihrem Verflochten¬
191 3425 1397 3483 sein, Seligkeit, durchschauert vom Hauch des Vergäng¬
189 3465 1419 3527 lichen, und dieser Hauch als weh=süße Würze, die leichte,
193 3497 1405 3569 weiche Versilberung um Antlitz und Seele, die gütig¬
198 3548 1425 3613 ironische Erkenntnis, der unnennbare Gartenatemflor der
196 3606 1415 3657 Grünungen und Gründe Wiens — all dies ist gleichsam
187 3629 1424 3696 morgendlich erwachend da. Wie auch schon hier, leise
191 3672 1418 3737 oder tiefer geklärt, der reine, kühle Spiegel der Worte
201 3713 1415 3791 schimmert. Mängel gewiß an vielen Stellen, Mängel,
191 3764 1415 3832 wenn man die Gebilde an den fertigen Kunstwerken
192 3795 1416 3876 mißt. Doch die Freunde Schnitzlers, deren Zahl desto
196 3857 1425 3918 erheblicher wächst, je unzweifelhafter dieser ganze Bereich
201 3911 1360 3954 österreichischer Dichtung einem Versunkenen angehört —
193 3943 1399 4000 sie werden, aus menschlicher wie aus künstlerischer Anteil¬
192 3966 1420 4055 nahme, dies Zeugnis eines Beginnenden den Gaben des
945 4016 1376 4095 Dr. Paul Rossi.
201 4019 631 4109 Fertigen zugesellen.
2252 1458 3173 1547 denn man sieht hier den Keim seiner Be¬
2262 1528 3188 1583 gabung, die sich bis zu seinen letzten Werken
2262 1557 3173 1619 mit einer nahezu hartnäckigen Leidenschaft
2273 1601 3171 1661 treu geblieben ist. Der altgewordene Schnitzler,
2267 1651 3178 1698 wie er von uns schied, ist nicht viel anders
2270 1695 3173 1750 als der jung gewesene, er wuchs an Reife
2279 1731 3170 1789 und Größe, an Stärke seiner Kompositionen,
2273 1822 3161 1874 Wesens ist der gleiche geblieben; in den
2264 1865 3159 1916 kleinen Arbeiten dieses Bandes sind zart und
2269 1902 3159 1962 fein alle die Linien vorgezogen, innerhalb
2273 1939 3164 2019 deren sich dann das Werk seines Lebens ent¬
2274 1992 2517 2046 wickelt hat.
