3436 4352
1130 283 1583 383 box 41/1
142 290 996 401 1. Miscellaneous
608 1376 1008 1444 Telefon 12801.
156 1483 1367 1545 Alex. Weigl's Unternehmen für Zeitungs-Ausse.
1160 1524 1344 1598 Ausschnltt
1180 1588 1330 1687 Nr.
480 1571 1097 1695 „OBSERVER‘
139 1679 1451 1768 österr. behördl. conc. Bureau für Zeitungsberichte u. Personalnaehrich
280 1751 1365 1857 Wien, IX,, Türkenstrasse 17.
483 1829 1152 1924 Filiale in Budapest: „Figyelö“ —
129 1907 1493 1987 ertretungen in Berlin, Chicago, Genf, London, Newyork, Paris, Rom, Stockholf
130 2033 634 2118 Ausschnitt aus:
1160 2084 1434 2181 chen
243 2064 975 2227 39=4 H oS. 8
139 2188 485 2298 #
313 2465 1427 2576 Das Richtige liegt nicht immer in der Mitte. Den
224 2541 1412 2591 „goldenen Mittelweg“ schlagen gewöhnlich jene schwachen
218 2582 1415 2665 Naturen ein, die sich zwischen Recht und Unrecht, zwischen
233 2628 1189 2719 Wahrheit und Lüge durchzuschlängeln suchen.
316 2724 1405 2803 Der Streit, ob Goethe größer sei als Schiller,
214 2765 1402 2855 oder ob dieser der größere von beiden sei, hätte endlich
226 2822 1403 2888 aufgehört. Jetzt streitet man blos mehr darüber, wer
225 2878 1422 2971 der kleinere ist: Arthur Schnitzler oder Hermann Bahr?
580 2938 1158 3014 D 2u.—
153 2992 1257 3056 Ftr 50 Zeitungsausschnitte (Artikel oder Notizen). Kr. 15.—
1151 2998 1514 3104 28 — inelusire
223 3052 325 3094 100
1334 3054 1499 3101 Porto.
1153 3079 1282 3124 50.—
220 3092 326 3135 200
1315 3087 1499 3143 Zahlbar
1130 3112 1284 3164 110.—
222 3128 336 3174 500
1097 3126 1533 3213 200.— im Voraus.
170 3163 333 3233 „ 1000
236 3191 1550 3264 Im Gegensatze zu anderen Bureaux für Zeitungsausschnitte ist das
132 3246 1553 3321 Abonnement durch keine bestimmte Zeitdauer begrenzt; — auch stcht es den
142 3299 1399 3360 Abonnenten frei die aufgegebenen Themen zu ergänzen oder zu ändern.
226 3365 1555 3426 Der „OBSERVER“ veranstaltet täglich einen Auszug enthaltend die
139 3411 1563 3475 Unhaltsangabe aller wichtigen Mittheilungen der Wiener Morgen¬
139 3447 1563 3524 blütter (Tagesjournale ausser „Neue Freie Presse“ und Wiener Zeitung“)
138 3494 1561 3549 sodurch eine Uebersicht über das gesammte politische und wirthschaftliche Leben
125 3524 1557 3593 Mes In- und Auslandes in drastischer Kürze geboten wird. Diese Mittheilungen
130 3582 926 3641 werden in Wien um 9 Uhr Früh verschickt.
422 3647 1267 3745 Prospecte gratis und franco.
1914 191 2273 284 — —
1817 1376 2701 1469 Direktor Schleuther an den „Figaro“.
1844 1454 2333 1534 Mein lieber „Figaro!“
1721 1495 2902 1584 Seitdem mir bei dem großen Speidel=Jubiläums=Bankett
1625 1568 2896 1642 das Glück zutheil wurde, unter den Anstrudlern des von der
1637 1616 2902 1691 gesammten Jndenpresse so hochbeleckten liebenswürdigen alten
1631 1671 2901 1745 Grantikus mitthun zu dürfen, fühlt sich mein Herz recht freudig
1634 1715 1774 1784 erregt.
1733 1757 2886 1835 Es ist  wie Sie wissen — noch nicht sehr' lange her,
1624 1815 2893 1874 daß ich mein Herz für Wien und für die Gege als Burg¬
1624 1855 2193 1922 theaterdirektor entdeckt habe.
1726 1910 2250 1971 Das war nicht so leicht!
1722 1942 2898 2034 Es gab böse Menschen, welche mir den festen Glauben,
1636 2001 2891 2071 daß man in erster Linie ohne „Neue Freie Presse“ im Burg¬
1637 2051 2899 2139 theater nicht regieren könne — rauben wollten. Allein ich blieb
1633 2100 1840 2171 standhaft!
1735 2133 2904 2215 Ich schloß mich, nach und nach, tief gebückt und mittelst
1632 2200 2901 2268 Schlaugenwindungen der ganzen „Konkordia“ an, und danke
1635 2256 2890 2325 nun dem Schöpfer der Klique, daß mir die hohe Ehre zutheil
1632 2309 2898 2366 wurde, wenigstens als „Benjamin“ an dem untersten Ende
1620 2368 2904 2437 jener Tafel sitzen zu dürfen, wo die „auserlesensten geistigen
1607 2394 2519 2465 F Größen von Wien“ das große Wort führen.
1724 2443 2887 2518 Ich richte als Leiter der „ersten deutschen Bühne“ bei Allem,
1623 2493 2893 2569 was ich beginne, vorerst meine fragenden Blicke nach den hehren
1624 2547 2893 2606 Gestalten, welche nach den Premieren in die nächstgelegenen¬
1621 2604 2899 2681 Kafseehäuser eilen, um dort im Schweiße ihres Angesichtes
1605 2646 2338 2715 420—30 Zeilen Kritik zu schreiben.
1725 2698 2888 2765 Diese „geistigen Kapazitäten Wiens“ plagen sich dabei
1630 2750 2901 2807 mehr, als mancher Dramendichter mit seinem fünfaktigen
1632 2791 2899 2847 Werke — aber von ihnen hängt es ab, ob ich als Burgtheater¬
1635 2846 2890 2906 Direktor etwas gelte oder nicht, das ist das Ausschlaggebende¬
2171 2891 2883 2966 — Darum erbebe ich bei dem Ge¬
1637 2897 2175 2960 in meinem Kunstbestreben.
1634 2938 2896 3023 danken, selbständig etwas zu thun — irgend etwas zu schaffen,
1643 2997 2732 3065 was nicht von vorneherein von ihnen gebilligt erscheint.
1723 3047 2890 3111 Oich habe „mein Wien“ in seiner geistigen Bedeutung
1650 3097 2901 3152 gründlich kennen gelernt. Ich habe bei meinem gewöhnlichen
1642 3143 2885 3200 Wege vom hinteren Thürl des Burgtheaters ins „Löwenbräu“
1652 3200 2892 3266 stets einen Umweg gemacht, um das Café Größenwahn“ zu
1638 3244 2889 3321 besuchen und dort Fühlung zu gewinnen mit den läutenden
1654 3296 2270 3357 Geistern der dramatischen Muse.
1712 3324 2893 3400 Werfen Sie einen Blick auf mein Repertoire der nächsten
1651 3391 2895 3445 Saison. Sie finden Arthur Schnitzser-—enHofmannsthal,
1665 3437 2887 3504 felix Dörmann, Ebermann, Hirschfeld, Hermann Bahr,
1644 3486 2887 3550 denen sich, so Gott will, noch Oskar Friedmann und Gaus
1645 3547 2321 3603 von Ludassy anschließen werden.
1722 3577 2507 3646 Unter diesem Zeichen werde ich siegen!
1721 3631 2890 3700 Wenn auch böse Menschen behaupten, daß ich nächstes Jahr
1602 3664 2884 3771 Igegangen werde — ich und meine Panegyriker glauben es niht
1690 3727 2901 3786 womit ich verbleibe zur Ehre und zum Ruhme der modernen
1608 3781 2842 3851 Adramatischen Muse, Ihr von den besten Hoffnungen erfüllter
2453 3798 2945 3891 Benjamin Schleuther. „
2147 3854 2425 3947 e
2918 3712 3005 3781 0
