3344 4384
1147 365 1613 459 box 41/1
150 370 997 468 1. Miscellaneons
727 1237 1147 1303 Telefon 12801.
447 1342 1453 1419 Unternehmen für Zeitungs-Ausschnitte.
1325 1396 1507 1459 Ausschnitt
599 1460 1633 1561 JODSERTER Nr. 26
202 1566 1669 1625 L. österr. behördl. conc. Bureau für Zeitungsberichte u. Personalnachrichten
393 1632 1491 1705 Wien, IX/1, Türkenstrasse 17.
630 1704 1361 1777 Filiale in Budapest: „Figyelé“ —
309 1774 1571 1840 Vertretungen in Berlin, Chicago, London, Newyork, Paris, Stockholm.
215 1896 743 1974 Ausschnitt aus:
208 2016 726 2121 von 1/47
511 2229 1394 2317 Theaterprogramme für das Jahr 1900.
504 2313 1464 2362 Im Burgt#eater werden ganz bestimmt einige glänzende
419 2348 1465 2386 Novitäten zur Aufführung gelangen. Wie sie heißen, weiß
433 2380 1476 2446 man noch nicht, doch weiß man bereits, daß sie von
432 2427 1484 2485 Hrschfeld und Schnitzler sein werden und Herr Kainz
436 2468 1004 2528 in der Titelrolle glänzen wird.
507 2495 1463 2543 Im Hosoperntheater werden die wenigen restirenden
429 2535 1462 2586 Künstler bereits in den ersten Monaten entlassen und durch
434 2578 1475 2644 stimm= oder bildungslose Mahler=Stämmlinge ersetzt werden.
521 2626 1477 2679 Im Deutschen Volkstbeater wird das Hetärenstück be¬
436 2661 1477 2707 sondere Pflege finden, weil Frar Odilon, wie einige Blätter
447 2700 1478 2767 sehr richtig bemerkten, derartige Rollen mit tiesem Ver¬
436 2741 1005 2796 ständnisse durchzuführen weiß.
520 2779 1474 2831 Im Theater a. d. Wien, Josefstädter und Cark-Theater
436 2816 1484 2870 wollen die Directoren den vollailtigen Beweis erbringen, daß
441 2857 1484 2920 es ihnen ferne liegt, eine Schauspielerin zur Anschaffung
435 2903 1042 2957 irgend einer Toilette zu zwingen.
648 3294 1210 3371 Bezugs-Bedingungen.
206 3363 1241 3411 Für 50 Zeitungsauschnitte (Artikel oder Notizen) fl.
1258 3353 1601 3445 7.50] inelnsire
308 3404 393 3451 100
1248 3395 1376 3469 14.—
1422 3426 1573 3468 Porto.
277 3434 404 3498 200
1240 3438 1368 3501 25.—
1407 3459 1590 3514 Zahlbar
284 3485 405 3528 500
1236 3485 1371 3532 55.—
1168 3500 1628 3583 „ 100.— im Voraus.
234 3513 408 3580 „ 1000
326 3559 1652 3622 Im Gegensatze zu anderen Bureaux für Zeitungsausschnitte ist das
218 3619 1668 3680 Abonnement durch keine bestimmte Zeitdauer begrenzt; — auch stcht es den
225 3653 1514 3724 Abonnenten frei die aufgegebenen Theien zu ergänzen oder zu ändern.
2209 2033 2903 2123 Neue Bücher. ###
1926 2106 2969 2190 Im todten Wasser. Von Ludwig Wolff. Verlag von
1842 2119 2444 2212 Call Reißner in Dresden 1899.
1941 2176 2952 2249 Der Autor ist ein junger, sehr junger Wiener, der sicht
1853 2198 2957 2294 recht intensiv mit der Lectüre von Schnitler beschäftigt
1843 2256 2947 2330 hat. Das ist allenfalls eme  fehr schöne Sache, und ich kann
1848 2304 2946 2365 idem jungen Autor zu seinem guten Geschmack nur Glück
1842 2337 2952 2404 zwünschen. Aber was geht uns das an? Warum hat er das
1839 2379 2945 2442 gleich einen ganzen, dicken Roman geschrieben, um in uns die
1868 2416 2945 2463 Empfindung hervorzurufen: Schaut, ich bin ein Mensch, der
1840 2454 2937 2512 Den Schnitzler kennt. Wenn Ihr's nicht glaubt, dann lest nur
1838 2500 2944 2565 Ineinen Roman. Da hab' ich ihm Alles abgeguckt. Wolff
1867 2533 2830 2587 ist Decadent, mit einer — ich möchte fast sagen —
2826 2549 2944 2600 ver¬
1839 2572 2938 2645 bissenen Wuth. Er ist Decadent, weil das so modern ist. Das
1845 2621 2952 2676 ganze Buch freilich ist mit einer ganz seelenlosen, falschen
1854 2654 2941 2708 PPsychologie aufgebaut. Das Weib ist geschaut aus der Per¬
1850 2693 2945 2777 spective des Café Griensteidl, und die Prostituirte mit der
1845 2739 2945 2802 Wieblosigkeit des Cadett=Officier=Stellvertreter vom Hochadel.
1829 2758 2944 2826 Dieser Zug von Lieblosigkeit durchzieht das ganze Buch.
1828 2806 2933 2883 [Wolf hat so gar nichts Künstlerisches in dieses Buch
1829 2838 2940 2904 shineingelegt. Seine Affecte sind kalt und comödiantenhaft,
1841 2879 2936 2954 die Conflicte mühsam construirt. Warum hat Wassermannz
1840 2920 2933 2981 diesem Buch das Vorwort geschrieben? Und dann. Ist erk
1835 2967 2805 3035 denn selbst schon auf allerhöchst künsilerischer Stufe?
