3392 4256
1138 260 1589 354 box 41/1
141 266 988 372 1. Miscellaneens
173 1412 1397 1500 Information war demnach ebenso unrichtig, wie mein
167 1469 550 1545 Kampf gerecht.:
561 1535 721 1594 — — —
281 1581 1387 1650 So ungefähr hätte ich gesprochen, wenn meine
164 1625 1389 1699 Gegner mir auf dem Terrain ihrer Presse ent¬
166 1683 1400 1736 gegengetreten wären. So spreche ich heute, da sie es
170 1731 1399 1781 nicht gethan, da sie aus der sinnverwirrenden Fülle
171 1771 1397 1824 der Beschuldigungen klaren Blickes zwei herausge¬
165 1815 1390 1898 hoben und den ganzen Kampf in die Sphäre einer
175 1868 1346 1933 trockenen Criminalität gerückt haben. Ich habe ihn —
169 1931 1376 1996 und das ist das rühmliche Ergebnis dieser Gerichts¬
166 1979 1392 2025 verhandlung — dem unfruchtbaren Boden wiederentzogen.
167 2013 1395 2073 Ich habe den Herren bewiesen, dass ihre Beziehung, auch
177 2072 1383 2139 wenn der eine nie ein Ehrenwort gebrochen, der
174 2119 1387 2189 andere nie ein Grundstück geschenkt bekommen hat,
168 2174 1397 2230 eine unstatthafte ist. Ich habe bewiesen, dass junge,
173 2222 1391 2261 einflusslose Autoren sich von den allmächtigen Theater¬
167 2252 1392 2332 lenkern alles gefallen lassen müssen, und klarer konnte
163 2323 1375 2375 dieser Schwächezustand der Oeffentlichkeit nicht ge¬
174 2354 1394 2438 macht werden, als durch die Vorführung eben jenes
176 2411 1393 2487 Herrn Holzer, der vor Gericht seine Begeisterung
173 2455 1388 2510 für Herrn Bukovics und seine Verachtung für mein
173 2507 1376 2564 Streben, ihn gegen den Unternehmer zu schützen, be¬
174 2556 1386 2620 kundete. Und dass Autoren, denen das kritische Neben¬
162 2621 1388 2678 amt Einfluss über eine Theaterkanzlei verleiht, diesen
163 2652 1378 2732 Einfluss in schrankenlosester Weise ausnützen, konnte
162 2721 1388 2775 wieder nicht eclatanter als an der Figur eben jenes
163 2750 1380 2823 Zeugen Bukovics bewiesen werden, der gellend die Größe
169 2809 1379 2861 seines- Freundes und Gönners- ins Haus rief und in jedem
172 2845 1383 2921 Worte die Erkenntnis der Ueberlegenheit des kritischen
169 2891 1381 2977 Machthabers verrieth. Wahrlich, wenn Orgon und Tartüffe
164 2948 1379 3010 ihren Schöpfer Molière auf E''renbeleidigung geklagt
166 2990 1389 3072 hätten, drastischer wäre das Verhältnis ausgenützter Einfalt
156 3058 1380 3128 und geschäftsschlauer Freundschaft nicht dargestellt
162 3085 363 3150 worden.
284 3141 1382 3206 Diese Geschwornenverhandlung konnte zuletzt
164 3161 1383 3257 keinen andern Zweck haben als den einer thatsäch¬
164 3241 1388 3329 lichen Berichtigung. Zwei Mittheilungen, die ich im
1677 1457 2897 1529 besten Glauben veröffentlicht, waren schlimmstenfalls
1672 1520 2888 1573 unrichtig. Aber, dass hundert wirkliche Ehrenbe¬
1677 1559 2889 1615 leidigungen citiert und bewiesen werden könnten, darauf
1665 1615 2895 1665 waren die Herren nicht gefasst. Einstimmig haben die
1667 1666 2886 1706 Geschwornen, die ja leider über nichts anderes ent¬
1670 1710 2891 1769 scheiden durften, die Unrichtigkeit zweier Informationen
1667 1760 2883 1809 bekräftigt; einstimmig hätten sie, wäre sie ihnen ge¬
1669 1809 2883 1862 stellt worden, die Frage auf die Reinheit und Noth¬
1661 1860 2888 1905 wendigkeit meines Kampfes bejaht. Dass ich ihn
1657 1908 2886 1970 jenseits der durch den Strafprocess gesteckten Grenzen
1666 1956 2890 2001 erläutern, dass meine Vertheidigung sich zu einer Anklage
1664 2007 2889 2060 gegen das von mir angegriffene System verwandelnkonnte,
1664 2057 2888 2108 danke ich der Einsicht und Loyalität eines klugen und in
1666 2105 2899 2149 Dingen der Literatur bewanderten Vorsitzenden, der,
1658 2155 2888 2216 wie alle Zuhörer versicherten, charmant gegen mich
1656 2204 2897 2251 war. Dass er wirklich charmant und gegen mich war,
1665 2247 2882 2297 habe ich vor und nach seinem Resumé zu erfahren
1666 2295 2167 2364 Gelegenheit gehabt..
1791 2358 2882 2417 Wenn ich bedenke, dass die Zeitungen, so entstellte,
1663 2403 2880 2466 willkürliche und gehässige Berichte die meisten auch
1660 2449 2878 2494 brachten, doch ein gut Theil der von mir aufgedeckten
1666 2507 2879 2567 Theatercorruption der Kenntnis ihres Publicums ver¬
1663 2558 2880 2611 mittelt haben, so kann ich die mir auferlegte Geldbuße
1652 2612 2881 2663 nicht zu hoch finden; was bedeutet sie im Vergleiche
1659 2653 2883 2689 zu der Summe, durch die ich die liberale Presse zur
1659 2691 2884 2739 Verbreitung meiner Ideen im außergerichtlichen Wege
1658 2746 2272 2807 hätte veranlassen müssen?
1778 2797 2876 2859 Zum Danke an die Presse der übliche Dank an
1652 2851 2870 2905 das Publicum. Es hat mich — ich meine das
1651 2905 2882 2967 Auditorium der Verhandlung — nicht minder eifrig,
1659 2952 2881 3008 nicht minder verständnisvoll unterstützt. Ich werde es
1657 3000 2873 3054 diesen Neugierigen, die so zahlreich versammelt waren,
1650 3051 2876 3107 nie vergessen, dass sie nach zweitägigem angestrengten
1657 3096 2880 3156 Zuhören noch die Kraft hatten, bei meiner Verurtheilung
1643 3150 2880 3214 in ein Indianergeheul auszubrechen. Rascher hätten die
1646 3191 2870 3261 zwöll Männer aus dem Volke nicht zur Erkenntnis ge¬
1659 3251 2877 3309 bracht werden können, wem zu Gefallen sie ihr Verdict ge¬
1652 3298 2880 3353 sprochen hatten. Was mein Vertheidiger in einer meister¬
