3392 4320
-4 2806 80 2864 ohln
15 2854 72 2909 ze=C
3 2899 80 2956 n D
7 2948 49 3005 r
9 3049 68 3102 n d
17 3087 82 3147 var
24 2420 80 2478 ier
239 255 1093 361 1. Miscellangons
1235 244 1701 346 box 41/1
1536 1290 1937 1361 Telefon 12801.
1059 1391 2406 1459 Alex. Weigl’s Unternehmen für Zeitungs-Ausschnitte
2091 1450 2292 1526 Ausschnilt
1201 1498 2409 1594 ö8 „CBSLRVEN N. 19
1008 1614 2462 1669 L. österr. behördl. conc. Bureau für Zeitungsberichte u. Personalnachrichten
1192 1665 2295 1749 Wien, IX/, Türkenstrasse 17.
1418 1759 2078 1837 Fillale in Budapest: „Figyelé“ —
1011 1819 2444 1903 Vertretungen in Berlin, Chicago, Genf, London, Newyork, Paris, Rom, Stockliolm.
1003 1947 1533 2035 Ausschnitt aus:
1568 1944 2222 2071 Fackel, Wien
1009 2087 1365 2185 vom—
1550 2303 1675 2361 —
1224 2346 2329 2424 Leserin. Es ist wahr. Herr Hugo Ganz, der neulich über
1081 2407 2328 2448 *. Modernitäts-Modeg schwätzte, könnte einem den schönsten Ekel an der
1112 2442 2327 2504 Secession verleiden. Der Mann vereinigt die Gesundheit Nordaus mit
1107 2486 2336 2525 dem Humor Sternbergs. Aber die „Neue Freie Presse“ lässt sich trotz
1104 2525 2334 2581 alledem in kein bestimmtes literarisches Fahrwasser locken; sie ist und
1102 2571 2342 2616 bleibt nach beiden Richtungen geschmacklos, Lässt sie am Samstag den
1105 2596 2329 2654 durch einen dramatischen Durchfall gereizten Herrn Ganz die ge¬
1112 2640 2334 2684 sammte neuösterreichische Kunst bespucken, so lässt sie am Sonntag
1105 2673 2322 2718 Herrn Brandes zu Wort kommen, der sich in seiner kritiklosen Be¬
1110 2716 2324 2760 geisterung zu dem Wagnis versteigt, Herrn Arthur Schnitzler, dem
1108 2767 2318 2820 auch der Gegner Fleiß und Talent nicht absprechen wird, einen
1098 2800 1704 2856 rgenialen Menschene zu nennen.
1483 2845 2030 2924 Bezugs-Bedingungen:
1063 2918 2188 2977 Für 50 Zeitungsausschnitte (Artikel oder Notizen) Kr. 15.—
2163 2912 2435 3010 inclusire
2076 2953 2116 2997 2
1152 2957 1248 3005 100
2261 2968 2417 3015 Porto.
2079 2990 2162 3035 50.—
1091 2999 1251 3060 „ 200
2238 3003 2430 3057 Zahlbar
2063 3022 2211 3078 110.—
1133 3039 1249 3080 500
1082 3053 1130 3099 „
2057 3044 2456 3130 200.—) im Voraus.
1093 3074 1260 3135 „ 1000
1149 3095 2474 3187 Im Gegensatze zu anderen Bureaux für Zeitungsausschnitte ist das
1025 3163 2489 3217 Abonnement durch keine bestimmte Zeitdauer begrenzt; — auch steht es den
1031 3213 2329 3260 Abonnenten frei die aufgegebenen Themen zu ergänzen oder zu ändern.
1152 3273 2477 3342 Der „OBSERVER“ veranstaltet täglich einen Auszug enthaltend die
1042 3336 2484 3383 Inhaltsangabe aller wichtigen Mittheilungen der Wiener Morgen¬
1040 3353 2481 3435 blütter (Tagesjournale ausser „Neue Freie Presse“ und „Wiener Zeitung“)
1047 3410 2478 3459 wodurch eine Uebersicht über das gesammte politische und wirthschaftliche Leben
1033 3444 2494 3494 des In- und Auslandes in drastischer Kürze gebeten wird. Diese Mittheilungen
1033 3488 1854 3565 werden in Wien um 9 Uhr Früh verschickt.
1335 3563 2155 3636 Prospecte gratis und france.
