3392 4256
1128 259 1591 350 box 41/1
138 264 982 379 1. Miscellaneous
245 1361 1486 1458 in seine Tasche zu fließen begann, über Director,
238 1436 1468 1495 Regie und Schauspieler, die er einst beschimpft
237 1477 1469 1542 hat, anderer Meinung wurde: ich kann auch
241 1515 1474 1591 zeigen, wie er nachträglich, als er sie in ein
243 1573 1459 1650 Buch aufnahm, seine früheren aggressiven Urtheile
246 1624 1465 1709 verändert hat. Einem Kritiker, dem von dem Theater,
234 1686 1464 1751 das seiner kritischen Controle anvertraut ist, so reiche
242 1730 1467 1804 Vortheile zufließen wie Herrn Bahr, einem Kritiker,
236 1770 1464 1854 dessen Durchfallsstücke von der Direction sichtlich
245 1826 1459 1904 durchgepeitschte werden und dessen verlachte
237 1875 1466 1951 Josephine- unter vierzehn Aufführungen sechs an
233 1917 1465 2000 Sonn- und Feiertagen erleben durfte, habe ich nun¬
233 1983 1464 2049 mehr zugemuthet und zugetraut, er lasse sich von dem
229 2029 1460 2102 befreundeten Theaterunternehmer einen Villengrund
237 2063 1457 2144 schenken. Dies ist nach all dem, was ich vorher be¬
229 2115 1460 2196 hauptet, keine Beleidigung mehr. Die Herren Bahr
227 2182 1452 2248 und Bukovics machen aus dem Freundschaftsbündnis,
234 2215 1455 2304 das sie über einer stürmischen Vergangenheit ge¬
232 2279 1449 2331 schlossen, kein Hehl. Einem Freund zuzumuthen, er
221 2327 1452 2397 habe dem Freunde ein Geschenk gemacht, ist keine
230 2368 1463 2448 Ehrenbeleidigung. Sie wird es erst durch den Zusatz,
229 2412 1451 2479 dass jener ein beeinflusster Kritiker sei. Gelingt es
225 2479 1448 2540 mir, nachzuweisen, dass Herrn Bahrs kritische Ob¬
219 2527 1455 2586 jectivität schon im Tantièmenrausche getrübt sei, so wäre,
227 2578 1460 2640 selbst wenn die Schenkung des Grundstückes ein Kaufist,
226 2623 1452 2673 mein Wahrheitsbeweis für die Ehrenbeleidigung erbracht.
213 2662 1443 2728 Die Behauptung: Müller hat dem Schulze eine Uhr ge¬
219 2724 1459 2783 schenkt — mag wahr oder talsch sein. Eine Beleidigung ist
217 2758 1451 2827 sie nicht. Wenn ich aber hinzufüge: Müller ist nämlich
225 2826 1445 2887 mit Schulzes Frau sehr gut bekannt, so steckt im Worte
218 2857 1440 2939 „nämlich die Beleidigung. Gelänge es nun, in
215 2904 1450 2975 einem Processe nachzuweisen, dass Schulze jährlich von
214 2974 1448 3037 Müller einige tausend Kronen für die Duldung des ihm
220 3003 1443 3087 bekannten unsittlichen Verhältnisses Müllers zu Schulzes
215 3062 1436 3132 Frau bezieht, so wäre die Frage, ob ich durch die
217 3102 1443 3190 Behauptung vom Uhrgeschenk eine Ehrenbeleidigung
215 3163 1468 3221 begangen habe, auch wenn diese Behauptung sich
217 3220 1462 3292 als völlig falsch erweist, zu verneinen. Ich hätte
1926 187 2255 259 —
2359 1304 2510 1374 —
1802 1420 3022 1503 also bloß das unsittliche Verhältnis Bahr-Bukovics
1790 1466 3007 1547 nachzuweisen. Herr Bahr aber versteift sich auf den
1801 1509 3012 1594 Villengrund und legt den Kaufvertrag vor. Umso
1783 1557 3010 1628 besser. Dann war ich in diesem einen Punkte falsch
1783 1607 3015 1676 oder ungenau informiert, und der Kritiker, der sich von
1782 1659 3012 1742 der Kanzlei des Deutschen Volkstheaters jährlich
1785 1710 3011 1774 mehrere tausend Kronen schenken lässt, war so nobel
1781 1767 3001 1835 oder so kleinlich, sich nicht auch noch einen Villen¬
1776 1802 3000 1885 grund schenken zu lassen. Meine bona fides: ich hatte
1787 1853 3001 1940 von mehreren Seiten die in St. Veit als notorisch
1777 1915 2998 1968 geltende Thatsache erfahren, und da ich zwecks Ueber¬
1782 1963 3007 2043 prüfung der Nachricht mich nicht gut telephonisch an
1778 2011 2996 2059 einen der betheiligten Herren wenden konnte, habe ich
1772 2067 3000 2107 mich an das Grundbuch Hietzing gewendet. Und das
1779 2105 2992 2178 Grundbuch sollte doch in solchem Falle der zuver¬
1770 2152 2994 2210 lässigste Gewährsmann sein. Was fand ich? Besitzer
1778 2203 2991 2276 des Grundes, auf dem Herr Bahr seine bereits bezogene
1777 2248 2992 2335 Villa gebaut hat — Emerich v. Bukovics. Vielleicht, sagte
1774 2291 2989 2386 ich mir, hatirgend ein besonderer Umstand die Eintragung
1769 2351 2978 2426 des Kaufvertrages verzögert?*) Immerhin — ein Theater¬
1772 2387 2985 2470 richter muss auch den Schein vermeiden. Warum
1765 2438 2982 2516 kauft sich Herr Bahr just in Ober-St. Veit an, warum
1767 2484 2976 2578 löst er just Herrn v. Bukovics, über dessen Geschäft
1763 2541 2970 2598 er öffentlich urtheilt, einen Grundbesitz ab? Sind der¬
1757 2581 2977 2661 artige geschäftliche Transactionen zwischen einem
1760 2637 2968 2719 Publicisten und einem Theaterleiter überhaupt zu¬
1762 2679 2977 2770 lässig: Und wo sind die Garantien gegeben, dass der
1757 2729 2976 2815 Kautpreis des Grundes dem Werte entspricht? Eine
1751 2773 2964 2874 Sache kann geschenkt, sie kann aber auch swie
1752 2844 2967 2906 geschenkt-**) sein: negotium mixtum cum donatione.
1741 2895 2963 2962 Aber ich verzichte auf alle Einwände. Herr Bahr versichert,
1737 2936 2963 3003 er habe das Grundstück durch Kauf erworben. Meine
1908 3022 2962 3090 Sie geschah, wie sich gezeigt hat, erst am 8. November 1900,
1734 3038 2519 3098 also fünf Monate nach meiner Publication.
1915 3083 2962 3147 )In der Verhandlung wurde vorgebracht, dass der Kauf¬
1741 3138 2960 3203 preis des Bahr’schen Gr##des: 4·25 Gulden per m2, der Kaufpreis
1741 3175 2964 3238 des Nachbargrundes (laut Briefes des Besitzers, Oberstlieutenants
1746 3200 2953 3255 v. Sturmthal in Graz) rauf Grund des seinerzeitigen Angebotes
1749 3242 2885 3321 ines hervorragenden Wiener Architekten- 7 fl. per m2 beträgt.
