3344 4352
1100 332 1570 415 box 41/1
91 336 950 437 1. Miscellaneons
654 1156 994 1221 Telefon 12801.
351 1245 1551 1328 Unternehmen für Zeitungs-Ausschnitte. Ausschnllt
1242 1326 1553 1427 Nr. 99
508 1318 1115 1442 „OBSERVER
109 1424 1545 1500 I. österr. behördl. concess. Bureau für Zeitungsberichte und Personalnachrichten
390 1494 1258 1581 Wien, IX/1 Türkenstrasse 17.
114 1580 1320 1640 1filialb in Budapest: „Figyelö“ VIII. Josefsring 31a. —
108 1638 1209 1813 Ausschnitt aus: Srtam
100 1838 497 1944 vom 277
949 1845 1545 1952 Salod
422 2002 1161 2145 G
339 2232 1518 2315 Und noch etlbas Hocherfreuliches wäre zu berichten. Ueber Nacht
263 2274 1511 2363 hdie Welt — nein, die Welt nicht, aber Wien — einen neuen Dichter
251 2343 1506 2390 erhalten. Er hat einen Wiener Roman geschrieben, oder eigentlich doch
264 2377 1506 2436 wieder keinen Roman, sondern eine von den neuesten, so beliebten
267 2425 1499 2479 Porträtgalerien. Man legt die Linien zweier oder mehrerer bekannter
269 2475 1510 2533 und miteinander verwandter Köpfe aufeinander und erhält so inter¬
258 2497 1517 2554 essante Durchschnittsbildnisse, Räthsel und Rebusse, deren Lösung auch
268 2550 1502 2604 dem Bornirtesten keine Schwierigkeit bereitet. Der Eine sagt zwar
263 2586 1510 2660 Hermann Bahr und der Andere sagt Arthur Schnitzler. Doch haben
267 2638 1239 2683 Beide Recht, denn die Figur ist ja Bahr und Schnitzler.
346 2672 1502 2731 Nach diesem Verfahren ging auch der jüngste Dichter vor. Es
275 2697 1505 2762 ist kein Schreibfehler, bitte! Dichter! Das nenne ich Carrière machen.
267 2760 1498 2809 Gestern war der Name in dieser Eigenschaft noch völlig unbekannt und
275 2797 1501 2838 heute jubelt man über die colossale Bereicherung der zeitgenössischen
271 2841 1494 2889 Litteratur, die man ihm verdankt. Man staunt über die scharfe Bes
277 2881 1500 2947 obachtungskunst, man jubelt über seinen göttlichen Humor und die über
276 2925 1487 2980 legene Höhe seines Spottes. Ein paar Blätter haben ausführliche
281 2971 1490 3014 Feuilleions darüber gebracht, die sich nicht etwa mit Phrasen begnüg¬
285 3005 1499 3068 ten, sondern das Lob auch kritisch begründeten. Und die Blätter, sonst
277 3050 1513 3107 so verschieden, kamen in Bezug auf den neuen Dichter zu dem nämlichen
278 3092 697 3164 erfreulichen Ergebniß.
344 3114 1514 3192 Wenn nur eine quälende Frage nicht wäre, die Frage, ob denn be¬
272 3162 1523 3231 sagter Autor so enorm viel Talent hätte, wenn er zufälliger¬
286 3238 1525 3308 weise nicht Adolf Dessauer hieße und zufälligerweise nicht Director der
208 3267 881 3346 50 Allgemeinen Depositenbank wäre? -
185 3307 288 3356 100
1328 3300 1472 3368 Porto.
1149 3302 1311 3393 25—
183 3347 273 3394 200
1301 3341 1493 3401 Zahlbar
1112 3381 1275 3442 „ 55.—
1297 3387 1511 3440 im Voraus
171 3377 285 3428 500
1052 3383 1107 3473 2
1118 3420 1272 3478 „ 100.—
152 3420 282 3486 1000
906 3435 947 3491 „
217 3432 1536 3522 Im Gegensatze zu anderen Bureaux für Zeitungsausschnitte ist das
1183 3504 1536 3564 auch steht es den
1117 3512 1187 3559 —
114 3518 1123 3558 Abonnement durch keine bestimmte Zeitdauer begrenzt;
124 3555 1457 3610 Abonnenten frei die aufgegebenen Themen zu ergänzen oder zu ändern.
2019 980 2432 1051 Telefon 12801.
1753 1065 2758 1173 Unternehmen für Zeitungs-Ausschnitte.
2612 1097 2838 1185 Ausschuft
1912 1153 2909 1299 „OBSERVER“ Nr. 76
1574 1261 2967 1383 Isterr. behördl. cone. Bureau für Zeitungsberichte u. Personalnachrichten
1692 1323 2797 1454 Wien, IX/1. Türkenstrasse 17.
1929 1421 2596 1510 Filiale in Budapest: „Figyelo“ —
1630 1483 2898 1624 Vertiétungen in Berlin, Chieago, London, Newyork, Paris, Stockholm.
1572 1610 2748 1746 usschnitt ause“ Neuee Wiener Journal¬
1578 1796 1895 1897 m 77/**),
1543 1907 1636 1997 7
1806 1884 2953 1972 („Jung=Wien.“) In einem Wiener Briefe der „Frankfurter
1671 1973 2962 2027 Zeitung“ finden wir folgende treffende Schilderung der unter dem
1699 2003 2948 2064 Namen „Jung=Wien“ bekannten literarischen Clique: Es gibt
1700 2066 2957 2116 hier eine Reihe von Leuten, welche von sich reden machen, indem
1695 2094 2946 2160 sie reden. Es sind Journalisten, einige Theaterschriftsteller von
1701 2164 2951 2211 localer Bedeutung, doch meist solche, die nur durch ein oberflächlich¬
1702 2208 2960 2263 persönliches Inseresse mit der „Literatur“ zu thun haben. Man
1703 2243 2958 2298 versammelt sich des Nachmittags in bestimmten Kaffeehäusern,
1695 2293 2957 2349 und das erhabenste Thema aller Gespräche ist das Theater.
2727 2339 2960 2394 die un¬
2577 2340 2733 2398 ist
1702 2355 2576 2413 Schauspieleranekdoten, Komödiantenklatsch
1697 2385 2962 2455 versiegbare Quelle endloser Erörterungen; der erfolgreiche
1695 2441 2961 2501 Bühnendichter ist Autorität; in noch höherem Maß der
1704 2481 2967 2540 Kritiker. Ein bedeutender Romancier etwa würde in diesem
1709 2529 2961 2590 Kreis eine höchst bemitleidenswerthe Rolle spielen. Es ist vor¬
1702 2574 2961 2628 gekommen, daß ein berühmter Novellist gefragt wurde, wo man
1702 2623 2961 2689 denn eigentlich seine Bücher „bekommen“ könne. Junge Leute
1717 2666 2970 2734 drängen sich herzu, welche Unterhaltung und Belehrung suchen,
1713 2722 2960 2779 und Manchem gelingt es, sich auf einem unscheinbaren Wege die
1723 2774 2971 2832 Freundschaft eines Machthabers zu erwerben. So kommen dann
2165 2826 2204 2857 E
1720 2818 2961 2888 Stücke wie das „Dreiec, auf die Bühne und noch manches
1715 2862 2961 2920 Andere, von dem ich nicht reden will. Mit der Kunst hat das
1716 2913 2973 2979 Alles nichts zu schaffen, mit geistigen Interessen noch viel weniger.
1717 2954 2975 3020 Gegenseitige Lobespflicht ist die verbindende Kette, und die Angst,
1704 3006 2990 3065 allein zu stehen, bildet zugleich die günstigste Chance des Erfolges#
1719 3065 2974 3118 Das ist zu sagen über den Begriff „Jung=Wien“, welcher auf
1727 3098 2977 3162 dem Punkte steht, ein Gegenstand der Lächerlichkeit und des
1615 3119 1705 3184 Für
1708 3167 2970 3214 Achselzuckens aller Einsichtsvollen zu werden; in einer Stadt wie
1714 3206 3022 3262 Wien, wo das spielerische Interesse an allen Dingen so sehr vor¬
1704 3242 2974 3315 herrscht, ist es nicht wunderbar, daß die Kunst zum Tummelplatz
1708 3286 2960 3353 rein gesellschaftlicher Vergnügungen und Ziele geworden ist. Des¬
1629 3350 2972 3426 Abe halb scheint es Pflicht, darauf zu achten, daß die Ernsten und die
1640 3379 2969 3474 Abo, der Sache dienen, von dieser Atmosphäre der üblen Meinung
1715 3447 2965 3507 befreit werden. Es gibt kein „Jung=Wien“.Es gibt einige
1709 3485 2973 3547 Literaten, welche schreien, Gezänke insceniren, sich protegiren lassen,
1719 3535 2971 3606 oder, wenn sie die schmutzige Leiter des Erfolges emporgeklettert
1712 3579 2982 3645 sind, selber zu beschützen beginnen, welche nur der Eitelkeit dienen
1717 3624 2972 3691 durch eine Liebschaft oder ein Theaterstück das Geschwätz der
2199 3674 2989 3746 — hier wie überall, nur prätentiöser
1717 3682 2165 3749 Neugierigen entfesseln
1719 3742 2976 3788 lärmender, erhitzter, schmieriger, naiver als sonstwo. Es gibt
1715 3780 2973 3842 aber auch einige andere Leute, wie Schnitzler, Hofmanns¬
1723 3834 2982 3881 thal, Laugmann, welche alledem ferne sind, und die zu
1721 3862 2987 3941 Jenen gehören, welche sich dazu verurtheilt sehen, aus Gering¬
1731 3907 2976 3983 schätzung zu schweigen, wenn man pompös von diesem „Jung
1712 3959 2988 4047 Wien“ spricht, welches sich prügelt und Siegesmahlzeiten feierte
3016 3157 3068 3233 45
