3344 4256
159 272 271 361 1
198 2203 321 2274 Für
288 2238 388 2293 100
249 2277 401 2345 „ 2000
282 2322 398 2369 500
227 2361 398 2433 „ 100
355 2428 405 2463 1
180 2449 387 2520 Abonnem
186 2497 406 2564 Abonnen!
187 2616 402 2679 Inhaltsa
184 2664 401 2718 blütte
193 2706 378 2762 wodurch
190 2745 370 2796 des In¬
1916 157 2327 245 — —
1173 262 1623 350 box 41/1
876 284 922 331 1
297 282 1017 354 Lisce. Tanegas
294 1391 709 1487 M
2883 1419 3291 1520 S
408 1452 536 1527 N
905 1566 3046 1655 # Der Antisemitismus und der deutsche Buchhandel. #
1440 1654 2480 1726 (Zur Geschichte des Buches „Israek“ von Gyp).
2484 1693 3344 1773 liebenden und dem Grundsatze: „primum vive
1456 1723 2483 1785 miten, der mit dem Idealismus des Verfassers Geschäfte
473 1720 1439 1793 Die Bedrückung der arischen Völker durch Israels
2498 1755 3345 1823 philosophare“ huldigenden Herren fällt so etwa
1455 1764 2474 1829 zu machen hofft, so wird dieser nun seinerseits bei den
392 1769 1445 1842 Uebermacht wird in dem großen, nun schon seit 20 Jahren
2491 1794 2915 1864 nicht im Traume ein.
1451 1803 2479 1868 Sortiments-Buchhändlern auf einen unwiderstehlichen
391 1817 1439 1884 Phin= und herwogenden Culturkampfe zwischen Sem und
2565 1810 3354 1876 Der „Kikeriki“, der jederzeit allen kräfti
1460 1847 1821 1920 Widerstand stoßen.
399 1854 1431 1912 Japhet vielleicht auf keinem Gebiete der menschlichen Be¬
2505 1867 3324 1934 semitischen Aeußerungen die ausgiebigste Unters
1536 1861 2484 1940 Jeder literarische Schmarrn, jede Verrücktheit, ja der
401 1890 1433 1957 thätigung so herzzerfressend und niederschlagend empfunden,
2496 1909 3314 1969 gedeihen ließ, hat es vor 2 Jahren beim Ers
1451 1917 2479 1976 directe Wahnwitz, wie z. B. die modernste Unsinn=Lyrik,
400 1934 1441 1995 als auf dem rein geistigen der Titeratur. Wenn uns die
2508 1957 3355 2010 französischen Originales für seine Pflicht gehalt
1454 1960 2481 2026 findet seinen Buchhändler, der sich gerne mit ihm befaßt;
401 1958 1447 2027 eingewanderten Hebräer durch ihre Finanzkünste das Geld
2509 1988 3340 2045 „Israel“, in welchem es Peitschenhiebe auf das 8
1450 2001 2487 2053 aber derjenige, der auch nur mit einem Worte Israels
406 2013 1428 2069 aus den Taschen changiren, so finden wir Deutsche wenig¬
2507 2024 3355 2089 nur so regnet, übersetzen, drucken und mit Siegfr
1455 2038 2485 2096 Namen eitel zu nennen wagt, findet ihn nicht, so daß man
408 2054 1417 2102 stens in unserem Idealismus Humor, Lanne und —
2496 2063 3333 2122 einzigartigen Illustrationen versehen zu lassen,
1464 2085 2483 2141 sagen kann: So sehr verjudet und von Juden abhängig
397 2085 1435 2147 Leichtsinn genug, um diesen Taschenspielereien des ur
2496 2099 3346 2164 dann in der deutschen Leserwelt zu verbreiten; ab
1459 2127 2486 2176 auch alle sozialen Gruppen heutzutage sein mögen,
401 2133 1441 2189 ewigen 6000 jährigen Midas sast lachend zuzusehen und
2510 2155 3323 2203 zähen Widersland der deutschen Buchhändler,
1460 2163 2482 2216 werden sie doch alle übertroffen von der Verjüdelung ge¬
402 2169 1451 2214 uns mit dem besten Anstand der Welt ausplündern zu
2511 2179 3332 2236 sehr von Judenfurcht befangen sind, um sich
1467 2192 2489 2250 rade der wichtigsten, die die Aeußerungen arischen Geistes
400 2206 1438 2279 lassen; handelt es sich ja doch bloß um schnöden Mammon,
2497 2219 3355 2277 derartigen Werk zu „compromittiren“ hat sein
1466 2238 2491 2297 zwischen Autor und Publikum zu vermitteln berufen ist:
406 2250 1444 2301 den Tent's Söhne immer ein bischen verachtet und nur
2501 2262 3354 2313 Schiffbruch gelitten, indem seit 2 Jahren von ei
1465 2276 2193 2341 der Gruppe der deutschen Buchhändler.
415 2282 1456 2348 bis zu jenem Minimum geschätzt haben, das zur physischen
2510 2298 3355 2364 niedrigen Auflage nur ein kleiner Theil in das
1540 2295 2493 2373 Wer hat jemals im Schausenster eines Buchhändlers
411 2332 1128 2392 Existenz eben unumgänglich nöthig ist.
2517 2345 2822 2404 dringen konnte.
1456 2356 2491 2419 ein antisemitisches Buch gesehen? Sicherlich noch niemand.
486 2356 1450 2418 Wenn wir aber sehen, wie die kalte Teufelsfaust Israels
2580 2360 3345 2428 Wir, die wir ja ein Zeitungsblatt und ken
1539 2389 2498 2438 Aber alle Productionen jüdischen oder verjüdelten
405 2402 1454 2475 „heutzutage sichküber jeder ursprünglichen Aeuße rung der
2507 2423 3356 2476 unternehmen darstellen, glauben uns daher #e
1461 2433 2510 2489 Geistes, Schmutz= und Zoteuliteratur von Zola u. Maupassant.
411 2434 1446 2497 Volksfeele drohend zusammenballt und zumal jede liter¬
2512 2458 3338 2513 verständniß auszusetzen, ja, sozusagen nicht
1460 2471 2492 2525 bis Schnitzler und Bahr und seit einigen Tagen bis zu
408 2479 1443 2542 arische Kritik des Judenthums selbst mit echt jüdischer
2510 2480 3341 2552 eigener Sache zu sprechen, wenn wir an unsere
1511 2509 2493 2568 in Memoiren des Dreysus finden den auffälligsten und
410 2514 1445 2578 Intoleranz schon im Keime erstickt, so empört sich jeder
2524 2526 3347 2590 mit die Bitte stellen, uns in unserem Auternes
1467 2559 2179 2616 besten Platz bei unseren Buchhändlern.
414 2555 1447 2632 Blutstropfen in uns gegen diese land= und blutfremden
2514 2574 3338 2637 Einflüssen der Judenschaft zu Tratz, Gyp's „I
1540 2562 2495 2643 Zu diesen Erwägungen sind wir gekommen durch die
411 2605 684 2678 Unterdrücker.
2512 2622 3330 2671 noch ins Bublikum zu bringen, zu unterstütz
1469 2623 2507 2691 traurigen Erfahrungen, die wir mit dem Verlage von Gyp's
489 2624 1439 2699 Wir haben jetzt allerdings einige antisemitische Zeit¬
2512 2648 3339 2704 erhofften Unterstützung auch unsererseits entgege
1468 2674 1947 2735 „Israek“ gemacht haben.
404 2664 1447 2748 ungen; aber welche armselige Rolle spielen diese noch
2513 2692 3342 2738 hat unsere Administration zu ihrem, sowie zu der
1542 2683 2495 2753 So lange Gyp pikante Skizzen für „La vie parisienne“
409 2714 1452 2778 immer im Verhältnis zu ihrer eigenen geistigen und mo¬
2515 2714 3354 2783 Schaden den Preis des 10 Bogen umfassenden,
1463 2741 2503 2802 schrieb, war sie eine der gefeiertsten Schriftstellerinnen der
414 2746 1457 2807 ralishen Bedeutung einerseits, sowie zu der offenkundigen
2510 2771 3354 2821 reichen Illustrationen versehenen Buches vom
1472 2780 2500 2840 Welt, und wenn diese Skizzen dann als Bücher erschienen,
409 2791 1457 2853 Nichtswürdigkeit der jüdischen Presse anderseits. Auch ver¬
2508 2804 3353 2877 lichen Ladenpreis, der mit 3 K 60 h fixirt war
1470 2805 2497 2881 so wurden enorme Auflagen im Handumdrehen ins Pub¬
415 2823 1453 2890 hallt das geschriebene Wort in der Zeitung fast ebenso
2504 2844 3354 2911 1 Krone herabgesetzt, so daß auch jeder Unbemi
1464 2855 2496 2913 likum gebracht; aber als Gyp die bittere Noth ihres
415 2864 1461 2926 schnell wie das gesprochene, und was das langanhaltende
2516 2886 3356 2956 ein sonderliches Opfer zu bringen, in den Besi
1466 2896 2502 2963 Volkes sah, sich auf ihr besseres Theil besann, Antisemitin
426 2909 1456 2970 im Buche betrifft, so befindet sich das einzige Organ zur
2520 2933 2822 2992 gelangen kann.
1475 2928 2505 2996 wurde und die Juden in ihrer ganzen Bösartigkeit, Häß¬
425 2951 1461 3014 Vermittlung desselben an das Publikum, der deutsche
2596 2938 3356 3019 Wir hoffen mit dieser Bitte, die in gar
1474 2976 2507 3038 lichkeit und Lächerlichkeit darstellte und geißelte, da — war
416 2985 1457 3052 Buchhandek, derartig in der Gewalt und Umschlingung
2516 3006 3355 3058 Interesse gelegen ist, als eben nur in dem des
1467 3007 2510 3081 es urplötzlich um ihren Weltruhm geschehen. Und wenn
421 3029 1455 3099 Israels, wie keine andere Institution des deutschen Volkes.
2529 3042 3355 3096 der Propaganda der autisemitischen Ideen selöst,
1481 3058 2492 3113 ein Ibsen, Sudermann, Hauptmann, Hartleben, Wolzogen,
490 3051 1457 3119 Dies ist keine Aebertreibung! Es kann jeder die
2520 3087 2944 3145 bitte gethan zu haben.
1476 3092 2503 3162 Bierbaum e tutti quanti den Seelenadel und die Cha¬
422 3102 1455 3161 Probe alle Tage machen. Wende sich Einer mit antisemi¬
2598 3093 3353 3176 Die geschäftlichen Details wollen in der dies
1471 3128 2501 3187 raktergröße dieses Weibes hätten und Israel den Fehde¬
408 3141 1469 3204 tischer Belletristik an eine unserer großen Verlagsfirmen:
2514 3156 3356 3223 Annonee unserer heutigen Inseraten=Beilage
1482 3166 2509 3235 handschuhebenso energisch in die grinsende Fratze schleudern
423 3186 1461 3250 Reklam, Cotta, Engelhorn, Hartleben, Kürschner 2c. — er
2528 3193 2714 3272 werden.
1472 3215 2502 3275 würden, wie Gyp, so wäre es um ihren „Dichterruhm“ auch
423 3223 1466 3292 wird hermetisch verschlossene Thüren finden. Und findet er
2901 3220 3354 3292 Die Redaktion des „K
416 3288 2504 3326 endlich einen obskuren Buchhändler, einen Geschäftsantise= sofort gesches n, aber diesen, eine nahrhafte Literatur
2601 3318 2968 3414 „ 44  9
1734 3334 1924 3414 hen
