3392 4256
-3 2726 75 2772 den,
22 2763 73 2814 in
8 2807 67 2853 bar
2117 144 2269 222 —
1214 245 1692 328 box 41/1
701 251 762 316 1
233 254 1071 340 1. Miscelaneens
471 1476 2652 1609 ## Der Antisemitismus und der deutsche Buchhandel.
1027 1588 2074 1678 (Zur Geschichte des Buches „Israel“ von Gyp).
2072 1633 3122 1718 liebenden und dem Grundsatze: „primum vivere, deinde##
1026 1656 2065 1717 miten, der mit dem Idealismus des Verfassers Geschäfte
219 1668 1026 1742 brückung der arischen Völker durch Israels
2070 1689 3119 1758 phiesepharer huldigenden Herren fällt so etwas natürlich
1039 1699 2078 1773 zu machen hofft, so wird dieser nun seinerseits bei den
219 1725 1018 1785 bird in dem großen, nun schon seit 20 Jahren
2076 1744 2508 1804 nicht im Träume ein.
1038 1746 2068 1811 Sertiments-Buchhändlern auf einen unwiderstehlichen
223 1770 1027 1816 wogenden Culturkampfe zwischen Sem und
2147 1746 3123 1831 Der „Kikeriki“, der jederzeit allen kräftigen anti¬
1041 1798 1398 1861 Widerstand stoßen.
206 1809 1018 1857 kicht auf keinem Gebiete der menschlichen Be¬
2089 1807 3120 1876 semitischen Aeußerungen die ausgiebigste Unterstützung an¬
1105 1803 2076 1895 Jeder literarische Schmarrn, jede Verrücktheit, ja der
218 1838 1022 1906 Hherzzerfressend und niederschlagend empfunden,
2083 1835 3119 1910 gedeihen ließ, hat es vor 2 Jahren beim Erscheinen des
1040 1861 2066 1918 directe Wahnwitz, wie z. B. die modernste Unsinn=Lyrik,
226 1882 1030 1941 rein geistigen der Titeratur. Wenn uns die
2091 1864 3126 1949 französischen Originales für seine Pflicht gehalten, Gyp's
1034 1881 2067 1971 findet seinen Buchhändler, der sich gerne mit ihm befaßt;
215 1916 1032 1981 en Hebräer durch ihre Finanzkünste das Geld
2081 1917 3125 1983 „Israel“, in welchem es Peitschenhiebe auf das Judenthum
1039 1940 2079 2001 aber derjenige, der auch nur mit einem Worte Israels
209 1958 1018 2021 hen changiren, so finden wir Deutsche wenig¬
2073 1952 3134 2029 nur so regnet, übersetzen, drucken und mit Siegfried Horn's
1038 1973 2079 2038 Namen eitel zu nennen wagt, findet ihn nicht, so daß man
225 2000 997 2058 iserem Idealismus Humor, Lanne und —
2081 2000 3125 2058 einzigartigen Illustrationen versehen zu lassen, um es so¬
1040 2017 2071 2090 sagen kann: So sehr verjudet und von Juden abhängig
227 2030 1031 2094 mug, um diesen Taschenspielereien des ur¬
2088 2033 3127 2105 dann in der deutschen Leserwelt zu verbreiten; aber an dem
1042 2062 2070 2121 auch alle sozialen Gruppen heutzutage sein mögen,
224 2073 1033 2134 jährigen Midas sast lachend zuzusehen und
2090 2076 3131 2142 zähen Widerstand der deutschen Buchhändler, die viel zu
1036 2101 2069 2158 werden sie doch alle übertroffen von der Verjüdelung ge¬
218 2127 1030 2175 n besten Anstand der Welt ausplündern zu
2082 2113 3126 2188 sehr von Judenfurcht befangen sind, um sich mit einem
1047 2139 2077 2205 rade der wichtigsten, die die Aeußerungen arischen Geistes
221 2153 1035 2210 Elt es sich ja doch bloß um schnöden Mammon,
2091 2149 3135 2214 derartigen Werk zu „compromittiren“, hat sein Bemühen
1052 2175 2082 2241 zwischen Autor und Publikum zu vermitteln berufen ist:
217 2197 1024 2253 Söhne immer ein bischen verachtet und nur
2095 2185 3136 2263 Schiffbruch gelitten, indem seit 2 Jahren von einer relativ
1043 2235 1771 2277 der Gruppe der deutschen Buchhändser.
218 2224 1036 2300 Minimum geschätzt haben, das zur physischen
2096 2220 3146 2303 nedrigen Auflage nur ein kleiner Theil in das Publicum
1130 2246 2076 2321 Wer hat jemals im Schaufenster eines Buchhändlers
225 2278 708 2337 unumgänglich nothig ist.
2090 2287 2409 2348 dringen konnte.
1036 2292 2076 2353 ein antisemitisches Buch gesehen? Sicherlich noch niemand.
223 2293 1030 2370 ir aber sehen, wie die kalte Teufelsfaust Israels
2176 2290 3123 2379 Wir, die wir ja ein Zeitungsblatt und kein Verlags¬
1128 2335 2078 2388 Aber alle Productionen jüdischen oder verjüdelten
215 2350 1038 2410 chküber jeder ursprünglichen Aeuße rung der
2082 2349 3134 2423 unternehmen darstellen, glauben uns daher keinem Miß¬
1040 2374 2093 2428 Geistes, Schmutz= und Zo##uliteratur von Zola u. Maupassant
221 2385 1028 2445 robend zusammenballt und zumal jede liter¬
2091 2396 3132 2466 verständniß auszusetzen, ja, sozusagen nicht einmal in
1047 2417 2090 2469 bis Schnitzler und Bahr und seit einigen Tagen bis zu
245 2426 1030 2497 des Jndenthums selbst mit echt jüdischer
2099 2422 3143 2490 eigener Sache zu sprechen, wenn wir an unsere Leser hier¬
1038 2457 2085 2509 den Memoiren des Dreysus finden den auffälligsten und
220 2470 1037 2526 schon in Keime erstickt, so empört sich jeder
2097 2465 3146 2530 mit die Bitte stellen, uns in unserem Anternehmen. allen
1054 2506 1758 2565 besten Platz bei unseren Buchhändlern.
236 2506 1035 2578 in uns gegen diese land= und blutfremden
2105 2504 3138 2573 Einflüssen der Jndenschaft zu Trotz, Gyp's „Israek“ den¬
1132 2519 2082 2593 Zu diesen Erwizungen und wir gekommen durch die
2106 2544 3134 2613 noch ins Bublikum zu bringen, zu unterstützen. Dieser
1044 2565 2085 2639 traurigen Erfahrungen, die wir mit dem Verlage von Gyp's
210 2570 1038 2643 ben jetzt allerdings einige antisemitische Zeit¬
2102 2599 3135 2646 erhofften Unterstützung auch unsererseits entgegenkommend,
1054 2615 1534 2688 „Israek“ gemacht haben.
2098 2616 3142 2685 hat unsere Administration zu ihrem, sowie zu der Verfasserin
249 2621 1031 2678 welche armselige Rolle spielen diese noch
1131 2639 2091 2706 So lange Gyp pikante Skizzen für „La vie parisienne“
206 2676 1045 2725 Verhältnis zu ihrer eigenen geistigen und mo¬
2098 2664 3142 2723 Schaden den Preis des 10 Bogen umfassenden, mit zahl¬
1064 2681 2092 2745 schrieb, war sie eine der gefeiertsten Schriftstellerinnen der
220 2697 1048 2765 sdeutung einerseits, sowie zu der offenkundigen
2100 2697 3155 2762 reichen Illustrationen versehenen Buches vom ursprüng¬
1048 2727 2083 2777 Welt, und wenn diese Skizzen dann als Bücher erschienen,
220 2743 1035 2806 gkeit der jüdischen Presse anderseits. Auch ver¬
2097 2740 3157 2797 lichen Ladenpreis, der mit 3 K 60 h fixirt war, auf blas
1052 2741 2096 2830 so wurden enorme Auflagen im Handumdrehen ins Pub¬
210 2782 1036 2841 eschriebene Wort in der Zeitung fast ebenso
2111 2777 3143 2849 1 Krone herabgesetzt, so daß auch jeder Unbemittelte, ohne
1047 2795 2099 2859 likum gebracht; aber als Gyp die bittere Noth ihres
216 2816 1044 2881 das gesprochene, und was das langanhaltende
2107 2809 3146 2885 ein sonderliches Oufer zu bringen, in den Besitz desselben
1059 2828 2097 2908 Volkes sah, sich auf ihr besseres Theil besann, Antisemitin
214 2855 1042 2927 etrifft, so befindet sich das einzige Organ zur
2111 2879 2416 2931 gelangen kann.
1058 2879 2085 2945 wurde und die Inden in ihrer ganzen Bösartigkeit, Häß¬
245 2894 1043 2951 desselben an das Publikum, der deutsche
2182 2876 3141 2959 Wir hoffen mit dieser Bitte, die in gar Niemandes
1064 2915 2095 2986 lichkeit und Lächerlichkeit darstellte und geißelte, da — war
240 2934 1046 2999 derartig in der Gewalt und Umschlingung
2106 2931 3150 3003 Interesse gelegen ist, als eben nur in dem des Lesers und
1062 2953 2101 3024 es urplötzlich um ihren Weltruhm geschehen. Und wenn
2110 2968 3149 3041 der Propaganda der antisemitischen Ideen selbst, keine Fehl¬
235 2986 1052 3035 keine andere Institution des deutschen Volkes.
1069 2994 2090 3059 ein Ibsen, Sudermann, Hauptmann, Hartleben, Wolzogen,
236 3013 1045 3070 keine Aebertreibung! Es kann jeder die
2106 3026 2533 3089 bitte gethan zu haben.
1057 3040 2093 3107 Bierbaum e tutti quami den Seelenadel und die Cha¬
2173 3028 3161 3120 Die geschäftlichen Details wollen in der diesbezüglichen-
219 3052 1053 3118 Tage machen. Wende sich Einer mit antisemi¬
1068 3077 2106 3136 raktergröße dieses Weibes hätten und Israel den Fehde¬
214 3094 1047 3164 tristik an eine unserer großen Verlagsfirmen:
2106 3100 3164 3159 Annonee unserer heutigen Inseraten=Beilage eingesehen ##
1073 3109 2098 3183 handschuhebenso energisch in die grinsende Fratze schleudern
218 3138 1060 3194 btta, Engelhorn, Hartleben, Kürschner 2c. — er
2101 3148 2292 3213 werden.
1056 3158 2095 3219 würden, wie Gyp, so wäre es umihren „Dichterruhm“ auch
2490 3163 3101 3228 Die Redaktion des „Killeriki“
220 3171 1059 3239 isch verschlossene Thüren finden. Und findet er
231 3195 2087 3275 obskuren Buchhändler, einen Geschäftsantise= sofort geschehn, aber diesen, eine nahrhafte Literatur
1503 3249 1647 3320 4
2199 3258 2512 3337 I W K
