3344 4352
864 308 955 374 18
1102 302 1579 398 box 41/1
112 303 1005 422 1. Miscellaneons
242 832 661 908 Telefon 12801.
122 932 839 1029 Unternehmen für Zeitungs
108 1035 195 1107 —
120 1049 761 1157 „GBSEKVER“
111 1137 908 1241 e. Bureau für Zeitungsberichte u. Perso
133 1226 893 1312 IX Türkenstrasse
116 1289 819 1389 Filiale in Budapest: „Figyelö“ —
120 1361 1185 1453 b. Chicago, Genf, London, Newyork, Paris, Rom, Stockholm.
109 1478 253 1572 us:
497 1514 924 1626 Tagöltt
2560 1842 2741 1917 S
920 1856 3039 1923 und zärtlicher Hingebung, und all das versehen mit heiter, ja übermüthig und dann wieder rasch zu Thränen
120 1860 863 1965 Frau von dreißig Jahren.
926 1908 1973 1983 tiefblauen Augen und goldblonden Haaren. Dieser
1970 1939 3040 2010 gerührt, wenn ihnen der Geliebte bei einem spär¬
131 1930 746 2012 (Ein Brief des Herrn Bobrica.)
922 1956 1981 2039 Mädchentypus hat es ja auch seit jeher den deutschen
1973 1974 3035 2055 lichen Abendbrot in einem Vorstadtgasthaus ein Veilchen¬
127 1984 941 2063 über die Frau von dreißig Jahren denke? Es
919 2005 3031 2110 Lyrikern und Erzählern angethan. Dem jungen Mädchen sträußchen spendet.“ Mich fängt man damit nicht.
121 2038 925 2113 verstrichen, lieber Kollege, seitdem Sie mit
931 2051 1971 2127 gelten die schönsten Lieder, in das Weben ihres Herzens, in
1971 2071 3025 2152 O nein! Das ist Romaniik, lieber Kollege, blaue
124 2092 934 2156 gen Frage' an mich herangetreten sind. Es ge¬
921 2100 1972 2179 das Knospen ihrer Liebe versenken sich die feinsinnigsten
1959 2113 3031 2186 Romantik! Das „süße Mädel“ ist eine Heuchlerin, sie ist ein
121 2142 929 2208 an jenem denkwürdigen Tage, da durch die
934 2146 1974 2224 Poeten. Aber all das ist blaue Romantik! Die Romantik hat
1972 2164 3031 2256 berechnendes Wesen, und wenn anfangs auch ihre Liebe
118 2189 937 2261 raschende und seltsame Kunde lief, daß eine
927 2193 1974 2269 nämlich eine bange Scheu vor jenem Weiblichen, das in
1968 2217 3030 2290 einen verklären Schimmer von Selbstlosigkeit aufweist,
119 2229 933 2298 au von dreißig Jahren das Herz des jungen
925 2240 1973 2310 kraftvoller, gediegener und strotzender Entfaltung blüht und
1958 2257 3037 2336 der traurige Drang der kümmerlichen Verhältnisse, unter denen
118 2262 929 2347 revolutionirt habe. Darum fürchte ich fast, daß
920 2285 1967 2357 dessen Liebe hell, klar und treffsicher ist. Die Romantik
1964 2308 3034 2404 sie lebt, treibt sie gar bald dazu, ihren himmelblauen
117 2321 924 2403 Antwort zu spät komme. Aber ein Umstand
926 2338 1963 2415 schwärmt für das Werdende, Zarte, Geheimnißvolle, für das
1962 2359 2977 2434 Empfindungen einen klingenden Marktwerth zu verleihen.
121 2369 939 2444 : es gibt ja Fragen, die niemals veralten, die
919 2383 1974 2460 dämmernde Spiel gebrochener Empfindungen, für den milden
2056 2395 3022 2489 Wie anders die Frau von dreißig Jahren in jenen
103 2418 925 2490 nverwelkliche Frische besitzen, und bei deren
926 2430 1970 2509 Glanz des Mondes, für süßen Nachtigallenschlag und darum
1955 2440 3031 2533 Kreisen, wo man gegen die gemeine Noth gefeit ist.
105 2461 927 2538 n bestimmt darauf rechnen kann, daß Jung
917 2485 1964 2561 auf für die jungen Mädchen. Ich aber, lieber Kollege, bin
1969 2501 3020 2579 wo man aus dem Vollen schöpft, wo das Leben im
118 2518 925 2579 nlein und Weiblein die Ohren spitzen und mit
917 2529 1971 2601 Realist! Ich liebe keine Versprechungen, keine Wechsel mit
1966 2546 3021 2624 behaglichen Genuß aller Daseins=Annehmlichkeiten heiter
117 2568 928 2631 nzeln. Unter diese Kategorié gehört; so scheint
922 2579 1973 2650 unbestimmter Fälligkeitszeit. Mir imponiren blos fertige
1961 2595 3023 2673 und sonnig dahinfließt! Gestatten Sie mir, lieber Kollege,
116 2615 930 2683 frage, wie der Seelenzustand der Frau von dreißig
919 2616 1959 2696 Thatsachen. Darum habe ich auch die jungen Mädchen stets
1962 2642 3027 2712 daß ich zunächst ein klein wenig bei der äußeren Erscheinung
120 2662 1941 2751 ffen sei und worin der merkwürdige Zauber links liegen lassen. Selbst die sogenannten „süßen Mädel“.
1937 2685 3025 2763 der Frau von dreißig Jahren betrachtend vorweile. In diesem
128 2705 935 2780 n sie anzieht, lockt, fesselt und zuweilen so viel
1947 2725 3026 2794 Alter steht das Weib gemeiniglich ir reichster Entsaltung all
163 2762 931 2816 Ich gestehe ehrlich: ich bin kein ganz un¬
1001 2740 1962 2833 Jawohl: selbst die „süßen Mädel“. Ich wundere mich
1960 2778 3019 2854 ihrer körperlichen Vorzüge da. Die Formen blühen in harmonischer
168 2799 917 2865 einwandfreier Schätzer und Beurtheiler der
921 2793 1961 2896 immer, daß der Heiligenschein, den einstmals Henri Murger,
1957 2825 3026 2905 Fülle, noch weit entfernt von jenem verstimmenden Uebermaß,
126 2848 925 2907 ßig Jahren, In meinem reichbewegten Leben
912 2848 1963 2936 der Erfinder dieser Gestalt, um das Haupt des „süßen
1962 2878 3013 2944 das späterhin leider den Schwung und das Spiel der Linien
132 2892 921 2960 3 Weiber in diesem Alter eine Rolle gespielt!
920 2903 3021 2996 Mädels“ gewoben, heutzutage noch anhält. Ich schüttle oft trübt und verwischt. Der äußeren Erscheinung entspricht den
107 2938 918 3012 her, offen gestanden, nicht recht die Schwärmerei
922 2950 3009 3036 den Kopf darüber, daß sich in unserer nüchtern und kühl auch das seelische Innenleben der Frau von dreißig Jahren.
1190 2978 1244 3014 er,
117 2985 924 3059 chen. Ihnen, lieber Kollege, hat die deutsche
919 2997 3014 3082 denkenden Zeit noch Dichter finden, die mit gläubiger Innig= Sie kennt das Leben, sie kennt die Welt, sie kennt die Liebe.
126 3020 915 3103 igenartiges Mädchenideal in die Seele geprägt.
918 3046 1952 3114 keit an dieser Gloriole spinnen, die die alte Legende neu auf¬
1949 3056 3014 3138 Das unklare, dämmernde Empfinden im Mädchenherzen ist
119 3079 915 3144 besondere Vorliebe dafür, sich die Mädchen
917 3080 1950 3165 wärmen und uns das wundersame Märchen verkünden:
1954 3109 3020 3186 durchleuchtet, ist mächtig geschwellt und zu einem zielbewußten
111 3121 918 3193 n eines Gretchen oder Klärchen vorzuzaubern.
911 3145 1955 3204 „Hoch oben in den engen Dachstübchen der Vorortehäuser, da
1952 3159 3010 3234 Gefühl gesteigert. Und dazu kommt das wichtigste, das
107 3167 917 3240 en sie wie ein zartes Gewebe aus Keuschheit
914 3193 1954 3257 lebt und leibt ein eigener Schlag von Mädchen, sentimental
1958 3205 3023 3280 wesentlichste Moment: die Frau von dreißig Jahren her
116 3225 3017 3346 er Sinnigkeit, aus unbewußter Sinnlichkeit und träumerisch, zärtlich und aufopfernd, übersprudelnd gewöhnlich seit einer Reihe von Jahren das Gl#
1102 3281 1798 3393 Hiezu zwei Einlagsbogen.
965 3423 1223 3568 27
1421 3504 1495 3601 me
