3436 4256
1174 255 1640 341 box 41/1
181 258 1034 367 1. Miscellaneens
716 1285 1122 1355 Telefon 12801.
250 1382 1589 1456 Alex. Weigl’s Unternehmen für Zeitungs-Ausschnitte
1264 1443 1457 1499 Ausschnitt
1283 1459 1626 1582 Nr. 380
589 1474 1225 1600 „OBSERVER“
229 1506 463 1620 168
210 1595 1638 1678 I. österr. behördl. conc. Bureau für Zeitungsberichte u. Personalnachrichten
383 1655 1489 1778 Wien, IX, Türkenstrasse 17.
602 1747 1334 1837 Filiale in Budapest: „Figyelö“ —
216 1813 1629 1893 Vertretungen in Berlin, Chicago, Genf, London, Newyork, Paris, Rom, Stockholm
212 1943 741 2045 Ausschnitt aus:
868 1950 1022 2049 Krr.
1175 1941 1455 2063 6396, Ajall
211 2038 754 2186 1#/1 400
1064 2051 1621 2281 S 20
342 2297 1308 2394 Arthur Schnitzler und Leo Hirsch¬
273 2370 1321 2433 Feld haben ihre Verwunderung darüber ausge¬
283 2419 1314 2490 sprochen, wie man im Wiener Burgtheater nur
276 2465 1300 2536 einen gewissen Goethe so sehr berücksichtigen kann.
282 2517 1315 2605 Bei welchem Journal ist denn der Kerl eigentlich
291 2565 544 2626 Recensent?
562 2597 613 2659 S
672 2823 1225 2918 Bezugs-Bedingungen:
245 2877 1365 2969 Für 50 Zeitungsausschnitte (Artikel oder Notizen). Kr. 15.—
1434 2877 1624 2982 inclusive
1267 2924 1416 3012 28—
339 2962 435 3008 100
1440 2965 1593 3013 Porto
1268 2987 1363 3042 50.—
1440 3002 1605 3052 Zahlbar
335 2993 448 3050 200
1245 3025 1392 3075 110.—
331 3041 437 3086 500
1405 3039 1626 3102 im Voraus
1238 3049 1416 3130 200.—
1052 3083 1112 3126 „
277 3081 447 3148 „ 1000
352 3101 1580 3190 Im Gegensatze zu anderen Bureaux für Zeitungsausschnitte ist
226 3159 1584 3230 Abonnement durch keine bestimmte Zeitaauer begrenzt; — auch steht es
235 3198 1510 3259 Abonnenten frei die aufgegebenen Themen zu ergänzen oder zu ändern.
351 3266 1604 3344 Der „OBSERVER“ veranstaltet täglich einen Auszug enthaltend
228 3321 1617 3396 Inhaltsangabe aller wichtigen Mittheilungen der Wiener Morge
237 3365 1628 3421 blätter (Tagesjournale ausser „Neue Freie Presse“ und „Wiener Zeitung
233 3404 1618 3476 wodurch eine Uebersicht über das gesammte politische und wirthschaftliche Leh
235 3450 1619 3523 des In- und Auslandes in drastischer Kürze geboten wird. Diese Mittheilung
241 3492 1046 3556 werden in Wien um 9 Uhr Früh verschickt.
542 3562 1370 3658 Prospecte gratis und franco.
2001 165 2228 250 —
2372 1234 2494 1339 d
2196 1353 2601 1415 Telefon 12801.
1740 1463 3070 1535 Alex. Weigl’s Unternehmen für Zeitungs-Ausschnitte
2743 1514 2910 1582 Ausschaltt
1780 1515 2077 1629 M01o5
2752 1539 3045 1661 Nr. 57
2055 1543 2696 1675 „OBSERVER“
1658 1652 3117 1744 I. österr. behördl. conc. Bureau für Zeitungsberichte u. Personalnachrichten
1846 1737 2951 1819 Wien, IX, Türkenstrasse 17.
2064 1816 2730 1901 Filiale in Budapest: „Figyelö“ —
1672 1891 3096 1941 Vertretungen in Berlin, Chicago, Genf, London, Newyork, Paris, Rom, Stockholm.
1657 1995 2202 2082 Ausschnitt aus:
2236 2053 2882 2187 Dauteche Zeitung“
1669 2132 2163 2245 vom 70/3 (907
1880 2540 2967 2634 Ich möchte mir erlauben, Herrn Director Schleuther
1797 2606 2984 2689 auf zwei ihm jedenfalls unbekannte Dichter aufmerksam
1796 2678 2957 2738 zu machen, deren Stücke er im Burgtheater zur Auf¬
1797 2724 2983 2786 führung bringen könnte. Der eine davon ist em
1798 2769 2988 2847 Franzose, Namens Emile Augier, von dem in früheren
1793 2812 2981 2887 Zeiten mehrere Stücke, wie der „Pelikan“, „Der
1792 2868 2975 2936 Schwiegersohn des Herrn v. Poirier“ u. s. w. auch im
1788 2921 2975 2969 Burgtheater mit Beifall aufgeführt wurden. Der zweite
1704 2965 1800 3025 Für
1816 2959 3076 3027 ist zwar blos ein Deutscher, Namens Friedrich Hebbel, jsive
1797 3017 3038 3080 dech hat derselbe auch einige Dramen verfaßt, die denen ##o
1802 3058 3058 3149 des Arthur Schnitzler oder G. Hirschfeld an dichterischem llbar
2930 3108 3080 3167 oraus.
1766 3103 2532 3191 1(Werth nicht bedeutend nachstehen.
1902 3148 3121 3232 In unserem parlamentarischen Theater wird zwarßgt das
1667 3200 3117 3267 Abonn viel geredet, doch hinter den Coulissen wird auch „ges#es den
1678 3253 2021 3327 Abonn( handelt“.
2348 3253 2954 3344 #ern
1794 3333 3110 3403 Der „OBSERVER“ veranstaltet täglich einen Auszug enthaltend die
1676 3391 3113 3445 Inhaltsangabe aller wichtigen Mittheilungen der Wiener Morgen¬
1677 3432 3101 3481 blätter (Tagesjournale ausser „Neue Freie Presse“ und „Wiener Zeirung“
1685 3468 3106 3529 wodurch eine Uebersicht über das gesammte politische und wirthschaftliche Leben
1674 3510 3110 3564 des In- und Auslandes in drastischer Kürze geboten wird. Diese Mittheilungen
1677 3550 2473 3618 werden in Wien um 9 Uhr Früh verschickt.
1971 3615 2790 3699 Prospecte gratis und franco.
2556 3758 3056 3881 I
