3392 4320
673 302 940 375 neous
1124 301 1596 393 box 41/1
104 308 995 419 1. Miscellalseus
238 1425 421 1512 —
349 1490 1152 1574 Ugenomien habch, e##701
974 1551 3065 1610 bürger nicht an den Rand wirthschaftlichen Ruins Koerber einen schweren Vörwütf, eine ernste
136 1555 990 1620 für Industrie und Eisenbahnen, die sich
107 1594 3059 1674 benselements, der Kohle, beraubt sehen, allzu gedrängt, darf die Gesellschaft nicht der Gefahr Anklage: der Riefenstrike der Kohlenarbeiter
2011 1689 3047 1766 zu sein. Sie ist darüber entsetzt! — So sehen moderne
967 1703 2004 1761 Ironie der großen starken Geister über ein bornirtes
232 1712 707 1810 Mädchenträume.
2011 1745 3040 1815 Mädchenträume aus, bemerkt halb boshaft, halb bedauernd
977 1737 2010 1817 Menschenkind, das an Ammenmärchen glaubt und naiv
2005 1795 2279 1868 der Dichter.
969 1792 2005 1851 genug ist, um sie dem Publikum aufzutischen. Ich schämte
106 1777 971 1872 von träumen sie eigentlich? Jetzt, da der Fasching
974 1842 2014 1906 mich fast. Wochen hindurch mied ich das Café Griensteidl.
134 1847 984 1909 und heiratssähige Mädchenwelt in seinen
2092 1861 3066 1946 Sehen sie wirklich so aus? In gewissen Pariser
973 1876 2024 1951 Ein armes Mädchen, zwanzig Jahre alt, auf sich selbst
114 1887 972 1971 Wirbel reißt, darf man wohl bei dieser Frage
2010 1912 3054 2002 Gesellschaftskreisen und auch anderwärts mögen Mädchen¬
1362 1943 2004 2010 — und gleichwohl rein, unschuldig,
974 1939 1350 2005 gestellt, unbewacht
130 1936 988 2009 verweilen. Wovon träumen also die Mädchen?
2011 1974 3051 2031 träume in der That diese häßliche Prägung haben. Aber
972 1982 2005 2041 von unberührter Makellosigkeit, so eine Gestalt
122 1989 980 2048 sich in ihren Köpfen das große Geheimniß der
2001 2016 3059 2089 eine typische moderne Gestalt ist die Halbjungfrau, die das
983 2031 2012 2101 kann man doch nur am Schreibtisch ausbrüten!
120 2038 974 2097 jen zwischen Mann und Weib ab? Was webt
1999 2062 3058 2135 bekannte Glöcklein mit Wonne läutet, durchaus nicht, und
968 2079 2004 2138 Moderne Mädchen, so führte man mir zu Gemüth,
107 2081 976 2138 dem Gemüthe e ies Mädchens, das die Liebe zum
2001 2107 3063 2180 ebensowenig das „süße Mädel“ ineinen vielfachen
969 2119 2013 2184 sind die „süßen Mädel“ Arthur Schnitzler's die bei einem
121 2112 979 2185 durchschauert? Einstmals war es eine reizvolle
2015 2155 3066 2232 Schattirungen. Das Mädchen, das den modernen Zeitgeist
971 2155 2011 2227 Souper in einem traulichen Käbinek so lüstig, so amüsant,
107 2167 983 2240 für Dichter, diesen gankelnden Träumen nachzu¬
2007 2211 3054 2273 im edlen Sinn verspürt, ist aus einem ganz anderen Stoff
985 2221 2014 2274 so nachgiebig sind, oder das lüsterne Dirnchen Alma in
101 2225 974 2298 sit zartschimmernden Lasuren all die keimenden
2011 2258 3051 2318 gebildet. Die träumerische Unschuld, die Sinnigkeit und
967 2263 2011 2318 Sudermann's „Ehre“, oder die Halbjungfrauen von
108 2272 973 2334 der Mädchenphantasie zu schildern, das wunder¬
2003 2309 3051 2378 Zartheit, die dem keuschen Mädchen Goldschnittlyriker an¬
975 2298 2011 2368 Marcel Prevost, die mit so klugem Bedacht, mit
109 2313 981 2375 sime Wechselspiel zwischen Keuschheit und schen
2009 2337 3049 2415 dichten, hat es allerdings nicht. Für das moderne Mädchen,
970 2356 1999 2415 so kühler Behutsamkeit ihre anatomische Unschuld
97 2362 984 2430 ser Sinnlichkeit in der Seele eines unschuldigen
2010 2384 3053 2456 das mit klaren Blicken in die Wirklichkeit schaut, ist aber
980 2408 2002 2472 schirmen. Man weiß, wie diese Halbjungfrauen
119 2414 977 2480 zu verfolgen. Die Dichter tauchten hiebei, einer
1997 2445 3059 2507 ein ehrenvoller Zug bezeichnend: es strebt darnach, aus
976 2451 2012 2517 träumen. Man weiß, mit welch derber Ungeschminkt¬
155 2461 969 2527 des galanten Diderot folgend, ihre
2011 2490 3055 2558 selbsteigener Kraft sein Schicksal zu schmieden. Es will in
978 2497 2007 2569 heit sie über gewisse Dinge plaudern, wenn sie
94 2485 974 2569 in Regenbogenfarben und streuten den
2004 2538 3055 2604 einem Berufe wirken, nicht ausschließlich auf den Mann,
971 2535 2011 2605 unter sich sind. Ist das nicht Uebertreibung, Verleum¬
110 2553 983 2615 # von Schmetterlingsflügeln über die Zeilen. In
2012 2587 3052 2653 auf die Ehe angewiesen sein. Das ist der moderne
981 2592 2010 2651 dung? Gibt es wirklich gesellschaftliche Kreise, in denen
102 2584 978 2668 kealistischen Zeit denkt man anders darüber,
2013 2617 3064 2697 Mädchentraum! Von einem romantischen Zauber ist
978 2644 2007 2699 derartige Mädchen gedeihen? Ein unverdächtiger Kron¬
131 2636 978 2701 und derber. Unschuldige Mädchenträume?
2014 2671 3068 2752 er allerdings nicht umwoben. Er erscheint im Gegentheil
984 2677 2013 2751 zeuge hat die grausamen Wahrheiten über die Halbjung¬
135 2695 978 2762 Einem Schwankautor, einem Familienblatt¬
2013 2719 3050 2800 etwas hausbacken. Aber wenn man näher zuschaut, so
974 2733 2007 2797 frauen leider bestätigt. Es ist dies kein Geringerer als
109 2740 985 2799 Et man es am Ende hingehen, wenn sie das alte
2010 2758 3047 2837 findet man in diesem scheinbar so prosaischen Drang
979 2780 2004 2839 Alphonse Daudet. In seinem nachgelassenen Roman „Die
111 2780 977 2842 Tvon den mit unschuldigen Augen in die Welt
2009 2825 3056 2878 nach Selbstständigkeit doch gar Vieles, was selbst
988 2838 2003 2884 Stütze der Familie“ führt der Dichter ein junges, bürger¬
115 2838 984 2887 Mädchen immer wieder auffrischen. Aber man
2007 2860 3051 2924 ein poetisches Gemüth damit versöhnt. Welche Energie,
986 2875 2005 2932 liches Mädchen vor, Dina Eudeline, die in vornehme
102 2877 992 2939 seinmal, mit dem Ernst eines gesellschaftlichen
2003 2916 3054 2974 wie viel fröhliche Lebenslust und Tapferkeit gehört
987 2922 2013 2988 Gesellschaftskreise hineingeräth. Sie verkehrt in dem Hause
110 2933 983 2985 irs ein derartiges Mädchen darzustellen; wie wird
2005 2946 3059 3024 für ein Mädchen dazu, um diesem Triebe zu folgen,
978 2956 2011 3025 des Ministerpräsidenten Valfon. Dina hat hier Gelegen¬
111 2970 987 3035 zngefahren, über die Achsel angeschaut, verhöhnt!
2003 2996 3046 3069 um trotz mannigfacher Vorurtheile, die noch heute im
974 3018 2011 3072 heit, die heimlichen Gespräche junger Mädchen zu be¬
126 3023 987 3083 habe das einmal bitterlich empfunden. Vor drei
2011 3057 3044 3119 Schwange, das selbstgesteckte Ziel zu verfolgen. Zart¬
981 3052 2018 3122 lauschen. Dina ist Telegraphistin, sie hat von ihren
101 3065 981 3138 ##ir es, als ich mir erlaubte, in dem Schauspiel
2004 3089 3052 3166 besaitete Naturen, denen das tiefere Verständniß der
971 3104 2015 3166 Kolleginnen, die auch kein Blatt vor den Mund nehmen,
99 3116 982 3168 #lten“ ein unschuldiges Wiener Vorstadtmädchen
2016 3133 3049 3209 Wirklichkeit fehlt, lamentiren allerdings darüber mit be¬
984 3134 2017 3221 gar oft starke Sachen vernommen. Aber was in dem
101 3166 981 3221 Bühne zu stellen. Meine literarischen Freunde
2013 3184 3053 3260 weglichen Worten. Sie hegen die Besorgniß, daß in dem
977 3203 2017 3262 Heim des Ministerpräsidenten wohlerzogene junge Mädchen
130 3214 981 3270 in tiefer Besorgniß über mich die Köpfe, wie
973 3242 3049 3304 in vertraulichen Plaudereien an Schlüpfrigkeiten leisten, modernen Mädchen, in dem der Selbstständigkeitstrieb
126 3239 977 3315 Menschen, der nicht recht bei Troste ist. In den
120 3286 3043 3382 sserer jungen „Modernen“ las ich die überlegene das scheint ihr denn doch der Gipfel der Schamlosigkeit nach Geltung ringt, all das sich verflüchtigen könnte, was
1136 3208 1848 3449 Steteste
