3392 4352
1187 318 1629 419 box 41/1
187 320 1041 433 1. Miscellaneons
736 792 1142 856 Telefon 12801.
454 892 1464 955 Unternehmen für Zeitungs-Ausschnitte.
1338 922 1528 1019 Ausschnitt
318 967 552 1072 405
610 964 1626 1110 „OBSERVER“ Nr. 69
235 1103 1640 1193 L. österr. behördt. conc. Bureau für Zeitungsberichte u. Personalnachrichte
391 1160 1493 1264 Wien, IX/1. Türkenstrasse 17.
633 1253 1274 1339 Filiale in Budapest: „Figyelé“
311 1313 1556 1405 Vertretungen in Berlin, Chicago, London, Newyork, Paris, Stockholm.
779 1398 1254 1513 beutache Zoun
221 1443 760 1528 Ausschnitt aus:
235 1538 750 1678 S/1/10
452 1859 1471 1949 Bei der Erstauführung von parzls „Liere von
298 1902 894 1996 m Hofburgtheater ke
1015 1936 1356 2002 #untermasen
285 1988 1344 2046 Kampf zwischen Zischen und d##is. Der 19
363 2023 529 2084 Sehhag
678 2032 835 2094 TAmug
1053 2032 1382 2093 glreee en.
297 2060 991 2135 Fentellstele eine große Anzahl der #.
1068 2060 1485 2140 , die vhnl dem Ein¬
299 2117 1419 2182 acter einen kläglichen Einoruck erhaltn halten, derart. d#
301 2172 1442 2224 sie durch Zischen gegen diese Verfälschung der Stimung
299 2209 1435 2283 protestirten. Da#ereignele es sich nun wieder, daß einig
300 2266 1473 2324 Zischer von behördlichen Organen zur Ruhe verwiesen und
300 2309 1489 2371 unter Androhung der Verhaftung zum Vermeiben, des
296 2364 1502 2410 Zischene aufgefordert mieden. Das ist nichts neues, sonbern
287 2399 495 2462 Feine bei
489 2401 1507 2456 r in unserem Staatswesen so hellehren Bevor¬
282 2449 1506 2514 Emundung des Staatsbürgers kaum anfllige Brscheinung.
275 2495 1377 2578 Allein gerade in dem Falle Herzl zeigte es sich¬
297 2551 1397 2609 wenig berechtigt dieses behördliche Vorgehen ist. Hier
291 2586 1388 2662 das Zischen nicht etwa eine muthwillige Demonstration¬
275 2647 1427 2704 Ipersönlichen Motiven, sondern die böchst begründete Thwehl
295 2691 1461 2736 die ein besonnenes, vorurtheilsfreies Pudlicum gegen das
288 2728 1470 2795 abstoßende Treiben einer Clique richtete. Man nätte aller
290 2779 1387 2852 Wahrscheinlichkeit nach soger die unsanheren rberuhe
297 2837 1400 2882 des Herzlschen Stückes mit Schweigen hingenommen und d
233 2877 1597 2969 Ee Ding lantlos begraben, wenn nicht plößlich gegen den guten heire
246 2930 1470 3000 Geschmack ein heitiger Applaus losgebrochen wäre. Dagegen
1467 2956 1582 3010 irto.
241 2968 1470 3027 mußte man sich wehren, jedermann, der eine Achtung vor
1470 2997 1586 3055 Ilbar
252 3026 1467 3088 1 dem Burgtheoter hat, mußte s zu verhindern trachten,
277 3054 1477 3132 daß andern Tages die Presse zewisser Richtung verkünden
1486 3077 1627 3161 ist d
286 3121 1474 3186 konnte, das jämmerliche Pradnel habe an diesim hochernsten
1477 3149 1620 3218 it es d
262 3138 1487 3231 Orte einen starken Erfelg errungen. Und in sandten denn
273 3193 1469 3291 gernde jene Leute, die wissen, mas #ie vom Burgtheater und
287 3270 1470 3326 seinen Kunstpflichten zu halten haben, der unbernsenen
367 3306 497 3366 aie
596 3355 724 3419 #a
1025 3344 1446 3419 sforganen gemaß¬
468 3395 1480 3458 ##den, und zwar bezeichuenderweise von
444 3451 1473 3507 enern. Polizeiliche Amtsdiener cen#uriren also in
285 3491 1479 3550 unseren Theatern die Censur, die das gebildete Puhlicum
281 3540 1455 3603 an den Stücken übt; der Polizeiwenzel hat also in letzter
290 3587 1406 3644 Instanz die Entscheidung, # ein Stück gefallen hat od
295 3639 1355 3693 nicht, und der größte, enndiglichste Suoler kann
278 3685 1303 3733 dieser polizeilichen Bedeckung einen fartischen Seeg errie
276 3736 1048 3800 seiner Claqne niemand widersprechen d#
300 3775 659 3848 man einmal die
295 3826 375 3881 +
879 3829 1064 3890 eshale
488 3830 567 3906 bie.
301 3862 612 3948 Maher Abulans
925 3874 1068 3936 Kersten
981 3920 1185 3993 Sheerhe
407 3926 677 3988 den Unmuig
402 3962 700 4040 #inseren i
285 4022 838 4081 ghalten, nur
1111 4018 1466 4081 M
286 4067 1005 4135 man #ne Westsereich Eingelnarnt 2
1175 4060 1484 4138 enfache
295 4114 1243 4194 Mauplfache= (9, Daß- mam Anersauptr eingeliberetrn
2216 842 2620 915 Telefon 12801.
1934 944 2938 1035 Unternehmen für Zeitungs-Ausschnitte.
2797 1015 2999 1082 Ausschaitt
2083 1024 2715 1161 „OBSERVER“
2724 1064 3108 1177 Nr. 80
1705 1147 3156 1246 L. österr. behördl. conc. Bureau für Zeitungsberichte u. Personalnachrichten
1882 1229 2974 1313 Wien, IX/1. Türkenstrasse 17.
2087 1300 2737 1386 Flliale in Budapest: „Figyelé“
1787 1376 3050 1470 Vortretungen in Berlin, Chicago, London, Newyerk, Paris, Stockholm.
1692 1493 2232 1579 Ausschnitt aus:
2752 1475 3131 1623 Wier
1691 1596 2183 1717 ve 2077 00
1771 1930 2974 2044 Letzte Nachricht aus dem Hof=Burgtheater.
1841 2009 3013 2114 Hof=Burgtheaterdirektor Schleuther wurde gestern von
1735 2077 3006 2161 unserem Arthur Schnitzter in Andienz empfangen. Schlenther
1753 2120 3017 2205 stellte die unterthänigste Bitte. Arthur Schnitzler möge seinen
1744 2169 3013 2223 Einfluß in der „Konkordia“ dahin geltend machen, daß den
1741 2233 3006 2276 abfälligen Urtheilen, welche die christlichen Blätter über seine
1740 2264 3016 2342 Direktionsführung äußern, durch verdoppeltes Lob seitens der
1733 2318 2663 2395 jüdischen Schornale ein Paroli gebogen werde.
1832 2374 2990 2435 Der jetzige Leiter des einstmalig „ersten deutschen Kunst¬
1734 2410 3001 2471 tempels“ erhielt von dem treuesten Stammgaste des „Cafes¬
1737 2462 3005 2543 Größenwahn“ die wohlwollendsten Versicherungen, welche ihm
1729 2507 2998 2601 insbesondere deshalb zutheil wurden, weil er, Schlenther, sich
1738 2564 2985 2623 fleißig fortbemüht, den deutschen Parnaß mit kleinen, von Her¬
1733 2617 2986 2691 mann Bahr literarisch ausgebrüteten Judenjüngeln zu bevölkern.
1822 2664 2993 2755 Der deutsche Schleuther verbeugte sich tiefgerührt dankend
1726 2712 2994 2794 und erwiderte — seine Verdienste bescheiden in den Hintergrund
1728 2759 3005 2831 rückend — daß ihm das ja unter den Umständen, als diese
1713 2827 3005 2899 Bühne durch die allerhöchste Subvention in finanzieller Hinsicht
1715 2870 2767 2939 vollkommen gesichert sei, nicht viel Mühe verursache.
1814 2905 2982 2989 Ein glücklicher Zufall wollte es, daß der ehemalige Theater¬
1683 2958 3056 3046 1 kritiker der „Voß'schen“ auf der Treppe zufälliger Weise auch ire
1717 3000 3034 3073 Theodor Herzl traf und diesem Mann der „Neuen Freien Presse“ 6.
2986 3059 3045 3119 ar
1707 3077 2975 3134 unter Einem den Zweck seiner Audienz sub rosa mittheilen konnte.
2988 3092 3077 3163 us.
1715 3104 2986 3174 Theodor Herzl klopfte dem heimkehrenden Bittsteller freundlich
1710 3159 3116 3224 tröstend auf die Schulter und entließ ihn mit den verbindlichen stdas
1721 3200 2197 3267 Worten: „I love vou!“
2952 3220 3123 3299 e. den
1800 3253 2983 3333 Direktor Schlenther kam an diesem Tage freudestrahlend
1717 3301 2979 3382 in das „Löwenbräu“ und soll nach den Versicherungen des!
1712 3348 2976 3440 Zahlkellners um zwei Schoppen mehr getrunken haben, als
1708 3390 1954 3452 gewöhnlich.
1804 3440 2975 3539 Als er nach Hause ging, hörte ihn der Gewölbewächter
1708 3482 2336 3560 nachfolgendes Liedchen summen:
1978 3550 2672 3617 O wie bimmel — bammel — bummel,
1971 3586 2682 3661 O wie bimmel — bammel — bummel,
1959 3637 2562 3692 O wie bummelt mir mein Herz!
1968 3669 2608 3732 Ich hab' noch nie ein Herz gehabt,
1955 3710 2568 3774 Das mir so sehr gebummelt hat;
1955 3753 2666 3827 O wie bimmel — bammel — bummel,
1961 3789 2254 3850 O wie bimmel —
1769 3817 2962 3935 Damit verschwand er durch das Thor seines Wohnhauses.
2256 3899 2354 3980 61.
