3296 4224
2210 163 2286 233 —
1518 234 1963 329 box 36/4
171 234 1348 339 1. Pamphlets offprints
685 921 2366 1001 mu ß, soll er fortbestehen, ängstlich auf seine Kommittenten sehen, und diese —
680 976 2387 1050 ich rede natürlich nur von dem deutschen Buchhandel in Österreich und seinen
685 1038 1753 1115 Kommittenten — sehen hinaus nach Deutschland.
785 1062 2382 1166 Es liegen da höchst komplizierte und eigentümliche Verhältnisse vor, Gegen¬
698 1145 2381 1211 sätze und Widersprüche, die sich gegenseitig nicht aufheben, sondern verstärken,
699 1186 2387 1264 und die trotzdem manche nicht zugestehen wollen, ja deren Hervorhebung dem miß¬
693 1246 1554 1314 deutet wird, der offen von ihnen spricht.
792 1306 2380 1360 Der deutsche Schriftsteller in Österreich kann und darf natürlich nicht nur
694 1373 2390 1415 an die Öösterreicher seine Worte richten: er muß suchen, mit seiner Stimme zu
696 1394 2390 1460 seiner Nation, zu dem deutschen Volke, zu dringen, wenn er wirken, wenn er etwas
707 1439 2385 1523 sein will: er muß aber auch trachten, den deutschen Markt zu gewinnen, wenn er
698 1485 2393 1566 von seiner Arbeit leben will. Der Österreicher, der in Österreich für Deutschland
689 1541 2389 1612 #arbeiten will, hat es an und für sich schwer. Und gar erst der Schriftsteller, da hier
695 1593 2391 1665 die Beurteilung des Wertes eines Werkes viel mehr Raum gibt für subjektives
698 1653 2383 1710 Urteil als etwa bei Baumwollgeweben oder Stahlfabrikaten. Bei dem kaufmänni¬
696 1726 2392 1765 schen Industrieartikel denkt man — im großen Publikum wenigstens — nicht weiter
692 1773 2388 1808 an den Erzeuger. Anders bei dem literarischen Werk. Hier ist der Name des Er¬
689 1788 2391 1869 zeugers für das große Publikum Marke, und mit dem Urteil und Vorurteil über das
706 1857 2079 1913 Werk gehen Hand in Hand Urteil und Vorurteil über den Autor.
797 1891 2381 1972 Da zeigt sich nun ein ganz eigenes Verhältnis zwischen Wien und Deutsch¬
698 1954 2392 2023 land. Es geht dem Wiener, und überhaupt dem österreicher, da ähnlich wie ge¬
705 1997 2390 2071 legentlich dem Süddeutschen im Verhältnis zu dem Norddeutschen, nur daß dem
698 2061 2394 2126 Wiener und dem Österreicher gegenüber sich der Süddeutsche selbst schon gerne
688 2116 1675 2190 auf den Standpunkt des Norddeutschen stellt.
797 2163 2389 2227 Der Deutsche kann den Österreicher ganz gut leiden, aber er unterschätzt
699 2211 2403 2285 ihn, der Österreicher ist ihm, was dem Städter der Vetter vom Lande. Er klopft
699 2287 2395 2325 ihm gerne wohlwollend und gönnerhaft auf die Achsel. Das verdrießt den Öster¬
702 2313 2385 2387 reicher aber, wie es auch den Süddeutschen verdrießt, wenn es ihm vom Nord¬
707 2364 2398 2416 deutschen widerfährt, und der Österreicher und der Süddeutsche haben einen Winkel
707 2398 2403 2465 in ihrem Herzen, wo sie den Norddeutschen nicht recht leiden können. Zugleich
705 2464 2386 2528 aber über schätzen sie ihn, und auch diese beiden Momente stehen in Zusammen¬
707 2496 2395 2565 hang, wie auch ein Teil des Wohlwollens des Norddeutschen auf dem Gefühle seiner
703 2551 2399 2612 Superiorität beruht. Die Worte „Unterschätzung“ und „Überschätzung“ sind aber hier
707 2596 2405 2671 nicht in ganz gleichem Sinne gebraucht. Während die Unterschätzung absolut ge¬
707 2660 2405 2717 meint ist, ist es die Uberschätzung relativ. Nicht das soll gesagt werden, daß man
704 2700 2397 2776 bei uns in Österreich die Werke der deutschen Literatur zu hoch einschätzt, höher
702 2752 2404 2817 als sie es verdienen, sondern daß man geneigt ist, das Auswärtige höher zu stellen
704 2808 2396 2874 als das Heimische, oder diesem doch nicht gleiche Aufmerksamkeit schenkt. Alle
702 2850 2388 2913 dliese Momente dürften aber noch eine tiefere Ursache, eine physiologische Grund¬
709 2904 2398 2985 lage in der Sprache haben. Dem Norddeutschen klingen die südlicheren Dialekte
711 2948 2394 3022 sympathisch, den Süddeutschen aber schmerzt gar oft die nordische Klangfarbe im
708 3000 2408 3069 Ohr. Dort wenigstens, wo sie als Einzelerscheinung auftritt, ist sie ihm zu scharf,
706 3074 2404 3129 zu spitz, und dieser Umstand dürfte es erklären, daß der Österreicher der sich in
699 3097 2404 3178 Berlin aufhält, dort rasch einen viel sympathischeren Eindruck von, dem Nord¬
709 3145 2403 3215 deutschen gewinnt, als er etwa erhält, wenn er ihm in den Alpen oder in Italien
710 3196 2406 3271 begegnet. Auch das, was ich von Unterschätzung und Überschätzung gesagt habe,
700 3259 2395 3314 findet auf dem Gebiete der Sprache Ausdruck. Bei Auseinandergehen des Sprachge¬
711 3291 2405 3354 brauches ist man auf beiden Seiten geneigt, der südlichen Abweichung den
707 3358 2266 3423 Charakter des Dialekts, der nördlichen den der Schriftsprache zuzuweisen.
818 3399 2402 3477 So bestcht bei allen kulturellen und politischen Banden und aller Durch¬
709 3463 2392 3524 drungenheit von Zusammengehörigkeit und der Notwendigkeit des Zusammen¬
716 3508 2390 3576 arbeitens doch ein gewisser Antagonismus. Wenn wir den Gegensatz scharf aus¬
713 3558 2411 3615 drücken wollten, um der Klarheit willen schärfer als er glücklicherweise ist, so
715 3585 2419 3690 müßten wir sagen: dort wohlwollende Geringschätzung wegen Minderwertigkeit,
2813 934 2909 1004 hier
2822 995 2914 1061 scha
2830 3592 3012 3678 Blüte de
2956 4121 3084 4175 enann
3256 3545 3307 3600 U
