3296 4224
166 274 211 348 1
1982 169 2310 247 ——
1514 236 1963 340 box 36/4
248 258 1352 360 Pamphlets, offprints
1288 1290 1978 1408 Wiener Literatur.
1417 1394 1887 1481 Von Max Burckhard.
798 1485 2490 1607 Herr Hugo Heller hat mir den Wunsch ausgesprochen, ich möchte ihm als Ein¬
881 1544 2493 1619 leitung für seinen heurigen Weihnachtskatalog einen Aufsatz über „Wiener
787 1613 1270 1687 Literatur“ schreiben.
909 1615 2487 1732 Gibt es eine Wiener Literatur, das heißt etwas, das man nach inneren Zu¬
800 1699 2494 1784 sammenhängen so nennen darf? Was ist Wiener Literatur? Wer ist ein Wiener
803 1752 2495 1831 Literat! Der in Wien geboren ist, aus der Mischung hervorgegangen ist, die dem
818 1802 2497 1875 Wienertum ethnologisch sein Gepräge gibt, oder der, der dort gewirkt hat, auf dessen
809 1851 2493 1932 Entwicklung und dessen Schöpfungen Wiener Sitte, Wiener Gesellschaft, Wiener
806 1918 2494 1986 Luft Einfluß geübt haben, sei es nun anregend oder erschlaffend? Und wo sind die
812 1948 2497 2046 Grenzen, bei denen für das Lesepublikum, das der Buchhändler im Auge haben muß,
814 1999 2508 2066 die „Literatur“ beginnt und — endigt? Und ist mein Wissen denn nicht viel zu
807 2048 2506 2125 lückenhaft, die mir zur Verfügung stehende Zeit nicht viel zu kurz, als daß ich
804 2096 2509 2165 mich an eine derartige Darstellung, sei sie noch so skizzenhaft, wagen dürfte! Und
818 2140 2500 2227 ist der der sie versucht, nicht von vorneherein ein Narr, weil er, je mehr Namen
818 2200 2506 2272 und Bücher er nennen wird, um so mehr Haß und Feindschaft erwarten darf bei
822 2248 2494 2331 denen — die er nicht genannt hat! Nicht genannt, weil ihm ihre Werke nicht ge¬
821 2291 2496 2374 fallen, nicht genannt, weil er sie nicht kennt, nicht genannt, weil er sie in der Eile
820 2346 2505 2430 vergessen hat, nicht genannt, weil er nicht weiß oder nicht daran gedacht hat, daß
825 2393 2495 2472 sie Anspruch haben, zu der Wiener Literatur gerechnet zu werden, nicht genannt,
814 2443 2503 2517 weil er nicht genug Platz gehabt hat und weil, wer in einem solchen Falle zu viel
823 2511 1375 2591 nennt, gar nichts nennt?
930 2565 2502 2637 Von allen diesen Fragen ist vielleicht die letzte, die nach der Narrheit, am
827 2605 2509 2673 raschesten und einfachsten zu beantworten. Und trotzdem habe ich Herrn Hugo
826 2658 2503 2726 Heller auf seine Frage das geantwortet, was ich mir auf diese letzte meiner
817 2715 1653 2781 Fragen zur Antwort geben mußte: Ja.
929 2742 2516 2819 Ich habe aber einen Grund dafür, einen ganz persönlichen Grund. Oft schon
820 2796 2510 2870 habe ich mir Gedanken darüber gemacht, wie wenig Aufmerksamkeit eigentlich der
831 2848 2511 2923 Wiener Buchhandel der heimischen Literatur schenkt, und wie kahl und dürftig
822 2914 2507 2967 die Anempfehlung des heimischen Autors dort ausfällt, wo den Angaben der Bücher¬
832 2961 2515 3033 titel etwas wie eine zum Ankauf animierende Notiz beigefügt wird, wie schüchtern
834 2998 2515 3067 und bescheiden, wenn man sie mit den lauten, posaunenartigen Tönen vergleicht,
822 3057 2515 3114 die sonst gelegentlich erschallen. Und da tritt nun ein Wiener Buchhändler an mich
831 3089 2516 3168 mit dem Wunsche heran, ich möge ihm einen Artikel über Wiener Literatur für
835 3144 2514 3227 einen Verkaufskatalog schreiben — und ich soll „nein“ sagen? Nein, das kann
836 3213 1055 3283 ich nicht.
939 3255 2522 3323 Nicht den heimischen Buchhandel habe ich also mit dem anklagen
840 3309 2513 3377 wollen, was ich eben gesagt habe, sondern nur mich entschuldigen. Ent¬
828 3350 2513 3416 schuldigen, daß ich die Gelegenheit benütze, die sich mir bietet, für die Wiener
838 3405 2513 3486 Literatur das Wort zu ergreifen. Österreich ist ja ein armes Land. Wien eine arme
835 3459 2518 3524 Stadt, wenn wir Österreich und Wien wirtschaftlich mit Deutschland und Berlin
838 3502 2515 3560 vergleichen. Und der österreichische, der Wiener Buchhandel, was ist er, verglichen
833 3566 2522 3623 mit den gewaltigen Betrieben, den großen Verlagsanstalten, Druckereien, Sorti¬
832 3615 2536 3681 menten, Antiquariaten im Deutschen Reiche? Der österreichische Buchhandel
1109 3735 1446 3836 3
1408 3771 1835 3884 Kch-
