3296 4224
1877 162 2428 256 ——
1505 240 1961 344 box 36//4
148 245 1338 360 1. Panphlets, offprints
810 780 917 875 10
815 891 2506 969 bei Gerold erschienen, wie denn auch Nagls Arbeiten über die Konjugation (1883)
819 969 2515 1026 und die Deklination (1884) des niederösterreichischen Dialekts und den Vokalismus
818 1009 2508 1076 der bayrisch-österreichischen Mundart (1895) sowie über den gegenwärtigen Stand
819 1064 2511 1124 der bayrisch-österreichischen Dialektforschung (1886) hier angeführt seien. Im
821 1110 2517 1174 Dialekt der Gegend von Mistelbach sind geschrieben die Dialektdichtungen
817 1158 2512 1214 Joh. Georg Frimbergers („Von dahoam“, „Pfeffert und g’salzen“, „Wia d’ Leut san
818 1219 1632 1273 und wia s’ sein sölln“, „Is ’s g’fälli?“).
923 1251 2506 1322 Mit der „schönen Literatur“ ist aber glücklicherweise heute der Begriff
826 1303 2506 1364 „Literatur“ für das allgemeine Lesepublikum nicht erschöpft, und so will ich im
815 1356 2515 1414 Fluge auch das Gebiet der Wiener gelehrten Literatur durehmessen, wenn auch da
824 1408 2514 1465 der Raum kaum mehr gestattet, als Namen und Titel von einzelnen Büchern zu
822 1466 2509 1526 nennen, die nach Form und Inhalt an ein größeres Lesepublikum sich wenden oder
823 1502 2513 1552 doch von diesem verstanden und mit Vorteil gelesen werden können, wobei natürlich
822 1550 2499 1605 mit Rücksicht auf den Gegenstand die Historiker und Germanisten größere Berück¬
814 1613 2501 1676 sichtigung finden. Nur muß ich hier wegen des Umfanges, in dem der Begriff der
831 1656 2130 1721 „Wiener Literatur“ gebraucht wird, eine Einschaltung machen.
933 1692 2517 1768 Wie an der gelehrten Literatur überhaupt den Professoren der Hochschulen
817 1750 2506 1802 hervorragender Anteil zukommt, so haben ihn an der „Wiener Literatur“ die Lehrer
812 1863 2520 1916 zusammen, wenn auch nicht mehr in dem Maße, wie es früher der Fall war, während
822 1893 2518 1967 anderseits der stete Wechselverkehr mit Deutschland zur Folge hat, daß unter den
815 1958 2500 2004 Lehrern der Wiener Hochschule sich stets viele Reichsdeutsche finden, und umge¬
823 1998 2501 2052 kehrt Wien viele Lehrer, wenn sie sich einen Namen erworben haben, an aus¬
814 2044 2516 2105 wärtige Städte verliert. Es ist keine erfreuliche Erscheinung, und doch kein
812 2095 2502 2150 schlechtes Zeichen für die persönlichen Eigenschaften der Österreicher, daß in der
821 2152 2504 2213 letzten Zeit der Verlustsaldo in starkem Steigen begriffen ist. Es kommt eben hier
825 2199 2512 2247 in Frage, daß durch besondiere Umstände, ich nenne nur die Velleitäten unseres
820 2243 2511 2301 heute fast einzig dastehenden Eherechtes und den konfessionellen und nationalen
812 2302 2514 2361 Hader, viele Gelehrte schon aus Österreich hinausgeekeit worden sind und zugleich
816 2330 2515 2404 die Anziehungskraft der Wiener Hochschule herabgedrückt worden ist. Auch die
818 2394 2509 2468 Aufhebung des Kollegiengeldes hat hier bei manchen Fächern Anteil, während
820 2444 2518 2494 umgekehrt wirtschaftliche Momente, nämlich die Aussicht, sich durch ärztliche
821 2487 2506 2546 Praxis rasch ein Vermögen zu erwerben, eine starke Anziehung auf Mediziner
815 2533 2519 2611 üben muß — auf solche insbesondere, die geneigt sind, die geschäftliche Seite ihres
822 2589 1522 2663 Berufes in erste Linie zu stellen.
926 2628 2507 2694 Die abstruseste Schreibweise haben im allgemeinen die Arzte in ihren wissen¬
817 2692 2108 2758 schaftlichen Werken. Umso erfreulicher sind die Ausnahmen.
916 2735 2508 2804 Zwei rühmenswerte Muster hat da das alte Wien aufzuweisen. Da ist einmal
822 2787 2511 2846 ERNST FEUCHTERSLEBEN, der Dichter des Liedes „Es ist bestimmt in Gottes
819 2846 2509 2895 Rat“, dessen Werke Hebbel gewürdigt hat, sie herauszugeben, und dessen Schrift
831 2892 2504 2949 „Zur Diätetik der Seele“ und dessen „Aphorismen“ noch heute viel gelesen werden.
826 2937 2507 3004 Als den älteren habe ich ihn zuerst genannt, der Vortritt vor ihm gebührt aber
821 2981 2506 3038 JOSEF IITRTL mit seinem „Lehrbuch der Anatomie des Menschen“ und seinem
823 3034 2514 3107 „Handbuch der topographischen Anntomie“. Warum seit Jahren keine Neuauflagen
826 3094 2511 3151 mehr von diesen Werken veranstaltet worden sind, weiß ich nicht. Vielleicht ist es
819 3145 2508 3198 gut so, damit nicht an ihnen zerstört wird, was sie an Wert besitzen durch ihre
808 3183 2510 3247 Klarheit und ihren Stil. Wenn übrigens Hyrtl in seiner topographischen. Anatomie
819 3234 2504 3297 einmal den Ausspruch eines alten Schriftstellers anführt, man habe einzelnen
810 3279 2508 3347 Partien im Gehirn Namen aus der Geschlechtssphäre beigelegt, ut foedus studium
815 3344 2508 3397 anatomiae Juvenibus gratius hlat, so kann man ein gleiches von seiner Darstellungs¬
826 3394 2513 3449 methode behaupten, die aus den Schriften des Altertums und der lateinischen
823 3435 2510 3502 gelehrten und patristischen Literatur des Mittelalters eine Fülle der köstlichsten
819 3486 2513 3549 Anekdoten über das Buch streut. Der Namen Hyrtls ruft sofort auch die Erinnerung
824 3540 2518 3594 an seinen Antagonisten ERNSP BRUCKE wech, mit seinen bahnbrechenden
826 3588 2511 3656 „Grundzügen der Physiologie und Systematik der Sprachlaute“ und seinen „Vor¬
2909 886 3285 986 lesungen über Ph,
2922 967 3291 1036 ziehen sich: „Die
2919 1020 3101 1082 arbeitet“
2926 1070 3011 1127 die
2941 1120 3139 1181 Interesse s
2967 3429 3020 3484 ch
3049 3476 3185 3545 „Einl
2916 3478 2995 3535 logi
3191 3479 3304 3537 itung
2911 3525 3293 3588 GOMPERZ („Grie
2893 3570 3294 3652 neusokratischen Ph
