3296 4224
1932 163 2437 249 — —
1467 236 1940 332 box 36/4
362 255 419 316 1
257 246 1322 345 —phletsoffprints
138 814 510 890 natlich anmutende
959 828 2646 894 könnte, und „Herr Wenzel auf Rehberg“, eine Erzählung, die bei aller Sattheit der
161 879 514 951 und Humoresken
963 885 2659 936 Farben getreu den Stil eines alten Chronisten trifft. Zu diesen sind jüngst zwei
961 925 2653 985 Novellenbände gekommen, der Zyklus „Künstlerfrauen“, und die Geschichten, die
250 946 522 1042 es eigentlich
958 978 2658 1041 betitelt sind „Die Geliebte Friedrichs des Schönen“. Wenn dieser zweite Band
311 1023 526 1085 elfach zu
965 1038 2652 1086 nichts enthielte als die tiefempfundene Hundegeschichte „Die Wege des
407 1072 510 1130 ück¬
962 1074 2650 1146 Herrn“, so enthielte er eben die ergreifendste, auf feinster Seelenkunde
961 1145 2644 1184 beruhende Hundegeschichte, die je geschrieben worden ist — wenn man etwa
968 1168 2643 1245 von der Notiz bei Darwin über den Hund absicht, der seinem Herrn,
961 1230 2654 1292 als dieser ihn vivisecierte, die Hand leckte. Von Saltens dramatischer Begabung
958 1271 2658 1351 zeugen die drei Einakter „Vom anderen Ufer“. Von WASSERMANN sei
962 1334 2651 1387 der Dialog „Die Kunst der Erzählung“ besonders hervorgehoben; von seinen
962 1380 2651 1440 Romanen will ich außer der „Geschichte der jungen Renate Fuchs“ hier nur auf
957 1435 2638 1497 den jüngst erschienenen hinweisen. Indem Wassermann im „Kaspar Hauser“ ver¬
970 1486 2649 1546 zichtet, auf die „Spannung“ hinzuarbeiten, zu der der Gegenstand verleiten würde,
958 1532 2645 1590 oder sich in das Problem zu verlieren, wie ein Mensch als herangewachsener Jüngling
959 1583 2650 1633 schrittweise die Welt erfassen mag, wenn sie vorher nicht für ihn existiert hat, ge¬
973 1633 2649 1687 winnt er starke Wirkung aus der Darstellung der brutalen Roheit, mit der diese
967 1660 2655 1729 Welt einer aufblühenden Menschenseele entgegentritt, wenn diese aufblühende
957 1728 2037 1793 Mensehenseele einmal keine Kinderseele mehr ist.
1060 1781 2648 1828 Ein starkes Talent war der leider schon am 4. Juni 1905 im Alter von 35 Jahren
969 1816 2642 1874 verstorbene GUSTAV MACASY. Sein Roman „Die Chronik von Dirnau“ schildert
966 1871 2655 1930 meisterhaft die Typen von Verbrechern, wie sie allenthalben unter den ehrbaren
971 1916 2645 1986 Bürgern dutzendweise herumlaufen. Zu den Toten gehört leider auch schon
958 1966 2652 2030 J. J. DAVID, von dem, allerdings ziemlich lückenhaft gesammelte, „Gesammelte
972 2024 2653 2085 Werke“ vor kurzem in einem deutschen Verlag erschienen sind. Auch einen andern
961 2074 2658 2128 Wiener, der viel zu Früh den Freunden seiner Muse und seinen Freunden entrissen
956 2102 2656 2176 worden ist, muß ich hier nennen. Es ist KARLWEIS, der Verfasser des Schwankes
962 2168 2658 2224 „Der kleine Mann“, der Volksstücke „Das grobe Hemd“ und „Das liebe Ich“ und
954 2219 2658 2278 der stimmungsvollen Novelle „Adieu Papa“, der mit seinem leisen Spötterton und
962 2263 2649 2341 dem gelegentlichen Einschlage von Sentimentalität bald ein Liebling der Wiener
964 2324 1295 2389 geworden war.
1077 2367 2636 2426 Wenn man von Wiener Autoren spricht, darf man natürlich PETER ALTEN¬
963 2411 2653 2475 BERG nicht vergessen mit seinen Skizzen: „Wie ich es sehe“, „Was der Tag mir
970 2461 2665 2528 zuträgt“ und seinem „Podromos“. Auch der liebenswürdigen Leichtigkeit eines
964 2513 2649 2572 RAOUL AUERNITEIMER und der finsteren Herbheit eines FRANZ SCHAMANN
972 2558 2651 2635 sei hier gedacht. Von RUDOLF LOTHAR ist das Maskenspiel „König Harlekin“.
962 2604 2658 2673 zu nennen. Auch den Namen EDUARD HOFFER möchte ich hier einschalten um
976 2669 2650 2731 seines „neuen Schattenspieles“ „Arme Seelen“ (Graz 1908) willen, wenngleich Hoffer
960 2721 2649 2785 ganz nach Graz gehören dürfte, während RUDOLF HANS BARTSCH, ein
962 2757 2655 2826 Steiermärker, der sich rasch einen Namen gemacht hat, nun in Wien lebt
976 2801 2657 2866 („Zwölf aus der Steiermark“, „Die Haindikinder“). Von einigen gebürtigen Wienern
962 2871 2645 2924 und Wienerinnen seien noch die Namen und einige Bücher genannt: PAUL ALT¬
972 2906 2653 2971 HIOF (Alice Gurschner), RICIIARD BEER-HOFMANN (mit seiner prächtigen
967 2962 2656 3013 Tragödie „Der Graf v. Charolais“), FELIX DöRMANN („Ledige Leute“), KURT
969 3004 2658 3059 FRIEBERGER, EMII. LUCKA („Goya“, „Tod und Leben“), MAX MESSER
976 3065 2659 3122 („Die moderne Seele“, „Der Traum vom Weibe“), ROSA MAYREDER („Zwischen
963 3097 2659 3159 Himmel und Erde“, Sonette), GRETE MEISEL-HESS, FRIEDRICI WERNER
968 3152 2651 3217 OESTEREN („Christus, nicht Jesus“), KARL. SCAPINELLI, FRITZ TELMANN
979 3201 2651 3275 („Messenhauser“). Auch der Name GUSTAV EUGEN DIEIIL sei hier angerciht,
966 3253 2643 3318 des Verfassers des preisgekrönten Nibelungenfestspieles für die in Pöchlarn ge¬
967 3307 1532 3389 planten Volksschauspiele.
1078 3352 2651 3417 Von Dichterinnen will ich die EBNER-ESCHENBACII besonders anführen
974 3406 2646 3470 und die Baronin HIANDEL-MAZZETTI, diese mit den Romanen „Meinrad Helm¬
963 3465 2644 3510 pergers denkwürdiges Jahr“ und „Jesse und Maria“ — nicht als ob Marie Ebner¬
964 3511 2671 3582 Eschenbach nicht auch eine Baronin wäre und nicht auch Werke geschrieben hätte,
