3296 4224
2052 151 2334 222 ——
1480 206 1956 317 box 36/4
145 218 1338 339 1. Panphlets offprints
144 846 656 926 älfte des zweiten Bandes
143 904 652 976 schichte der philosophi¬
1059 884 2726 974 verweisen. Bei den IIistorikern kann man auch LUIWIG FELIX („Entwicklungs¬
159 959 653 1026 LLNER („Bedeutung
1055 962 2740 1020 geschichte des Eigentums“) anführen, obwohl er sich selbst wohl so wenig für einen
154 1010 657 1074 ler von denen, die man
1060 1021 1990 1088 IIistoriker gehalten hatte wie Chamberlain.
1161 1048 2725 1126 Den Historikern mögen die Vertreter der Literaturgeschichte und die Ger¬
154 1061 648 1118 hterischer Darstellung“
1045 1107 2728 1173 manisten folgen. Vor dem Gebiete der klassischen Philologie muß ich leider halt¬
142 1109 655 1167 ünsche für Österreich“),
1059 1159 2732 1209 machen, obwohl die wichtigsten Werke von HERMANN BONITZ, dem Mitver¬
171 1156 655 1224 Tragödie“, „Asthetik“,
1061 1211 2741 1265 fasser des „Organisationsentwurfes für die österreichischen Gymnasien“, in die
147 1206 635 1267 pphie und Asthetik“),
1055 1260 2741 1321 Zeit seines Aufenthaltes in Österreich fallen; denn das Beispiel, das Rohde und
157 1259 668 1325 ets*), JOSEF POPPER
1062 1308 2739 1362 Wilamowitz hinsichtlich der Art der Darstellung gegeben haben, konnte natürlich
148 1306 643 1373 asien eines Realisten“),
1053 1368 2738 1420 nicht zurückwirken und hat auch nur wenig nachgewirkt. Von alteren Wiener
142 1357 668 1426 ur und Staat“), EMII.
1046 1405 2735 1470 Giermanisten und Literarhistorikern möchte ich nennen den Schweizer FRANZ
151 1408 660 1473 ksklassen“, Vorlesungen
1046 1456 2733 1517 PFEIFFER, der von 1857—1868 in Wien tätig war, Herausgeber für weitere Kreise
151 1454 645 1519 ht geschlossen werden,
1050 1494 2740 1559 berechneter, mit Anmerkungen versehener Texte der Lieder Walthers und des
162 1503 642 1575 naturwissenschaftlicher
1051 1556 2740 1613 Nibelungenliedes, sowie einer Ausgabe der Predigten des Berthold von Regensburg
189 1547 649 1620 Fehler darin besteht,
1057 1608 2738 1671 (lesenswerte kleinere Schriften sind unter dem Titel „Freie Forschung“ 1867 im
170 1603 637 1680 sie doch weiteste Ver¬
1049 1656 2738 1703 Buchhandel erschienen) und WILHELM SCHERER, auch ein Österreicher, den
1056 1710 2731 1780 Österreich nicht festzuhalten vermochte („Die Biographie von Jakob Grimm“, „Zur
224 1700 266 1758 17
393 1685 638 1770 des Dach¬
1055 1769 2740 1824 Geschichte der deutschen Sprache“, „Geschichte der deutschen Dichtung im eiften
343 1755 634 1812 gewirkt haben,
552 1804 641 1861 00“
1052 1804 2731 1852 und zwölften Jahrhundert“, „Deutsche Studien“, „Aus Goethes Frühzeit“, „Aufsätze
432 1802 548 1863 und
192 1812 233 1857 a
1050 1852 2740 1910 über Gocthe“, „Geschichte der deutschen Literatur“, „Vorträge und Aufsätze zur
1057 1901 2732 1956 Geschichte des geistigen Lebens in Deutschland und Österreich“). Auch der ungefähr
1061 1947 2740 2019 so lange vor Scherer geborene als nach ihm verstorbene KARL JULIUS SCHRÖER
1055 2000 2734 2052 ist hier anzuführen mit seinen „Deutschen Weihnachtsspielen aus Ungarn“ und dem
1053 2055 2734 2115 mit neuhochdeutscher Übersetzung 1876 herausgegebenen köstlichen mittelhoch¬
1045 2098 2741 2159 deutschen Gedicht „Der Weinschwelg“. Noch zu den Lebenden, aber leider lange
1054 2154 2734 2215 nicht mehr zu den Wienern gehören ANTON E. SCHÖNBACH, der als Privat¬
1052 2199 2733 2259 dozent in Wien tätig war („Über Lesen und Bildung“, „Walther von der Vogel¬
1047 2245 2724 2314 weide“, „Das Christentum in der altdeutschen Heldendichtung“, „Gesammelte Auf¬
1058 2297 2735 2351 sätze zur neueren Literatur in Deutschland, Österreich, Amerika“, Herausgeber
1047 2337 2743 2404 dreier Bände „Altdeutsche Predigten“) und ERICH ScHMIDT, der von 1880
1045 2387 2739 2456 bis 1885 in Wien lehrte, der glückliche Entdecker und Herausgeber des „Urfaust“
1054 2445 2729 2499 („Lessing, Geschichte seines Lebens und seiner Schriften“, „Charakteristiken“).
1055 2490 2741 2553 Zu den Toten gehört bereits RICHARD HEINZEL aus Capodistria („Über die
1053 2553 2734 2609 Nibelungensage“ „Über die ostgothische Heldensage“ „Beschreibung des geist¬
1046 2588 2734 2650 lichen Schauspiels im deutschen Mittelalter“, „Über Wolframs von Eschenbach
1046 2638 1302 2715 Parzival“).
1162 2676 2728 2751 In Wien ist geboren und in Wien wirkt JAKOB MINOR, der Schillerbiograph
1044 2744 2723 2806 und Herausgeber der Werke von Novalis („Schiller, sein Leben und seine Werke“,
1048 2787 2725 2854 „Ferdinand von Saar“, „Gocthes Faust, Entstchungsgeschichte und Erklärung“).
1051 2830 2721 2904 Nur mit ihrer Studienzeit fallen nach Wien der in Prag wirkende Wiener-Neu¬
1053 2897 2735 2964 städter AUGUST SAUER, der Herausgeber der Werke Raimunds und Grillparzers
1053 2949 2734 3007 und der „Wiener Neudrucke“, von dessen Schriften hier genannt seien „Aus dem
1047 2985 2720 3030 alten Österreich“, „Gocthe in Österreich“, und die „Gesammelten Reden und Auf¬
1060 3026 2727 3105 sätze zur Geschichte der deutschen Literatur in Österreich und Deutschland“;
1049 3088 2737 3143 ferner RICHARD MARIA WERNER in Lemberg, der Herausgeber der Werke,
1046 3137 2724 3202 Briefe und Tagebücher Hebbels, Verfasser von „Wiener Hanswurst Stranitzki“,
1051 3176 2732 3248 „Goethe und Gräfin O’Donnel“, „Aus dem josephinischen Wien“, „Der Laufner
1055 3244 2741 3304 Don Juan“, „Vollendete und Ringende“). Mit Minor und Sauer gibt Werner auch
1048 3288 2740 3344 die „Beiträge zur Geschichte der deutschen Literatur in Österreich“ heraus. Die
1049 3335 2733 3392 Raimund-Ausgabe hat mit Sauer KARL GLOSSY besorgt; dieser hat auch eine
1049 3376 2731 3448 Schrift über „Josef Schreyvogel“ geschrieben und die Tagebücher Costenobles ver¬
1047 3435 2734 3481 öffentlicht. EDUARD CASTLE hat eine Biographie „Nikolaus Lenau“ und eine
1055 3479 2730 3529 Abhandlung „Lenau und die Familie Löwenthal“ geschrieben und Ausgaben der
1057 3529 2738 3596 Werke Raimunds und Lenaus besorgt; ALFRED WURZBACH (junior) die Werke
1056 3584 2740 3655 Bürgers und Joh. Gabriel Seidls herausgegeben und „Lope de Vega und seine
