3436 4352
201 222 1956 344 19. Der-Ruf des Lebens box 24/3
2339 162 2962 268 „GUSERVEN
2116 233 3202 368 # österr. behördl. konz. Unternehmen für Zeitungs-Ausschnitte
2256 308 3089 408 Wien, I., Concordiaplatz 4.
2451 394 2886 465 Vertretungen
2131 413 3197 517 n Berlin, Budapest, Chicago, Christiania, Genf, Kopen¬
2136 481 3207 557 hagen, London, Madrid, Mailand, Minneapolis, New-Vork.
2171 514 3178 607 Paris, Rom, San Francisco, Stockholm, St. Petersburg.
2454 568 2893 637 (Gusllsusagshe ohne H.währ).
2119 635 2517 710 Ausschnitt aus
2400 593 3091 750 Ineresantes Platt, Wien
2237 737 2560 833 : 62 12 100.
2256 865 2908 979 Vom Theater.
2215 955 3126 1031 entsches Volkstheater. Schnitzlers ro¬
2032 1023 3117 1089 mantisches dreiaktiges Schauspiel „Der Ruf des Lebens“
2036 1072 3127 1133 wird immer zwei Parteien von Kritikern um sich herum
2033 1121 3124 1175 haben. Denn es steht an der Grenze zwischen Phantasie
2046 1169 3135 1232 und Realismus und das gibt ihm natürliche Gegner und
2044 1219 3135 1283 Freunde. Das Regiment der blauen Kürassiere, das mit
2043 1264 3136 1326 Mann und Roß den Tod selber attackieren wird, um eine
2043 1322 3127 1396 alte Schmach zu sühnen, reitet nur auf dem Papier des
2168 2337 2327 2454 —
2049 3241 3136 3307 Käthe Hannemann und Haus Homma als „Marie“ und
2053 3267 3146 3352 „alter Moser“ in Arthur Schnitzkers Schauspiel „Der Auf
2458 3326 2743 3391 des Lebens“.
2033 3431 3148 3507 Nach einer photographischen Aufnahme von k. k. Hosphotograph Viktor Angerer.
2062 3539 3146 3623 Dichters herum. Aber der Dichter darf beim Schaffen so
2064 3607 3144 3666 stark sein wie das Leben, wenn seine Figuren nur künstlerischen
2053 3654 3144 3720 Umriß und ästhetische Ordnung haben. Im „Ruf des
2055 3708 3148 3769 Lebens“ steckt viel Künstlerisches und die guten Darsteller
2055 3741 3159 3830 des Ensembles empfinden das und ziehen es heraus. Zwei
2055 3805 3152 3872 von den vielen Guten bringen wir im Bilde: Homma
2057 3857 3155 3924 als den selbstsüchtigen Alten, der die Jugend seiner Tochter
2061 3912 3139 3976 erbarmungslos mordet und Käthe Hannemann als eben¬
2051 3941 3149 4004 diese Marie, die den Vater aus dem Wege räumt, als der
2067 4007 2920 4095 Ruf der Liebe und des Lebens an sie ergeht.
