3248 4352
1072 346 1130 407 L
670 347 741 413 R
247 338 1416 432 19. Der af des ebens
764 539 1520 682 Aeephen 12.801.
1191 695 1331 774 24
435 724 553 785 —
578 731 649 820 2
642 727 1271 832 „UBSEHTER
435 804 1527 886 #1 österr. behördl. konz. Unternehmen für Zeitungs-Ausschnitte
566 869 1413 961 Wien, I., Concordiaplatz 4.
770 951 1203 1018 Vertretungen
428 1000 1516 1067 in Berlin, Budagest, Chicago, Christiania, Genf, Kopen¬
441 1049 1530 1123 hagen, London, Madrid, Mailand, Minneapolis, New-Vork,
479 1089 1488 1153 Paris, Rom, San Francisco, Stockholm, St. Petersburg.
779 1135 1204 1195 (Quellenangabe ohne Gewähr).
437 1168 1429 1273 ausschnitt aus: Brünner Anzeiger, Brünn
706 1251 948 1346 15 0MN 10
549 1395 1392 1518 Brünner Stadttheater.
465 1480 1497 1595 Kdr. — „Der Ruf des Lebens.“ Marie Moser
398 1530 1503 1648 lechzt nach Leben, nach Liebe. Der Mann, den sie einmal
394 1591 1497 1698 gesehen und nie mehr vergessen hat, wird am nächsten
382 1642 1494 1758 Tage in den unentrinnbaren Tod reiten und wartet auf
395 1693 1525 1784 sie. Sie vergiftet ihren achtzigjährigen Vater, der sie ge¬
389 1741 1497 1855 waltsam an sein Lager gefesselt hält und stürzt zum Ge¬
389 1799 1488 1892 liebten in die Kaserne. Dort muß sie, hinter einem Vor¬
380 1841 1495 1940 hang versteckt, mitansehen, wie der Oberst ihrem Max die
386 1890 1494 1983 Geliebte niederschießt, weil sie zufällig Frau Oberstin ist.
386 1938 1337 2047 Das hindert Marien nicht, den Leutnant in ihr# #
406 2060 1497 2130 reißen und ein einziges Mal glücklich zu sein. Am näch
415 2112 1505 2177 sten Morgen erschießt er sich für die andere und läßt
402 2165 1504 2221 Marie in Reue und Verzweiflung zurück. In der Natur
410 2218 1506 2284 wird sie sich langsam zu einem neuen, stillen. leichteren
408 2258 1505 2328 Leben durchfinden. Das ist in den Hauptzügen der Inhäl:
410 2312 1512 2384 des dreiaktigen Schauspieles von Artur Schnitzler
413 2349 1512 2429 welches am Montag hier zum erstenmale aufgeführt
411 2409 1505 2469 wurde. Es ist ein Drama der Zusammenhänge, ein ge¬
402 2458 1515 2522 waltiges symphonisches Werk, dessen einzelnen Teile das
417 2512 1516 2589 eine Grundmotiv gemeinsam haben: Das Aufrauschen
405 2556 1516 2626 des Lebens vor der großen Stille des Todes. Es geht eine
413 2606 1524 2685 wunderbare Leuchtkraft von dem Dialoge aus, der Sätze
421 2673 1521 2730 enthält, die Josen gesprochen haben könnte. Es ist aber
409 2706 1520 2783 auch ein starkes Stück, nichts für schwächliche Gemüter,
413 2754 1517 2845 die der Wahrheit nicht ins Sonnenantlitz zu blicken ver¬
421 2813 1516 2881 mögen. Man darf über dem ästhetischen Unbehagen, das
419 2859 1520 2940 den Zuhörer immer ergreift, so oft von der Bühne herab
413 2928 1516 2974 über Sexualität und nackte Erotik verhandelt wird, die
413 2961 1524 3039 Schönheiten des Werkes nicht vergessen. Gewiß ist die auf¬
422 3000 1526 3085 gerollte These anfechtbar, gewiß gibt es der dramatisch¬
419 3063 1526 3129 technischen Mängel in dem Stücke genug, aber trotzdem
415 3113 1519 3169 übt das Schauspiel eine starke Wirkung auf jeden, der
412 3155 1527 3228 über die Enge seines Daseins hinaus andere Menschen,
416 3209 1532 3289 andere Triebe, andere Schicksale zu begreifen und zu ver¬
419 3261 1531 3339 stehen sucht. Dem Regisseur, Herrn Direktor v. Maix¬
421 3311 1535 3374 dorff, ist eine vortreffliche Aufführung gelungen, die
416 3363 1530 3442 den zwischen Wirklichkeit und Symbolismus schwebenden
432 3424 1537 3487 Gesamtton richtig traf und festhielt. Frl. Zewy spielte
418 3465 1540 3548 die Marie mit dem herben Unterton des Leidens und der
428 3515 1538 3587 gewaltigen, ungestillten Lebenssehnsucht, Frl. Richter
429 3562 1534 3628 die liebesdurstige Katharina in merkwürdig flimmernder
431 3622 1535 3691 Redeweise, Herr Arnim den Oberst, in sich gefaßt und
420 3659 1544 3734 beldenhaft. Deutlicher und realer gaben sich Herr Pindo
428 3715 1541 3779 als böser, alter Vater, Herr Recke als Leutnant Max
424 3768 1538 3833 und Herr Bowacz als Forstadjunkt. Ein meisterhaftes
429 3811 1537 3883 Charakterstück boten die Tante der Frau Wiesner und
431 3868 1543 3927 der Arzt des Herrn Strauß. Auch Herr Malu¬
428 3924 1550 3988 schinsky stellte ein hübsches Genrebildchen. Frl. So¬
436 3958 1540 4035 rel und Herr Siege aber vermochten nicht zu inter¬
431 4007 1553 4086 essieren, erstere infolge einer überhasteten Leidenschaft¬
435 4070 1558 4147 lichkeit, letzterer durch die trockene und reizlose Auffassung
442 4132 1545 4198 seiner Rolle. Das Zeitkolorit — das Stück spielt im öster¬
437 4158 1566 4238 reichischen Vormärz — war in Kostümen und Ausstattung:
426 4197 1574 4291 glücklich festgehalten. Der Beifall erklang nur zögernd.
1564 325 2039 426 box 24/4
2626 1288 3041 1381 Telephon 12801.
1891 1454 3014 1602 P MRRTETETETSKEn
1892 1561 1931 1625 *
1901 1560 3052 1657 □ l. österr. behördl. konz. Unternehmen für Zeitungs-Ausschnitte
2073 1603 2946 1741 Wien, I., Concordiaplatz 4.
2290 1689 2727 1761 Vertretungen
1895 1716 1995 1778 2
1906 1718 3049 1848 O in Berlin, Budapest, Chicago, Christiania, Genk, Kopen¬
1901 1763 3062 1880 hagen, London, Madrid, Mailand, apolis, New-Vork,
2007 1821 3019 1912 Paris, Rom, San Francisco, Stoch St. Petersburg.
2320 1870 2732 1938 (Quellenangebe ehne Gewam.
1906 1931 2411 2027 — Ausschnitt aus:
1896 1955 3046 2121 e rene 20. Ja Oopteiumorist, Wien
2062 2130 2960 2221 Brünner Theaterbrief.
2563 2210 3137 2279 Brünn, am 17. Jänner 1910.
2019 2271 2857 2354 Sehr geehrter Herr Redakteur!
1959 2332 3173 2399 Artur Schnitzlersneuestes Werk „Der Ruf des Lebens“ gelangte
1844 2379 3180 2443 bei uns letzthin zur Premiere. Ueber dieses Schauspiel wurde schon sehr
1846 2419 3184 2482 viel geschrieben, ehe es noch zur Uraufführung in Wien kam und nachher
1849 2461 3182 2527 flossen ganze Tintenströme über dasselbe. Aus allen Kritiken und Re¬
1855 2498 3173 2569 feraten war aber das augenfällige Bestreben der Beurteiler und Nach¬
1853 2536 3180 2608 richter ersichtlich, Schnitzler kein tiefes Herzeleid zuzufügen, sich es mit ihm,
1848 2580 3183 2641 der ja schließlich als Bühnenliterat Rang und Bedeutung hat, nicht zu
1845 2615 3184 2684 verderben und dem Stücke selbst keine weiteren Schwierigkeiten in den
1857 2658 3185 2729 Weg zu legen. Und man hat diese Absicht scheinbar erreicht, denn der
1854 2709 3186 2761 „Ruf des Lebens“ pflanzt sich fort von Stadt zu Stadt, von Bühne zu
1852 2732 3187 2801 Bühne — Und so erscholl er — wider Erwarten — bald auch bei uns. Hier
1852 2770 3180 2844 harrte der Novität das gleiche Schicksal. Als der Vorhang zum letzten Male
1851 2813 3186 2880 gefallen war, da wußten die Leute nicht recht, was sie eigentlich sagen
1853 2850 3180 2919 sollen; die einen schauerte es bis in die Knochen, sie ergriffen lautlos die
1852 2912 3185 2965 Flucht, um in erfrischender Nachtluft ihre brennheiße Stirne zu kühlen,
1842 2939 3191 2999 denn das viele Sterben auf der Bühne war ihnen ein wenig unangenehm
1851 2972 3186 3036 geworden, andere scherzten und witzelten darüber, daß nicht noch ein
1850 3013 3183 3086 halbes Dutzend Opfer dem „Ruf des Lebens“ ihren Tribut zollten und
1852 3049 3180 3109 andere wiederum — ganz, ganz wenige — waren begeistert. Das Ver¬
1855 3087 3186 3152 halten der ersteren mochte ich wohl begreifen, die Verzückung der letzteren
1853 3131 3186 3187 aber konnte ich mir absolut nicht erklären. Ich, für meine Person, pflichte
1854 3180 3191 3237 jenen bei, die Schnitzler als gewandten Bühnenschriftsteller ihre Anerkennung
1858 3226 3191 3265 nicht vorenthalten; der Vorwurf seiner Arbeit gilt auch mir als eine
1857 3259 3185 3311 Häufung allzu krasser, greller Effekte. Gerade ein Unfähiger hätte diese
1860 3283 3184 3359 vielleicht unbewußt abgeschwächt und gemildert, Schnitzler ließ sie scharf
1860 3334 3191 3391 und schneidend wirken, und hat damit wohl die Wirkung ähnlicher Stücke
1855 3367 3188 3426 der letzten Jahre um ein bedeutendes übertroffen. Ob er seinem guten
1866 3420 3090 3471 Namen damit auch einen neuen Erfolg gesichert, bleibe dahingestellt.
1977 3444 3185 3513 Die Darstellung stand noch ein wenig im Zeichen mangelhafter
1854 3489 3197 3562 Vorbereitung. Frl. Zewy gab die Marie in schlichter, einfacher und
1859 3548 3199 3599 natürlicher Weise. Eine prächtige Figur brachte Frau Wiesner als Frau :
1866 3573 3200 3630 Richter. Eine gute Leistung war die Katharina des Frl. Richter. Die
1857 3610 3190 3671 kleine Rolle der Oberstensgattin bereitete Frl. Sorel tertliche Schwierig¬
1863 3668 3191 3716 keiten. Die Herren v. Pindo (Moser), Strauß (Dr. Schindler), Bo¬
1859 3682 3198 3759 wacz (Rainer), Arnim (Oberst), Recke (Mar), Siege (Albrecht)
1855 3720 3206 3786 und Maluschinsky (Sebastian) führten ihre Rollen, von kleinen Ent¬
1856 3772 3196 3836 gleisungen abgesehen, entsprechend durch. Sehr geschickt hat es Herr Direkkor
1866 3810 3204 3881 v. Mairdorff verstanden, ein stimmungsvolles Milieu für die Rovität;
1846 3866 2112 3950 „zu. schaffen.
