<?xml version="1.0" encoding="UTF-8" standalone="yes"?>
<PcGts xmlns="http://schema.primaresearch.org/PAGE/gts/pagecontent/2013-07-15" xmlns:xsi="http://www.w3.org/2001/XMLSchema-instance" xsi:schemaLocation="http://schema.primaresearch.org/PAGE/gts/pagecontent/2013-07-15 http://schema.primaresearch.org/PAGE/gts/pagecontent/2013-07-15/pagecontent.xsd">
    <Metadata>
        <Creator>prov=University of Rostock/Institute of Mathematics/CITlab/Gundram Leifert/gundram.leifert@uni-rostock.de:name=ONB_Newseye_GT_M1+(htr_id=10810)::::v=2.4.2
prov=University of Rostock/Institute of Mathematics/CITlab/Tobias Gruening/tobias.gruening@uni-rostock.de:name=de.uros.citlab.module.baseline2polygon.B2PSeamMultiOriented:v=2.4.2
prov=University of Rostock/Institute of Mathematics/CITlab/Tobias Gruening/tobias.gruening@uni-rostock.de:name=/mnt/transkribus/LA/DEA/URO/LA_news_onb_att.pb:de.uros.citlab.segmentation.CITlab_LA_ML:v=2.4.2
Transkribus</Creator>
        <Created>2019-10-07T11:21:44.700+02:00</Created>
        <LastChange>2019-10-08T11:11:32.988+02:00</LastChange>
        <TranskribusMetadata docId="223969" pageId="9498719" pageNr="510" tsid="16536206" status="IN_PROGRESS" userId="40391" imgUrl="https://files.transkribus.eu/Get?id=KYFQAPOXAXVSSWGWUOLZHBCX&amp;fileType=view" xmlUrl="https://files.transkribus.eu/Get?id=RLCEPKSASXKOYQQAOKCLDDRO" imageId="6188941"/>
    </Metadata>
    <Page imageFilename="223969_0510.jpeg" imageWidth="3436" imageHeight="4352">
        <ReadingOrder>
            <OrderedGroup id="ro_1711451539901" caption="Regions reading order">
                <RegionRefIndexed index="0" regionRef="r1"/>
                <RegionRefIndexed index="1" regionRef="r2"/>
                <RegionRefIndexed index="2" regionRef="r3"/>
            </OrderedGroup>
        </ReadingOrder>
        <TextRegion orientation="0.0" id="r1" custom="readingOrder {index:0;}">
            <Coords points="338,248 338,3283 1560,3283 1560,248"/>
            <TextLine id="r1l1" custom="readingOrder {index:0;}">
                <Coords points="939,272 946,272 954,280 970,285 996,285 999,227 989,227 983,223 969,236 955,229 941,228"/>
                <Baseline points="946,273 990,275"/>
                <TextEquiv>
                    <Unicode>d</Unicode>
                </TextEquiv>
            </TextLine>
            <TextLine id="r1l2" custom="readingOrder {index:1;}">
                <Coords points="1149,282 1156,281 1162,285 1168,286 1178,284 1169,226 1160,227 1159,229 1155,227 1149,233 1142,235"/>
                <Baseline points="1155,275 1169,273"/>
                <TextEquiv>
                    <Unicode></Unicode>
                </TextEquiv>
            </TextLine>
            <TextLine id="r1l3" custom="readingOrder {index:2;}">
                <Coords points="1237,283 1279,286 1293,282 1296,285 1310,279 1321,282 1321,228 1307,230 1293,217 1279,219 1269,210 1237,220"/>
                <Baseline points="1244,276 1279,275 1314,276"/>
                <TextEquiv>
                    <Unicode>D</Unicode>
                </TextEquiv>
            </TextLine>
            <TextLine id="r1l4" custom="readingOrder {index:3;}">
                <Coords points="331,298 1472,309 1462,281 966,284 879,221 567,223 477,262 419,222 332,231"/>
                <Baseline points="338,278 394,284 450,288 507,291 563,294 619,296 676,297 732,298 788,298 845,298 901,298 957,297 1014,296 1070,295 1126,294 1183,294 1239,293 1295,293 1352,293 1408,294 1465,295"/>
                <TextEquiv>
                    <Unicode>19. Der RiL   </Unicode>
                </TextEquiv>
            </TextLine>
            <TextLine id="r1l5" custom="readingOrder {index:4;}">
                <Coords points="574,1339 632,1357 707,1325 880,1346 930,1323 1091,1319 1089,1261 1038,1247 881,1263 746,1252 682,1285 625,1264 572,1272"/>
                <Baseline points="581,1328 606,1326 631,1324 656,1322 681,1321 706,1319 731,1319 756,1317 781,1316 806,1315 832,1315 857,1314 882,1314 907,1313 932,1313 957,1313 982,1313 1007,1313 1032,1313 1057,1313 1083,1314"/>
                <TextEquiv>
                    <Unicode>29 4phll 1319</Unicode>
                </TextEquiv>
            </TextLine>
            <TextLine id="r1l6" custom="readingOrder {index:5;}">
                <Coords points="795,1427 825,1450 1021,1466 1044,1491 1082,1476 1160,1504 1209,1487 1329,1499 1336,1427 1304,1407 1214,1418 1049,1395 1011,1406 974,1379 947,1390 911,1373 800,1379"/>
                <Baseline points="802,1432 828,1437 854,1441 880,1445 906,1450 932,1454 958,1457 984,1459 1010,1462 1036,1465 1062,1467 1088,1470 1114,1471 1140,1473 1166,1475 1192,1477 1218,1479 1244,1480 1270,1482 1296,1484 1323,1486"/>
                <TextEquiv>
                    <Unicode>Konktat- Weiniat. Vin</Unicode>
                </TextEquiv>
            </TextLine>
            <TextLine id="r1l7" custom="readingOrder {index:6;}">
                <Coords points="644,1525 660,1527 669,1523 671,1527 675,1525 682,1529 693,1523 701,1526 711,1520 726,1520 729,1484 696,1482 693,1485 685,1481 675,1487 662,1477 649,1478"/>
                <Baseline points="653,1510 686,1514 719,1516"/>
                <TextEquiv>
                    <Unicode></Unicode>
                </TextEquiv>
            </TextLine>
            <TextLine id="r1l8" custom="readingOrder {index:7;}">
                <Coords points="515,1600 632,1638 682,1606 902,1635 1005,1608 1530,1650 1542,1559 516,1539"/>
                <Baseline points="522,1594 572,1596 623,1598 673,1601 724,1602 775,1603 825,1605 876,1606 926,1607 977,1609 1028,1610 1078,1610 1129,1611 1179,1612 1230,1613 1281,1614 1331,1614 1382,1614 1432,1615 1483,1615 1534,1615"/>
                <TextEquiv>
                    <Unicode>Theater, Kunst und Musik.</Unicode>
                </TextEquiv>
            </TextLine>
            <TextLine id="r1l9" custom="readingOrder {index:8;}">
                <Coords points="553,1704 1551,1727 1551,1672 1513,1660 1131,1664 1047,1627 736,1670 553,1646"/>
                <Baseline points="560,1691 609,1693 658,1694 707,1696 756,1697 806,1698 855,1699 904,1700 953,1701 1002,1702 1052,1703 1101,1703 1150,1704 1199,1704 1248,1705 1298,1705 1347,1705 1396,1705 1445,1705 1494,1704 1544,1704"/>
                <TextEquiv>
                    <Unicode>Deutsches Volksthegter. Schnitzlers Schauspiel „Ver¬</Unicode>
                </TextEquiv>
            </TextLine>
            <TextLine id="r1l10" custom="readingOrder {index:9;}">
                <Coords points="512,1737 753,1773 1557,1760 1557,1731 1467,1707 513,1704"/>
                <Baseline points="520,1740 571,1742 623,1744 674,1746 726,1747 777,1748 829,1750 880,1751 932,1751 983,1752 1035,1752 1086,1753 1138,1753 1189,1753 1241,1753 1292,1753 1344,1753 1395,1753 1447,1753 1498,1752 1550,1752"/>
                <TextEquiv>
                    <Unicode>Ruf des Lebens“ zählt irezneden besten Arbeiten</Unicode>
                </TextEquiv>
            </TextLine>
            <TextLine id="r1l11" custom="readingOrder {index:10;}">
                <Coords points="509,1809 1252,1826 1521,1811 1550,1766 509,1767"/>
                <Baseline points="516,1793 567,1794 618,1796 669,1797 721,1798 772,1799 823,1799 875,1800 926,1800 977,1801 1029,1801 1080,1801 1131,1801 1182,1802 1234,1802 1285,1802 1336,1802 1388,1802 1439,1802 1490,1803 1542,1803"/>
                <TextEquiv>
                    <Unicode>des Dichters. Eine schöne Idee wird hier unter einem</Unicode>
                </TextEquiv>
            </TextLine>
            <TextLine id="r1l12" custom="readingOrder {index:11;}">
                <Coords points="515,1853 1547,1865 1548,1804 516,1804"/>
                <Baseline points="523,1842 573,1842 624,1842 675,1843 726,1843 777,1844 828,1845 878,1845 929,1846 980,1847 1031,1847 1082,1848 1133,1849 1184,1849 1234,1849 1285,1849 1336,1850 1387,1850 1438,1849 1489,1849 1540,1848"/>
                <TextEquiv>
                    <Unicode>Berg von Schauerlichkeiten erdrückt. Im ersten Alt ver¬</Unicode>
                </TextEquiv>
            </TextLine>
            <TextLine id="r1l13" custom="readingOrder {index:12;}">
                <Coords points="509,1901 1535,1909 1546,1863 510,1850"/>
                <Baseline points="516,1893 567,1892 618,1892 669,1892 720,1892 771,1892 822,1893 873,1894 924,1895 975,1896 1027,1897 1078,1898 1129,1899 1180,1900 1231,1900 1282,1901 1333,1901 1384,1901 1435,1901 1486,1901 1538,1900"/>
                <TextEquiv>
                    <Unicode>giftet die Tochter den Vater, im zweiten erschießt ein</Unicode>
                </TextEquiv>
            </TextLine>
            <TextLine id="r1l14" custom="readingOrder {index:13;}">
                <Coords points="520,1943 1495,1961 1557,1953 1558,1901 520,1899"/>
                <Baseline points="527,1945 578,1944 629,1944 680,1944 731,1944 783,1944 834,1944 885,1945 936,1945 987,1946 1039,1946 1090,1947 1141,1947 1192,1948 1243,1948 1295,1949 1346,1949 1397,1950 1448,1950 1499,1950 1551,1951"/>
                <TextEquiv>
                    <Unicode>Oberst seine Frau und läßt ein ganzes Regiment in den</Unicode>
                </TextEquiv>
            </TextLine>
            <TextLine id="r1l15" custom="readingOrder {index:14;}">
                <Coords points="522,1999 1550,2013 1551,1947 523,1966"/>
                <Baseline points="529,1993 579,1992 630,1991 681,1990 732,1990 782,1990 833,1990 884,1991 935,1991 985,1992 1036,1993 1087,1994 1138,1995 1188,1996 1239,1997 1290,1997 1341,1998 1391,1998 1442,1998 1493,1998 1544,1997"/>
                <TextEquiv>
                    <Unicode>Tod reiten, um seine Ehre an dem Lentnant, der ihm die</Unicode>
                </TextEquiv>
            </TextLine>
            <TextLine id="r1l16" custom="readingOrder {index:15;}">
                <Coords points="517,2060 1552,2064 1552,2031 1475,1994 517,2015"/>
                <Baseline points="525,2040 576,2041 627,2042 678,2043 729,2043 780,2044 831,2044 882,2044 933,2044 984,2044 1035,2044 1086,2043 1137,2043 1188,2043 1239,2043 1290,2043 1341,2044 1392,2044 1443,2045 1494,2046 1545,2046"/>
                <TextEquiv>
                    <Unicode>Hörner aufgesetzt hat, zu rächen und im dritzen hat sich</Unicode>
                </TextEquiv>
            </TextLine>
            <TextLine id="r1l17" custom="readingOrder {index:16;}">
                <Coords points="508,2088 1559,2100 1559,2071 1448,2050 509,2054"/>
                <Baseline points="516,2085 567,2086 619,2087 671,2088 723,2089 775,2089 826,2090 878,2090 930,2090 982,2091 1034,2091 1085,2091 1137,2091 1189,2092 1241,2092 1293,2092 1344,2093 1396,2093 1448,2094 1500,2094 1552,2095"/>
                <TextEquiv>
                    <Unicode>der Leutuant und ein Kamerab erschossen und eite Tochter.</Unicode>
                </TextEquiv>
            </TextLine>
            <TextLine id="r1l18" custom="readingOrder {index:17;}">
                <Coords points="511,2146 1538,2164 1547,2119 512,2102"/>
                <Baseline points="519,2135 570,2136 621,2136 672,2137 723,2138 774,2139 825,2139 876,2139 927,2140 978,2140 1029,2140 1080,2141 1131,2141 1182,2142 1233,2142 1284,2143 1335,2143 1386,2144 1437,2145 1488,2146 1539,2147"/>
                <TextEquiv>
                    <Unicode>die sich prostituiert hat, um das Leben zu „genießen“,</Unicode>
                </TextEquiv>
            </TextLine>
            <TextLine id="r1l19" custom="readingOrder {index:18;}">
                <Coords points="521,2181 1524,2208 1554,2160 522,2152"/>
                <Baseline points="529,2187 579,2187 630,2188 681,2188 732,2188 783,2189 834,2189 885,2189 936,2190 987,2190 1038,2190 1088,2191 1139,2191 1190,2191 1241,2191 1292,2191 1343,2192 1394,2192 1445,2192 1496,2192 1547,2192"/>
                <TextEquiv>
                    <Unicode>kehrt krank heim, um zu sterben. Von elf handelnden</Unicode>
                </TextEquiv>
            </TextLine>
            <TextLine id="r1l20" custom="readingOrder {index:19;}">
                <Coords points="522,2249 1550,2237 1550,2195 1164,2224 1116,2194 522,2194"/>
                <Baseline points="529,2236 579,2235 630,2235 680,2235 731,2236 782,2236 832,2236 883,2237 934,2238 984,2238 1035,2239 1086,2240 1136,2240 1187,2241 1238,2241 1288,2242 1339,2242 1390,2242 1440,2242 1491,2242 1542,2241"/>
                <TextEquiv>
                    <Unicode>Personen sind, wenn der Vorhang zum letztenmal fällt,</Unicode>
                </TextEquiv>
            </TextLine>
            <TextLine id="r1l21" custom="readingOrder {index:20;}">
                <Coords points="517,2293 1554,2301 1542,2241 518,2254"/>
                <Baseline points="525,2283 576,2283 627,2284 678,2285 729,2285 780,2286 831,2287 882,2287 933,2288 984,2288 1036,2289 1087,2289 1138,2289 1189,2290 1240,2290 1291,2290 1342,2291 1393,2291 1444,2291 1495,2291 1547,2292"/>
                <TextEquiv>
                    <Unicode>vier tot. Das muß selbst dem anspruchsvollsten Gale#s</Unicode>
                </TextEquiv>
            </TextLine>
            <TextLine id="r1l22" custom="readingOrder {index:21;}">
                <Coords points="510,2344 1546,2336 1510,2298 1390,2291 510,2294"/>
                <Baseline points="517,2334 568,2334 619,2333 670,2332 721,2332 772,2332 823,2332 874,2332 925,2333 976,2333 1028,2334 1079,2334 1130,2335 1181,2335 1232,2336 1283,2337 1334,2338 1385,2339 1436,2340 1487,2341 1539,2342"/>
                <TextEquiv>
                    <Unicode>besucher genügen. Wenn man diese blutrünstigen drei Akte</Unicode>
                </TextEquiv>
            </TextLine>
            <TextLine id="r1l23" custom="readingOrder {index:22;}">
                <Coords points="513,2380 1549,2416 1549,2354 1400,2344 513,2363"/>
                <Baseline points="520,2383 571,2383 622,2382 673,2382 724,2382 775,2382 826,2382 877,2383 928,2383 979,2384 1031,2385 1082,2385 1133,2386 1184,2387 1235,2387 1286,2388 1337,2388 1388,2389 1439,2389 1490,2389 1542,2389"/>
                <TextEquiv>
                    <Unicode>an sich vorüberziehen läßt, ist es, als ob man in einem</Unicode>
                </TextEquiv>
            </TextLine>
            <TextLine id="r1l24" custom="readingOrder {index:23;}">
                <Coords points="518,2443 1547,2457 1548,2416 826,2384 518,2408"/>
                <Baseline points="525,2434 575,2432 626,2431 677,2431 728,2430 779,2430 829,2431 880,2431 931,2431 982,2432 1033,2433 1083,2434 1134,2434 1185,2435 1236,2436 1287,2437 1337,2437 1388,2437 1439,2437 1490,2437 1541,2437"/>
                <TextEquiv>
                    <Unicode>alten Krakauer Kalender blättern und die Illustrationen</Unicode>
                </TextEquiv>
            </TextLine>
            <TextLine id="r1l25" custom="readingOrder {index:24;}">
                <Coords points="514,2490 1548,2500 1510,2441 630,2435 514,2464"/>
                <Baseline points="522,2483 575,2482 629,2481 682,2481 736,2481 790,2480 843,2480 897,2480 951,2480 1004,2480 1058,2481 1111,2481 1165,2481 1219,2482 1272,2483 1326,2483 1380,2484 1433,2485 1487,2486 1541,2488"/>
                <TextEquiv>
                    <Unicode>zu einer rührsamen Geschichte betrachten würde, zumal auch</Unicode>
                </TextEquiv>
            </TextLine>
            <TextLine id="r1l26" custom="readingOrder {index:25;}">
                <Coords points="514,2532 1529,2558 1556,2499 514,2489"/>
                <Baseline points="521,2530 572,2529 623,2529 675,2529 726,2529 778,2530 829,2530 880,2530 932,2530 983,2530 1035,2531 1086,2531 1137,2532 1189,2532 1240,2533 1292,2534 1343,2534 1394,2535 1446,2536 1497,2537 1549,2538"/>
                <TextEquiv>
                    <Unicode>ein „Forstadjunkt“ vorkommt, der dort nie fehlt. Das</Unicode>
                </TextEquiv>
            </TextLine>
            <TextLine id="r1l27" custom="readingOrder {index:26;}">
                <Coords points="511,2564 615,2597 1543,2584 1543,2554 1475,2540 511,2534"/>
                <Baseline points="517,2578 567,2578 618,2577 669,2576 720,2576 771,2576 822,2576 873,2577 924,2577 975,2578 1026,2578 1076,2579 1127,2580 1178,2580 1229,2581 1280,2582 1331,2583 1382,2583 1433,2584 1484,2584 1535,2584"/>
                <TextEquiv>
                    <Unicode>Beste an dem Stück ist der erste Akt, in dem etwas vor¬</Unicode>
                </TextEquiv>
            </TextLine>
            <TextLine id="r1l28" custom="readingOrder {index:27;}">
                <Coords points="521,2640 1547,2648 1557,2596 522,2604"/>
                <Baseline points="529,2630 580,2629 631,2628 682,2628 733,2627 784,2627 835,2627 886,2628 937,2628 988,2629 1039,2629 1090,2630 1141,2631 1192,2632 1243,2633 1294,2634 1345,2634 1396,2635 1447,2636 1498,2636 1550,2637"/>
                <TextEquiv>
                    <Unicode>gehl, was dem Zuhörer ans Herz greift; aber von da an</Unicode>
                </TextEquiv>
            </TextLine>
            <TextLine id="r1l29" custom="readingOrder {index:28;}">
                <Coords points="510,2672 1558,2694 1558,2655 1489,2637 511,2642"/>
                <Baseline points="518,2676 569,2677 621,2677 672,2677 724,2676 776,2676 827,2676 879,2676 931,2676 982,2676 1034,2676 1086,2676 1137,2677 1189,2677 1241,2678 1292,2679 1344,2680 1396,2682 1447,2684 1499,2685 1551,2688"/>
                <TextEquiv>
                    <Unicode>geht's unrettbar abwärts und die wenigen schönen Momente,</Unicode>
                </TextEquiv>
            </TextLine>
            <TextLine id="r1l30" custom="readingOrder {index:29;}">
                <Coords points="520,2735 1559,2738 1536,2692 520,2687"/>
                <Baseline points="527,2721 578,2722 629,2723 680,2724 732,2725 783,2725 834,2726 885,2726 937,2726 988,2726 1039,2726 1090,2726 1142,2726 1193,2727 1244,2727 1295,2727 1347,2728 1398,2728 1449,2729 1500,2730 1552,2731"/>
                <TextEquiv>
                    <Unicode>die auftauchen, rücken den Theaterkitsch des Uebrigen nur</Unicode>
                </TextEquiv>
            </TextLine>
            <TextLine id="r1l31" custom="readingOrder {index:30;}">
                <Coords points="522,2774 1541,2805 1556,2756 522,2733"/>
                <Baseline points="529,2771 582,2771 636,2771 689,2772 743,2772 797,2772 850,2773 904,2773 958,2774 1011,2775 1065,2775 1118,2776 1172,2776 1226,2777 1279,2778 1333,2778 1387,2779 1440,2779 1494,2779 1548,2779"/>
                <TextEquiv>
                    <Unicode>noch in grelleres Licht. Die Darstellung tat alles, um die</Unicode>
                </TextEquiv>
            </TextLine>
            <TextLine id="r1l32" custom="readingOrder {index:31;}">
                <Coords points="524,2822 1558,2830 1558,2802 1427,2783 1280,2813 929,2774 524,2802"/>
                <Baseline points="531,2819 584,2819 638,2820 691,2820 745,2820 799,2821 852,2821 906,2821 960,2822 1013,2822 1067,2823 1120,2824 1174,2824 1228,2825 1281,2826 1335,2827 1389,2827 1442,2828 1496,2829 1550,2830"/>
                <TextEquiv>
                    <Unicode>Schwächen des Stückes zu übertünchen. Speziell Herr</Unicode>
                </TextEquiv>
            </TextLine>
            <TextLine id="r1l33" custom="readingOrder {index:32;}">
                <Coords points="520,2869 1556,2891 1500,2840 520,2823"/>
                <Baseline points="527,2870 578,2871 629,2872 680,2872 731,2873 782,2873 833,2873 884,2873 935,2873 986,2873 1038,2873 1089,2873 1140,2874 1191,2874 1242,2874 1293,2875 1344,2876 1395,2877 1446,2878 1497,2880 1549,2882"/>
                <TextEquiv>
                    <Unicode>Goetz syielte im ersten Akt den alten Rittmeister, der</Unicode>
                </TextEquiv>
            </TextLine>
            <TextLine id="r1l34" custom="readingOrder {index:33;}">
                <Coords points="516,2916 1555,2951 1555,2899 1503,2890 517,2867"/>
                <Baseline points="523,2918 574,2918 625,2918 676,2919 728,2919 779,2919 830,2920 881,2920 933,2920 984,2921 1035,2921 1086,2922 1138,2923 1189,2923 1240,2924 1291,2925 1343,2926 1394,2927 1445,2928 1496,2929 1548,2930"/>
                <TextEquiv>
                    <Unicode>totkrank am Leben hängt und seine Umgebung quält, groß¬</Unicode>
                </TextEquiv>
            </TextLine>
            <TextLine id="r1l35" custom="readingOrder {index:34;}">
                <Coords points="514,2978 1561,2975 1328,2928 515,2940"/>
                <Baseline points="521,2966 572,2967 624,2968 675,2969 727,2969 779,2969 830,2969 882,2969 934,2969 985,2969 1037,2969 1089,2969 1140,2970 1192,2970 1244,2971 1295,2971 1347,2972 1399,2973 1450,2975 1502,2977 1554,2979"/>
                <TextEquiv>
                    <Unicode>artig. Im zweiten Alt bildeten Herr Onno und Frau</Unicode>
                </TextEquiv>
            </TextLine>
            <TextLine id="r1l36" custom="readingOrder {index:35;}">
                <Coords points="517,3034 1530,3042 1560,2985 518,2979"/>
                <Baseline points="525,3015 576,3016 627,3018 679,3019 730,3020 781,3020 833,3020 884,3020 935,3020 987,3020 1038,3020 1089,3020 1141,3020 1192,3020 1243,3021 1295,3021 1346,3022 1397,3023 1449,3024 1500,3026 1552,3029"/>
                <TextEquiv>
                    <Unicode>Erika v. Wagner ein leidenschafterfülltes Duett und</Unicode>
                </TextEquiv>
            </TextLine>
            <TextLine id="r1l37" custom="readingOrder {index:36;}">
                <Coords points="517,3072 1518,3092 1552,3037 638,3015 517,3041"/>
                <Baseline points="523,3066 574,3065 625,3065 676,3065 727,3065 778,3065 829,3065 880,3066 931,3066 982,3066 1033,3067 1084,3068 1135,3068 1186,3069 1237,3070 1288,3070 1339,3071 1390,3072 1441,3072 1492,3073 1544,3073"/>
                <TextEquiv>
                    <Unicode>neben den Genannten bemühten sich die Damen Deuera,</Unicode>
                </TextEquiv>
            </TextLine>
            <TextLine id="r1l38" custom="readingOrder {index:37;}">
                <Coords points="530,3131 1552,3120 1313,3074 530,3077"/>
                <Baseline points="537,3115 587,3114 637,3114 688,3114 738,3114 789,3114 839,3114 889,3114 940,3114 990,3115 1041,3115 1091,3115 1141,3116 1192,3116 1242,3117 1293,3117 1343,3117 1393,3117 1444,3117 1494,3116 1545,3116"/>
                <TextEquiv>
                    <Unicode>Rosenquist und Thaller und die Herren Dan¬</Unicode>
                </TextEquiv>
            </TextLine>
            <TextLine id="r1l39" custom="readingOrder {index:38;}">
                <Coords points="520,3154 598,3185 1560,3163 1467,3121 521,3135"/>
                <Baseline points="527,3164 578,3164 629,3163 680,3163 732,3162 783,3163 834,3163 885,3163 937,3164 988,3164 1039,3165 1090,3165 1142,3166 1193,3166 1244,3167 1295,3168 1347,3168 1398,3168 1449,3169 1500,3169 1552,3169"/>
                <TextEquiv>
                    <Unicode>egger, Teubler, Werner=Kahle und Reh¬</Unicode>
                </TextEquiv>
            </TextLine>
            <TextLine id="r1l40" custom="readingOrder {index:39;}">
                <Coords points="516,3206 1201,3250 1567,3223 1567,3188 1383,3172 517,3170"/>
                <Baseline points="524,3211 575,3211 627,3211 679,3211 731,3211 783,3211 834,3212 886,3212 938,3212 990,3213 1042,3214 1093,3214 1145,3215 1197,3216 1249,3217 1301,3217 1352,3218 1404,3219 1456,3219 1508,3220 1560,3221"/>
                <TextEquiv>
                    <Unicode>berger mit dem Einsatz ihrer genzen künstlerischen Kraft</Unicode>
                </TextEquiv>
            </TextLine>
            <TextLine id="r1l41" custom="readingOrder {index:40;}">
                <Coords points="519,3264 613,3295 705,3268 798,3264 835,3284 858,3267 955,3266 955,3229 834,3221 778,3234 578,3220 520,3243"/>
                <Baseline points="526,3259 552,3260 578,3260 605,3261 631,3262 657,3262 684,3263 710,3263 737,3264 763,3265 789,3265 816,3265 842,3265 868,3265 895,3265 921,3264 948,3263"/>
                <TextEquiv>
                    <Unicode>um die andern Rollen.</Unicode>
                </TextEquiv>
            </TextLine>
            <TextLine id="r1l42" custom="readingOrder {index:41;}">
                <Coords points="1352,3258 1378,3276 1404,3276 1437,3304 1472,3299 1496,3306 1506,3298 1519,3306 1544,3303 1546,3224 1535,3221 1521,3234 1497,3231 1471,3242 1450,3241 1438,3228 1415,3240 1395,3238 1385,3228 1377,3235 1353,3230"/>
                <Baseline points="1359,3265 1384,3266 1410,3266 1435,3266 1461,3267 1486,3267 1512,3269 1538,3272"/>
                <TextEquiv>
                    <Unicode>treu-</Unicode>
                </TextEquiv>
            </TextLine>
            <TextEquiv>
                <Unicode>d

D
19. Der RiL   
29 4phll 1319
Konktat- Weiniat. Vin

Theater, Kunst und Musik.
Deutsches Volksthegter. Schnitzlers Schauspiel „Ver¬
Ruf des Lebens“ zählt irezneden besten Arbeiten
des Dichters. Eine schöne Idee wird hier unter einem
Berg von Schauerlichkeiten erdrückt. Im ersten Alt ver¬
giftet die Tochter den Vater, im zweiten erschießt ein
Oberst seine Frau und läßt ein ganzes Regiment in den
Tod reiten, um seine Ehre an dem Lentnant, der ihm die
Hörner aufgesetzt hat, zu rächen und im dritzen hat sich
der Leutuant und ein Kamerab erschossen und eite Tochter.
die sich prostituiert hat, um das Leben zu „genießen“,
kehrt krank heim, um zu sterben. Von elf handelnden
Personen sind, wenn der Vorhang zum letztenmal fällt,
vier tot. Das muß selbst dem anspruchsvollsten Gale#s
besucher genügen. Wenn man diese blutrünstigen drei Akte
an sich vorüberziehen läßt, ist es, als ob man in einem
alten Krakauer Kalender blättern und die Illustrationen
zu einer rührsamen Geschichte betrachten würde, zumal auch
ein „Forstadjunkt“ vorkommt, der dort nie fehlt. Das
Beste an dem Stück ist der erste Akt, in dem etwas vor¬
gehl, was dem Zuhörer ans Herz greift; aber von da an
geht's unrettbar abwärts und die wenigen schönen Momente,
die auftauchen, rücken den Theaterkitsch des Uebrigen nur
noch in grelleres Licht. Die Darstellung tat alles, um die
Schwächen des Stückes zu übertünchen. Speziell Herr
Goetz syielte im ersten Akt den alten Rittmeister, der
totkrank am Leben hängt und seine Umgebung quält, groß¬
artig. Im zweiten Alt bildeten Herr Onno und Frau
Erika v. Wagner ein leidenschafterfülltes Duett und
neben den Genannten bemühten sich die Damen Deuera,
Rosenquist und Thaller und die Herren Dan¬
egger, Teubler, Werner=Kahle und Reh¬
berger mit dem Einsatz ihrer genzen künstlerischen Kraft
um die andern Rollen.
treu-</Unicode>
            </TextEquiv>
        </TextRegion>
        <TextRegion orientation="0.0" id="r2" custom="readingOrder {index:1;}">
            <Coords points="1650,174 1650,332 2068,332 2068,174"/>
            <TextLine id="r2l1" custom="readingOrder {index:0;}">
                <Coords points="1643,293 1708,280 1729,294 1754,283 1822,293 1857,278 1893,294 1931,280 1976,295 2001,280 2075,280 2075,232 1995,205 1924,237 1880,225 1832,256 1799,230 1707,239 1673,220 1644,233"/>
                <Baseline points="1650,274 1676,276 1702,278 1728,278 1754,280 1780,280 1806,281 1832,281 1859,281 1885,282 1911,282 1937,281 1963,281 1989,281 2015,280 2041,279 2068,279"/>
                <TextEquiv>
                    <Unicode>box 24/5</Unicode>
                </TextEquiv>
            </TextLine>
            <TextEquiv>
                <Unicode>box 24/5</Unicode>
            </TextEquiv>
        </TextRegion>
        <TextRegion orientation="0.0" id="r3" custom="readingOrder {index:2;}">
            <Coords points="1957,1190 1957,3496 2884,3496 2884,1190"/>
            <TextLine id="r3l1" custom="readingOrder {index:0;}">
                <Coords points="2238,1236 2314,1254 2403,1222 2508,1271 2630,1261 2732,1283 2824,1265 2828,1227 2678,1197 2637,1210 2385,1172 2243,1177"/>
                <Baseline points="2247,1213 2275,1213 2304,1214 2332,1215 2361,1216 2389,1217 2418,1220 2446,1222 2475,1225 2503,1227 2532,1231 2560,1234 2589,1237 2617,1241 2646,1244 2674,1248 2703,1251 2731,1254 2760,1258 2788,1262 2817,1265"/>
                <TextEquiv>
                    <Unicode>Der Neun Tag Wien.</Unicode>
                </TextEquiv>
            </TextLine>
            <TextLine id="r3l2" custom="readingOrder {index:1;}">
                <Coords points="2118,1363 2710,1387 2777,1362 2778,1325 2447,1300 2338,1319 2119,1308"/>
                <Baseline points="2126,1356 2158,1357 2190,1358 2222,1359 2254,1360 2287,1361 2319,1362 2351,1363 2383,1364 2415,1365 2448,1365 2480,1366 2512,1367 2544,1367 2576,1367 2609,1368 2641,1368 2673,1368 2705,1368 2737,1368 2770,1368"/>
                <TextEquiv>
                    <Unicode>Deutsches Volkstheater.</Unicode>
                </TextEquiv>
            </TextLine>
            <TextLine id="r3l3" custom="readingOrder {index:2;}">
                <Coords points="2059,1420 2874,1435 2885,1396 2669,1371 2060,1381"/>
                <Baseline points="2066,1411 2106,1411 2147,1412 2187,1413 2228,1415 2268,1416 2309,1417 2349,1418 2390,1419 2430,1421 2471,1422 2512,1423 2552,1424 2593,1424 2633,1424 2674,1425 2714,1424 2755,1424 2795,1423 2836,1421 2877,1419"/>
                <TextEquiv>
                    <Unicode>„Der Ruf des Lebens“, ein Schau¬</Unicode>
                </TextEquiv>
            </TextLine>
            <TextLine id="r3l4" custom="readingOrder {index:3;}">
                <Coords points="1980,1455 2507,1501 2620,1468 2729,1499 2891,1468 2892,1443 1981,1421"/>
                <Baseline points="1988,1455 2032,1457 2077,1460 2122,1462 2167,1465 2212,1466 2256,1469 2301,1471 2346,1473 2391,1475 2436,1477 2480,1477 2525,1478 2570,1479 2615,1478 2660,1478 2704,1476 2749,1474 2794,1471 2839,1468 2884,1464"/>
                <TextEquiv>
                    <Unicode>spiel von Artur Schnitzlerist. in dem Jahr¬</Unicode>
                </TextEquiv>
            </TextLine>
            <TextLine id="r3l5" custom="readingOrder {index:4;}">
                <Coords points="1985,1520 2882,1519 2796,1474 2728,1499 2622,1468 2507,1500 2234,1468 1985,1483"/>
                <Baseline points="1992,1509 2036,1510 2080,1511 2124,1512 2168,1513 2212,1514 2256,1516 2301,1517 2345,1518 2389,1519 2433,1520 2477,1521 2521,1521 2565,1522 2610,1522 2654,1522 2698,1522 2742,1521 2786,1520 2830,1519 2875,1517"/>
                <TextEquiv>
                    <Unicode>zehnt, seit man es zum erstenmal gesehen,</Unicode>
                </TextEquiv>
            </TextLine>
            <TextLine id="r3l6" custom="readingOrder {index:5;}">
                <Coords points="1989,1565 2862,1577 2880,1519 1990,1520"/>
                <Baseline points="1996,1553 2039,1556 2083,1557 2127,1559 2171,1560 2215,1561 2258,1562 2302,1563 2346,1564 2390,1564 2434,1565 2477,1565 2521,1565 2565,1566 2609,1566 2653,1566 2696,1566 2740,1566 2784,1566 2828,1567 2872,1567"/>
                <TextEquiv>
                    <Unicode>poetisch recht sehr abgemagert. Unter der schlaff</Unicode>
                </TextEquiv>
            </TextLine>
            <TextLine id="r3l7" custom="readingOrder {index:6;}">
                <Coords points="1975,1604 2883,1634 2868,1571 1976,1570"/>
                <Baseline points="1982,1600 2026,1602 2071,1603 2116,1604 2160,1605 2205,1606 2250,1607 2294,1608 2339,1609 2384,1610 2429,1610 2473,1611 2518,1612 2563,1612 2607,1613 2652,1613 2697,1614 2741,1614 2786,1614 2831,1615 2876,1615"/>
                <TextEquiv>
                    <Unicode>gewordenen dichterischen Polsterung zeichnet sich</Unicode>
                </TextEquiv>
            </TextLine>
            <TextLine id="r3l8" custom="readingOrder {index:7;}">
                <Coords points="1982,1640 2143,1678 2832,1676 2890,1660 2891,1633 1983,1611"/>
                <Baseline points="1990,1644 2034,1647 2079,1650 2124,1652 2168,1654 2213,1656 2258,1657 2302,1658 2347,1658 2392,1659 2437,1659 2481,1659 2526,1659 2571,1659 2615,1659 2660,1659 2705,1659 2749,1658 2794,1658 2839,1658 2884,1659"/>
                <TextEquiv>
                    <Unicode>das theatralische Skelett mit erschreckender</Unicode>
                </TextEquiv>
            </TextLine>
            <TextLine id="r3l9" custom="readingOrder {index:8;}">
                <Coords points="1978,1703 2805,1729 2886,1704 2887,1663 2136,1677 1979,1638"/>
                <Baseline points="1985,1692 2029,1695 2074,1696 2119,1699 2163,1700 2208,1701 2253,1703 2297,1704 2342,1704 2387,1705 2432,1706 2476,1706 2521,1706 2566,1707 2610,1707 2655,1707 2700,1707 2744,1708 2789,1708 2834,1708 2879,1708"/>
                <TextEquiv>
                    <Unicode>Schärse ab. Der Aufwand an Tod und Mord</Unicode>
                </TextEquiv>
            </TextLine>
            <TextLine id="r3l10" custom="readingOrder {index:9;}">
                <Coords points="1973,1743 2105,1770 2159,1744 2233,1770 2868,1765 2849,1717 1973,1704"/>
                <Baseline points="1980,1743 2024,1746 2068,1748 2112,1749 2156,1750 2200,1751 2244,1752 2288,1752 2332,1752 2376,1753 2420,1753 2464,1753 2508,1753 2552,1753 2596,1753 2640,1754 2684,1755 2728,1755 2772,1757 2816,1758 2861,1760"/>
                <TextEquiv>
                    <Unicode>hat was Nestroyisch Splendides. Schwindsucht,</Unicode>
                </TextEquiv>
            </TextLine>
            <TextLine id="r3l11" custom="readingOrder {index:10;}">
                <Coords points="1986,1789 2764,1822 2874,1810 2875,1783 1987,1751"/>
                <Baseline points="1993,1794 2036,1794 2080,1795 2124,1795 2167,1796 2211,1796 2255,1797 2298,1798 2342,1798 2386,1799 2430,1800 2473,1801 2517,1801 2561,1802 2604,1803 2648,1804 2692,1804 2735,1805 2779,1805 2823,1806 2867,1806"/>
                <TextEquiv>
                    <Unicode>Ehre, Melancholie, Liebe, Gift und Revolver,</Unicode>
                </TextEquiv>
            </TextLine>
            <TextLine id="r3l12" custom="readingOrder {index:11;}">
                <Coords points="1975,1852 2885,1859 2885,1813 2819,1806 2246,1818 1976,1788"/>
                <Baseline points="1982,1843 2026,1843 2071,1844 2116,1844 2161,1845 2206,1845 2250,1846 2295,1847 2340,1848 2385,1848 2430,1849 2474,1850 2519,1850 2564,1851 2609,1851 2654,1851 2698,1851 2743,1851 2788,1851 2833,1850 2878,1849"/>
                <TextEquiv>
                    <Unicode>Zapsenstreich und Blüten im Haar: en wird</Unicode>
                </TextEquiv>
            </TextLine>
            <TextLine id="r3l13" custom="readingOrder {index:12;}">
                <Coords points="1976,1887 2834,1917 2879,1914 2880,1885 2777,1851 1976,1851"/>
                <Baseline points="1983,1888 2027,1889 2072,1892 2116,1894 2161,1895 2205,1896 2250,1897 2294,1898 2339,1898 2383,1899 2428,1899 2472,1899 2517,1899 2561,1899 2606,1899 2650,1899 2695,1899 2739,1899 2784,1899 2828,1899 2873,1899"/>
                <TextEquiv>
                    <Unicode>üppig gewirtschaftet in diesem bürgerlichen</Unicode>
                </TextEquiv>
            </TextLine>
            <TextLine id="r3l14" custom="readingOrder {index:13;}">
                <Coords points="1976,1936 2863,1963 2881,1915 1977,1888"/>
                <Baseline points="1983,1936 2027,1937 2072,1938 2116,1940 2161,1940 2205,1941 2250,1942 2294,1943 2339,1944 2383,1944 2428,1945 2472,1945 2517,1945 2561,1946 2606,1946 2650,1946 2695,1946 2739,1947 2784,1947 2828,1947 2873,1947"/>
                <TextEquiv>
                    <Unicode>Trauerspiel. Larmoyanies versteckt sich hinter</Unicode>
                </TextEquiv>
            </TextLine>
            <TextLine id="r3l15" custom="readingOrder {index:14;}">
                <Coords points="1980,1988 2874,1997 2874,1959 2825,1950 2301,1944 2245,1973 1981,1938"/>
                <Baseline points="1987,1983 2031,1984 2075,1985 2119,1987 2163,1988 2207,1989 2251,1990 2295,1990 2339,1991 2383,1991 2427,1991 2471,1992 2515,1992 2559,1992 2603,1993 2647,1993 2691,1993 2735,1994 2779,1994 2823,1995 2867,1995"/>
                <TextEquiv>
                    <Unicode>Brutalitäten, Theatereffekt hinter, Wortge¬</Unicode>
                </TextEquiv>
            </TextLine>
            <TextLine id="r3l16" custom="readingOrder {index:15;}">
                <Coords points="1969,2029 2870,2057 2870,2013 2693,1993 1969,2015"/>
                <Baseline points="1977,2032 2021,2033 2065,2034 2109,2035 2154,2036 2198,2036 2242,2037 2287,2037 2331,2038 2375,2038 2420,2038 2464,2039 2508,2039 2552,2039 2597,2039 2641,2039 2685,2040 2730,2040 2774,2040 2818,2041 2863,2041"/>
                <TextEquiv>
                    <Unicode>zärtel, das heutigen Ohren so dünn und schnörke¬</Unicode>
                </TextEquiv>
            </TextLine>
            <TextLine id="r3l17" custom="readingOrder {index:16;}">
                <Coords points="1973,2079 2869,2103 2869,2059 2824,2050 1974,2041"/>
                <Baseline points="1981,2079 2025,2080 2069,2081 2113,2083 2157,2083 2201,2084 2245,2085 2289,2085 2333,2085 2377,2086 2421,2086 2465,2086 2509,2086 2553,2087 2597,2087 2641,2088 2685,2088 2729,2089 2773,2090 2817,2091 2861,2093"/>
                <TextEquiv>
                    <Unicode>lig klingt, als käm' es aus einer alten Spieldose.</Unicode>
                </TextEquiv>
            </TextLine>
            <TextLine id="r3l18" custom="readingOrder {index:17;}">
                <Coords points="1978,2125 2813,2156 2880,2133 2851,2097 1978,2090"/>
                <Baseline points="1985,2127 2029,2128 2073,2129 2118,2130 2162,2131 2207,2132 2251,2133 2295,2133 2340,2134 2384,2134 2429,2135 2473,2135 2517,2135 2562,2136 2606,2136 2651,2137 2695,2137 2739,2138 2784,2139 2828,2139 2873,2140"/>
                <TextEquiv>
                    <Unicode>Und was ist das Produkt solcher Paarung von</Unicode>
                </TextEquiv>
            </TextLine>
            <TextLine id="r3l19" custom="readingOrder {index:18;}">
                <Coords points="1970,2176 2878,2190 2784,2138 1971,2137"/>
                <Baseline points="1977,2174 2021,2175 2066,2176 2111,2177 2155,2178 2200,2179 2245,2179 2289,2180 2334,2181 2379,2182 2424,2182 2468,2183 2513,2184 2558,2184 2602,2185 2647,2185 2692,2186 2736,2186 2781,2187 2826,2187 2871,2187"/>
                <TextEquiv>
                    <Unicode>Kraft und Milde? Stimmung! Traurige, schöne,</Unicode>
                </TextEquiv>
            </TextLine>
            <TextLine id="r3l20" custom="readingOrder {index:19;}">
                <Coords points="1979,2230 2551,2256 2879,2227 2879,2186 1980,2188"/>
                <Baseline points="1986,2223 2030,2223 2074,2224 2118,2224 2163,2225 2207,2226 2251,2226 2296,2227 2340,2228 2384,2228 2429,2229 2473,2229 2517,2230 2561,2230 2606,2231 2650,2231 2694,2231 2739,2231 2783,2231 2827,2231 2872,2230"/>
                <TextEquiv>
                    <Unicode>genußreich=wehmütige Stimmung. Bei Schnitz¬</Unicode>
                </TextEquiv>
            </TextLine>
            <TextLine id="r3l21" custom="readingOrder {index:20;}">
                <Coords points="1970,2263 2881,2294 2881,2250 2802,2238 1970,2237"/>
                <Baseline points="1977,2270 2021,2271 2066,2272 2111,2274 2156,2275 2201,2276 2246,2277 2290,2278 2335,2278 2380,2279 2425,2279 2470,2280 2515,2280 2560,2280 2604,2280 2649,2280 2694,2280 2739,2279 2784,2279 2829,2278 2874,2277"/>
                <TextEquiv>
                    <Unicode>ler duften die Friedhöfe, und der Ruf des</Unicode>
                </TextEquiv>
            </TextLine>
            <TextLine id="r3l22" custom="readingOrder {index:21;}">
                <Coords points="1968,2323 2437,2326 2493,2351 2872,2330 2860,2285 1968,2281"/>
                <Baseline points="1975,2319 2019,2319 2064,2320 2108,2320 2153,2321 2197,2322 2242,2323 2286,2324 2331,2325 2375,2326 2420,2327 2464,2328 2509,2329 2553,2329 2598,2330 2642,2330 2687,2329 2731,2329 2776,2328 2820,2327 2865,2325"/>
                <TextEquiv>
                    <Unicode>Lebens hat Viola=Timöre. — Jetzt spielt Herr</Unicode>
                </TextEquiv>
            </TextLine>
            <TextLine id="r3l23" custom="readingOrder {index:22;}">
                <Coords points="1966,2363 2874,2395 2875,2330 2738,2352 1967,2331"/>
                <Baseline points="1973,2366 2017,2367 2062,2367 2107,2368 2151,2369 2196,2370 2241,2371 2285,2371 2330,2372 2375,2373 2420,2374 2464,2374 2509,2375 2554,2375 2598,2376 2643,2376 2688,2377 2732,2377 2777,2377 2822,2377 2867,2377"/>
                <TextEquiv>
                    <Unicode>Orno den Lentnant Max. Es ist nicht gerade</Unicode>
                </TextEquiv>
            </TextLine>
            <TextLine id="r3l24" custom="readingOrder {index:23;}">
                <Coords points="1963,2419 2577,2426 2698,2454 2870,2433 2870,2396 2800,2381 2191,2393 1964,2362"/>
                <Baseline points="1971,2416 2015,2417 2060,2417 2104,2417 2149,2418 2194,2419 2238,2419 2283,2420 2327,2420 2372,2421 2417,2421 2461,2422 2506,2422 2550,2423 2595,2423 2640,2423 2684,2423 2729,2423 2773,2423 2818,2423 2863,2422"/>
                <TextEquiv>
                    <Unicode>seine Rolle, aber er füllt mit der schönen In¬</Unicode>
                </TextEquiv>
            </TextLine>
            <TextLine id="r3l25" custom="readingOrder {index:24;}">
                <Coords points="1966,2465 2571,2485 2615,2458 2777,2493 2871,2483 2872,2439 1967,2418"/>
                <Baseline points="1973,2466 2017,2466 2062,2467 2106,2467 2151,2468 2196,2469 2240,2469 2285,2470 2329,2470 2374,2471 2419,2471 2463,2472 2508,2472 2552,2472 2597,2472 2642,2473 2686,2473 2731,2472 2775,2472 2820,2472 2865,2472"/>
                <TextEquiv>
                    <Unicode>brunst seines Tons und Wesens die knappe</Unicode>
                </TextEquiv>
            </TextLine>
            <TextLine id="r3l26" custom="readingOrder {index:25;}">
                <Coords points="1959,2516 2872,2523 2855,2476 2775,2494 2614,2461 2573,2487 1960,2468"/>
                <Baseline points="1967,2515 2011,2514 2056,2513 2101,2513 2146,2513 2191,2513 2236,2514 2281,2515 2326,2515 2371,2516 2416,2517 2460,2518 2505,2518 2550,2519 2595,2520 2640,2520 2685,2521 2730,2521 2775,2521 2820,2520 2865,2520"/>
                <TextEquiv>
                    <Unicode>Bühnenviertelstunde dieses vom Tod glacierten</Unicode>
                </TextEquiv>
            </TextLine>
            <TextLine id="r3l27" custom="readingOrder {index:26;}">
                <Coords points="1960,2567 2870,2580 2846,2527 1961,2518"/>
                <Baseline points="1968,2560 2012,2561 2057,2562 2102,2563 2147,2564 2191,2564 2236,2565 2281,2565 2326,2565 2370,2565 2415,2565 2460,2566 2505,2566 2549,2566 2594,2567 2639,2567 2684,2567 2728,2568 2773,2569 2818,2570 2863,2571"/>
                <TextEquiv>
                    <Unicode>Liebhabers. Fr. Wagner ist die meteorgleich</Unicode>
                </TextEquiv>
            </TextLine>
            <TextLine id="r3l28" custom="readingOrder {index:27;}">
                <Coords points="1959,2625 2874,2641 2875,2583 2287,2561 1959,2583"/>
                <Baseline points="1966,2609 2011,2610 2056,2610 2101,2611 2146,2611 2191,2612 2236,2612 2281,2613 2326,2614 2371,2615 2416,2615 2461,2616 2506,2616 2551,2617 2596,2617 2641,2617 2686,2618 2731,2618 2776,2618 2821,2617 2867,2617"/>
                <TextEquiv>
                    <Unicode>erscheinende sündige Obristin. Sie flammt und</Unicode>
                </TextEquiv>
            </TextLine>
            <TextLine id="r3l29" custom="readingOrder {index:28;}">
                <Coords points="1954,2652 2040,2676 2875,2664 2836,2627 1954,2627"/>
                <Baseline points="1961,2660 2006,2660 2051,2660 2096,2660 2142,2661 2187,2661 2232,2661 2278,2662 2323,2662 2368,2663 2414,2664 2459,2664 2504,2665 2549,2665 2595,2665 2640,2666 2685,2666 2731,2666 2776,2666 2821,2666 2867,2666"/>
                <TextEquiv>
                    <Unicode>verlöscht vortrefflich. Frl. Rosenquist spielt</Unicode>
                </TextEquiv>
            </TextLine>
            <TextLine id="r3l30" custom="readingOrder {index:29;}">
                <Coords points="1965,2707 2584,2714 2737,2748 2873,2714 2861,2666 1965,2667"/>
                <Baseline points="1972,2703 2016,2705 2061,2706 2106,2707 2150,2707 2195,2708 2240,2708 2284,2709 2329,2709 2374,2709 2419,2709 2463,2709 2508,2709 2553,2709 2597,2710 2642,2710 2687,2711 2731,2711 2776,2713 2821,2714 2866,2716"/>
                <TextEquiv>
                    <Unicode>das lebenshungrig-phtysische Mädchen, die Motte,</Unicode>
                </TextEquiv>
            </TextLine>
            <TextLine id="r3l31" custom="readingOrder {index:30;}">
                <Coords points="1964,2754 2788,2782 2874,2771 2875,2733 1964,2720"/>
                <Baseline points="1971,2753 2015,2753 2060,2754 2105,2754 2150,2755 2195,2755 2239,2756 2284,2756 2329,2757 2374,2757 2419,2758 2463,2759 2508,2759 2553,2759 2598,2760 2643,2760 2687,2760 2732,2761 2777,2761 2822,2761 2867,2760"/>
                <TextEquiv>
                    <Unicode>die gebannt ums Dunkel schwirrt. Ihre</Unicode>
                </TextEquiv>
            </TextLine>
            <TextLine id="r3l32" custom="readingOrder {index:31;}">
                <Coords points="1964,2804 2871,2819 2871,2771 2743,2758 2077,2777 1964,2753"/>
                <Baseline points="1971,2802 2015,2802 2060,2802 2104,2801 2149,2802 2194,2802 2238,2802 2283,2802 2327,2803 2372,2803 2417,2803 2461,2804 2506,2804 2550,2805 2595,2805 2640,2805 2684,2805 2729,2806 2773,2806 2818,2805 2863,2805"/>
                <TextEquiv>
                    <Unicode>huschende, lautlose Fröhlichkeit hat was Rühren¬</Unicode>
                </TextEquiv>
            </TextLine>
            <TextLine id="r3l33" custom="readingOrder {index:32;}">
                <Coords points="1965,2848 2871,2879 2871,2820 2715,2807 1965,2805"/>
                <Baseline points="1971,2848 2015,2849 2060,2849 2104,2849 2149,2850 2194,2850 2238,2851 2283,2851 2328,2852 2372,2852 2417,2853 2462,2853 2506,2853 2551,2854 2596,2854 2640,2854 2685,2854 2730,2854 2774,2854 2819,2854 2864,2854"/>
                <TextEquiv>
                    <Unicode>des. Frl. Denera ist für die leidenschaftliche</Unicode>
                </TextEquiv>
            </TextLine>
            <TextLine id="r3l34" custom="readingOrder {index:33;}">
                <Coords points="1955,2894 2809,2926 2870,2904 2870,2876 2776,2859 1955,2856"/>
                <Baseline points="1962,2899 2007,2898 2052,2898 2097,2898 2142,2898 2187,2898 2232,2898 2277,2898 2322,2899 2367,2899 2412,2899 2457,2900 2502,2901 2547,2901 2592,2902 2637,2903 2682,2904 2727,2905 2772,2906 2817,2907 2863,2908"/>
                <TextEquiv>
                    <Unicode>Helhin des Stückes, für das bittersüße Mädel,</Unicode>
                </TextEquiv>
            </TextLine>
            <TextLine id="r3l35" custom="readingOrder {index:34;}">
                <Coords points="1961,2945 2863,2964 2863,2925 2787,2909 1961,2903"/>
                <Baseline points="1967,2948 2011,2947 2055,2947 2100,2947 2144,2947 2189,2947 2233,2947 2278,2947 2322,2948 2367,2948 2411,2948 2455,2949 2500,2949 2544,2949 2589,2950 2633,2950 2678,2950 2722,2951 2767,2951 2811,2951 2856,2951"/>
                <TextEquiv>
                    <Unicode>doch um einiges zu streng und herb. Eine her¬</Unicode>
                </TextEquiv>
            </TextLine>
            <TextLine id="r3l36" custom="readingOrder {index:35;}">
                <Coords points="1953,2989 2870,3022 2870,2960 1954,2958"/>
                <Baseline points="1960,2991 2005,2992 2050,2993 2095,2994 2140,2995 2185,2996 2230,2996 2276,2997 2321,2997 2366,2998 2411,2998 2456,2999 2501,2999 2546,2999 2592,2999 2637,2999 2682,2998 2727,2998 2772,2998 2817,2997 2863,2996"/>
                <TextEquiv>
                    <Unicode>vorragende Leistung der „alte böse Mann“ des</Unicode>
                </TextEquiv>
            </TextLine>
            <TextLine id="r3l37" custom="readingOrder {index:36;}">
                <Coords points="1961,3042 2744,3070 2874,3049 2863,3001 1962,3010"/>
                <Baseline points="1969,3043 2013,3042 2058,3042 2103,3042 2148,3042 2193,3043 2238,3043 2282,3044 2327,3044 2372,3045 2417,3045 2462,3046 2507,3046 2552,3047 2596,3047 2641,3047 2686,3046 2731,3046 2776,3045 2821,3044 2866,3042"/>
                <TextEquiv>
                    <Unicode>Herrn Götz. Man mochte in manchem Augen¬</Unicode>
                </TextEquiv>
            </TextLine>
            <TextLine id="r3l38" custom="readingOrder {index:37;}">
                <Coords points="1956,3099 2825,3108 2873,3075 2863,3048 2518,3073 2477,3040 2247,3070 1957,3038"/>
                <Baseline points="1964,3090 2009,3090 2054,3090 2099,3090 2144,3091 2189,3091 2234,3092 2279,3092 2324,3093 2369,3094 2415,3094 2460,3094 2505,3095 2550,3095 2595,3095 2640,3095 2685,3095 2730,3094 2775,3093 2820,3092 2866,3091"/>
                <TextEquiv>
                    <Unicode>blick an Oskar Sauer denken. Herr Werner¬</Unicode>
                </TextEquiv>
            </TextLine>
            <TextLine id="r3l39" custom="readingOrder {index:38;}">
                <Coords points="1953,3136 2861,3147 2861,3114 2806,3101 1953,3107"/>
                <Baseline points="1960,3136 2004,3136 2049,3137 2094,3137 2138,3137 2183,3138 2228,3138 2272,3139 2317,3139 2362,3140 2407,3140 2451,3141 2496,3141 2541,3141 2585,3142 2630,3142 2675,3142 2719,3141 2764,3141 2809,3141 2854,3140"/>
                <TextEquiv>
                    <Unicode>Kahle mim. den unheimlichen Obristen. Ein¬</Unicode>
                </TextEquiv>
            </TextLine>
            <TextLine id="r3l40" custom="readingOrder {index:39;}">
                <Coords points="1955,3194 2522,3176 2561,3205 2604,3184 2764,3208 2860,3187 2861,3151 1955,3143"/>
                <Baseline points="1962,3187 2006,3187 2051,3187 2095,3187 2140,3187 2184,3187 2229,3188 2273,3188 2318,3188 2362,3188 2407,3189 2452,3189 2496,3189 2541,3190 2585,3190 2630,3190 2674,3190 2719,3190 2763,3189 2808,3189 2853,3188"/>
                <TextEquiv>
                    <Unicode>fachheit ist schon recht, aber so trocken-spröd</Unicode>
                </TextEquiv>
            </TextLine>
            <TextLine id="r3l41" custom="readingOrder {index:40;}">
                <Coords points="1956,3254 2272,3229 2319,3255 2737,3256 2855,3244 2856,3211 2605,3184 2548,3205 2517,3177 2337,3205 1956,3193"/>
                <Baseline points="1963,3236 2007,3235 2051,3234 2095,3234 2140,3234 2184,3234 2228,3234 2273,3234 2317,3234 2361,3235 2406,3235 2450,3236 2494,3236 2538,3237 2583,3237 2627,3238 2671,3238 2716,3238 2760,3238 2804,3238 2849,3238"/>
                <TextEquiv>
                    <Unicode>lassen sich derlei tragische Sachen doch kaum er¬</Unicode>
                </TextEquiv>
            </TextLine>
            <TextLine id="r3l42" custom="readingOrder {index:41;}">
                <Coords points="1956,3293 2860,3300 2831,3249 1957,3253"/>
                <Baseline points="1963,3284 2007,3282 2052,3280 2096,3280 2141,3279 2185,3279 2230,3279 2274,3280 2319,3281 2363,3282 2408,3282 2452,3283 2497,3285 2541,3286 2586,3287 2630,3287 2675,3288 2719,3288 2764,3288 2808,3287 2853,3286"/>
                <TextEquiv>
                    <Unicode>ledigen. Dieser Oberst knallt seine Frau so à</Unicode>
                </TextEquiv>
            </TextLine>
            <TextLine id="r3l43" custom="readingOrder {index:42;}">
                <Coords points="1949,3337 2759,3355 2857,3332 2858,3307 1950,3301"/>
                <Baseline points="1957,3331 2001,3329 2046,3328 2090,3328 2135,3328 2180,3328 2224,3328 2269,3329 2314,3330 2358,3331 2403,3332 2448,3333 2492,3334 2537,3335 2582,3336 2626,3336 2671,3336 2716,3336 2760,3335 2805,3334 2850,3332"/>
                <TextEquiv>
                    <Unicode>propos nieder, mit einem solchen Phlegma —</Unicode>
                </TextEquiv>
            </TextLine>
            <TextLine id="r3l44" custom="readingOrder {index:43;}">
                <Coords points="1962,3392 2690,3379 2797,3402 2856,3394 2857,3334 1963,3336"/>
                <Baseline points="1969,3375 2013,3375 2057,3375 2101,3376 2145,3376 2189,3377 2233,3377 2277,3378 2321,3379 2365,3379 2409,3380 2453,3381 2497,3382 2541,3382 2585,3383 2629,3384 2673,3384 2717,3385 2761,3385 2805,3385 2849,3385"/>
                <TextEquiv>
                    <Unicode>ich glaube, beim Scheibenschießen könnte er nicht</Unicode>
                </TextEquiv>
            </TextLine>
            <TextLine id="r3l45" custom="readingOrder {index:44;}">
                <Coords points="1964,3449 2176,3430 2699,3467 2856,3438 2856,3395 2825,3387 1965,3391"/>
                <Baseline points="1971,3425 2014,3425 2058,3426 2102,3426 2146,3427 2190,3428 2234,3429 2277,3429 2321,3430 2365,3431 2409,3431 2453,3432 2497,3432 2541,3433 2584,3433 2628,3433 2672,3433 2716,3433 2760,3432 2804,3431 2848,3431"/>
                <TextEquiv>
                    <Unicode>anders sein. Grad, daß er nicht nachher jodelt.</Unicode>
                </TextEquiv>
            </TextLine>
            <TextLine id="r3l46" custom="readingOrder {index:45;}">
                <Coords points="2712,3493 2726,3496 2748,3481 2774,3494 2788,3484 2796,3493 2809,3498 2834,3490 2834,3473 2810,3472 2781,3442 2772,3438 2753,3450 2743,3449 2737,3443 2712,3450"/>
                <Baseline points="2718,3484 2745,3484 2772,3484 2799,3483 2827,3485"/>
                <TextEquiv>
                    <Unicode>a. P.</Unicode>
                </TextEquiv>
            </TextLine>
            <TextEquiv>
                <Unicode>Der Neun Tag Wien.
Deutsches Volkstheater.
„Der Ruf des Lebens“, ein Schau¬
spiel von Artur Schnitzlerist. in dem Jahr¬
zehnt, seit man es zum erstenmal gesehen,
poetisch recht sehr abgemagert. Unter der schlaff
gewordenen dichterischen Polsterung zeichnet sich
das theatralische Skelett mit erschreckender
Schärse ab. Der Aufwand an Tod und Mord
hat was Nestroyisch Splendides. Schwindsucht,
Ehre, Melancholie, Liebe, Gift und Revolver,
Zapsenstreich und Blüten im Haar: en wird
üppig gewirtschaftet in diesem bürgerlichen
Trauerspiel. Larmoyanies versteckt sich hinter
Brutalitäten, Theatereffekt hinter, Wortge¬
zärtel, das heutigen Ohren so dünn und schnörke¬
lig klingt, als käm' es aus einer alten Spieldose.
Und was ist das Produkt solcher Paarung von
Kraft und Milde? Stimmung! Traurige, schöne,
genußreich=wehmütige Stimmung. Bei Schnitz¬
ler duften die Friedhöfe, und der Ruf des
Lebens hat Viola=Timöre. — Jetzt spielt Herr
Orno den Lentnant Max. Es ist nicht gerade
seine Rolle, aber er füllt mit der schönen In¬
brunst seines Tons und Wesens die knappe
Bühnenviertelstunde dieses vom Tod glacierten
Liebhabers. Fr. Wagner ist die meteorgleich
erscheinende sündige Obristin. Sie flammt und
verlöscht vortrefflich. Frl. Rosenquist spielt
das lebenshungrig-phtysische Mädchen, die Motte,
die gebannt ums Dunkel schwirrt. Ihre
huschende, lautlose Fröhlichkeit hat was Rühren¬
des. Frl. Denera ist für die leidenschaftliche
Helhin des Stückes, für das bittersüße Mädel,
doch um einiges zu streng und herb. Eine her¬
vorragende Leistung der „alte böse Mann“ des
Herrn Götz. Man mochte in manchem Augen¬
blick an Oskar Sauer denken. Herr Werner¬
Kahle mim. den unheimlichen Obristen. Ein¬
fachheit ist schon recht, aber so trocken-spröd
lassen sich derlei tragische Sachen doch kaum er¬
ledigen. Dieser Oberst knallt seine Frau so à
propos nieder, mit einem solchen Phlegma —
ich glaube, beim Scheibenschießen könnte er nicht
anders sein. Grad, daß er nicht nachher jodelt.
a. P.</Unicode>
            </TextEquiv>
        </TextRegion>
    </Page>
</PcGts>
