3484 4352
1541 167 2010 254 box 24/3
246 170 1403 267 19 Der Ruf des Lebens
1063 894 1237 985 1200
1072 974 2476 1048 und matt in der Farbe, und der gutmütige, bekränzte Stier dahinter
1075 1030 2478 1085 ist gar so zahm; Papa Zeus war bei dem Raub der Schönen
1084 1080 2496 1156 denn doch etwas stürmischer! Die „Maria“ von L. Vesco ist ein
1082 1121 2488 1198 ganz gemütliches Dorfdirndl: im Hintergrund ist ja ihre Heimat mit
1078 1169 2500 1243 schlichten Bauernhäusern zu sehen. „Marie“ ohne Reiflein über dem
1077 1237 1988 1308 Kopf, hätte als Bezeichnung besser gepaßt.
1207 1266 2494 1345 Unter den Radierungen und anderen graphischen Arbeiten
1089 1338 2488 1415 sind besonders die Namen F. Michl, Jilowsky und Fr. Simon zu
1074 1392 1322 1462 vermerken.
1212 1413 2492 1494 In der Plastik hat Fr. Barwig wieder eine Reihe von Tier¬
1090 1471 2502 1541 stücken in seiner stilistischen Art ausgestellt. Oft begnügt sich der
1077 1517 2505 1581 Künstler bloß mit roher Bossierung und erzielt mit seinem
1078 1585 2488 1635 virtnosen Schnitt eine treffliche Wirkung. Eine köstliche Gesellschaft
1084 1621 2508 1682 von kleinen, bemalten Figürchen hat übrigens Barwig im Vereine
1090 1691 2500 1743 mit dem Maler Wilke gebracht, wie „Serenissimus durch Kinder¬
1081 1712 2512 1784 mann einem Bürgermeister vorgestellt wird". Es ist Originalität,
1078 1776 2505 1843 viel Witz und Humor in diesen kleinen Charaktergestalten; eine heitere
1092 1838 1822 1902 Spielerei auch für große Kinder!
1213 1855 2496 1931 Im Annex der Ausstellung der Mitglieder hat der „Bund
1099 1919 2495 1975 der zeichnenden Künstler“ in München eine Kollektivausstellung von
1090 1976 2507 2030 Handzeichnungen, Holzschnitten, Radierungen und anderen Graphiken
1096 2005 2500 2092 angeschlossen, in der besonders die Arbeiten von Ernst Liebermann,
1095 2073 2484 2132 Hans Neumann, Ernst Kreidolf und Dav. Staschni vorteilhaft auf¬
1096 2126 2499 2186 fallen. Originell ist die Radierung von Alb. Welti im Hollenbreughel¬
1094 2176 1565 2250 Stil des „Ehehafen“.
2221 2177 2470 2255 Jos. Langl.
720 2217 1051 2381 60
1099 2356 2325 2444 Artur Schnitzlers Der Ruf des Tebens“
1100 2421 2181 2512 (Zur Erstaufführung am Deutschen Volkstheater, 11. Dezember.)
1209 2485 2504 2561 Nicht der Ruf des Lebens, das Rufen des Lebens ist's, das
733 2418 1043 2619 770
1101 2556 2508 2622 uns Schnitzler in seinem neuen Stück hören lassen will. Eine ganze
1103 2601 2520 2672 Polyphonie, ein Knäuel von Tönen, alle aber von einer Grundnote
1100 2644 2512 2717 beherrscht — dem Notschrei des Lebens. Marie Moser ist ein sechs¬
1097 2702 2519 2772 undzwanzigjähriges, schönes Mädchen. Sie hat noch nie die Wonne
1104 2752 2518 2819 der Jugend gekostet aber schon das herbe Leid des Lebens. Denn sie ist
1103 2794 2522 2867 die Tochter des Rittmeisters a. D. Moser, eines bösen, selbstischen,
1110 2866 2508 2920 launenhaften Mannes. Er hat seine Frau bis in den Tod ge¬
1099 2889 2519 2978 peinigt, jetzt ist es an der Tochter, den Kelch der Bitterkeit zus
1106 2946 2527 3007 trinken. Er ist alt und krank, unrettbar, und klammert sich mit
1115 2990 2514 3068 der ganzen animalischen Angst eines Sterbenden an das letzte
1116 3047 2518 3118 Restchen Leben. Seine Tochter ist seine Pflegerin, nein, seine Ge¬
1112 3090 2517 3157 fangene. Er gönnt ihr nicht ihre Jugend, ihre Sonne, ihre Zu¬
1106 3159 2521 3214 kunft. Warum du und nicht ich? Warum muß ich sterben? Diese
1118 3191 2521 3265 unerbittliche Frage übertönt alle anderen Gefühle. Er möchte mit
1110 3251 2527 3319 sich am liebsten die ganze Welt mit ins Grab ziehen. Und den Haß
1109 3287 2527 3356 des Scheidenden gegen die Bleibenden, des Unterliegenden gegen
1109 3347 2524 3428 den Sieger konzentriert er auf seine Tochter Marie, die er um ihr
1122 3391 2519 3457 bißchen Lebensglück bringen möchte. Wie sie danach hungert! Sie
1124 3434 2534 3510 ist ja schon sechsundzwanzig und hat noch nie geliebt! Nur vor sich
