3248 4352
1565 200 2023 295 box 24/4
259 216 1412 326 19. Der Ruf des Lebens
1270 408 1558 474 Wenden!
1770 419 2158 500 Telephon 12801.
1935 494 2169 586 De
1233 538 2083 644 „OBSEKVEK
1318 625 2121 693 I. österr. behördl. konz. Unternehmen
1236 674 2165 738 für Zeitungs-Ausschnitte und Bibliographien
1309 725 2135 807 Wien, I. Concordiaplatz 4
1525 805 1903 872 Vertretungen
1250 844 2159 907 in Berlin, Budapest, Chicago, Christiania, Genk,
1241 895 2160 945 Kopenhagen, London, Madrid, Mailand, Minne¬
1255 940 2161 998 apolis, New-York, Paris, Rom, San Francisco,
1455 983 1957 1047 Stockholm, St. Petersburg.
1457 1031 1952 1106 (Quellenangahe ohne Gewähr.)
1244 1091 1640 1180 Ausschnitt aus:
1539 1186 2237 1287 Revalsche Zeiung
1251 1213 1556 1285 vomA S MRLL
1241 1353 2301 1443 Vrer=Roseutg ½0.. „
1257 1393 1526 1487 [Lulher.
1322 1433 2307 1515 Theaker. „Dir Rufdes Lebens“, Schau¬
1263 1493 2315 1558 piel in 3 Akten von Arthur Schnitzler. Schon
1273 1543 2319 1621 haus der gestern von uns gebrachten eingehenden In¬
1276 1598 2324 1686 haltsangabe des Stückes wird sich für den auf¬
1258 1666 2316 1722 merksamen Leser mancherlei ergeben haben, was unser
1266 1704 2321 1776 hartes Urteil erklärlich erscheinen läßt. Es erübrigt
1270 1748 2318 1804 daher nur noch kurz auf die Hauptgesichtspunkte zur
1269 1792 2314 1883 Begründung dieses Urteils hinzuweisen. Fassen wir
1277 1838 2319 1912 zunächst die Grundidee des Stückes etwas näher
1266 1911 2327 1970 ins Auge. „Der Ruf des Lebens“, — klingt der
1275 1939 2327 2006 Titel nicht wie eine freudige Fanfare, wie ein
1279 1990 2326 2069 Hymnus auf Tatkraft und Wirken, auf die Freude
1282 2038 2316 2102 am Leben in der ganzen vielgestaltigen Erscheinungs¬
1279 2089 2315 2157 form menschlicher Daseinsbetätigung. Und bis zu
1277 2133 2335 2212 welcher monotonen Einseitigkeit und Flachheit
1281 2189 2322 2261 schrumpft dieser Appell an die Lebensfreude und den
1284 2257 2324 2305 Lebensdrang hier zusammen. Für den alten siechen
1292 2306 2332 2350 Greis bedeutet es lediglich das zähe Festhalten an
1290 2348 2331 2398 der stumpfen Gewohnheit des bloßen Fortvegetierens,
1283 2378 2328 2446 die unsympathischeste Form des menschlichen Selbst¬
1284 2437 2327 2499 erhaltungstriebes. Den beiden jungen Mädchen ist
1281 2477 2333 2549 er nichts weiter als die lockende Stimme des Blutes,
1285 2528 2335 2590 die die eine in die Arme ihres Idols, die andere
1289 2571 2343 2654 in das Vagantentum zügelloser Sinnenbefriedigung
1295 2642 2335 2717 treibt. Darüber hinaus existiert für beide nichts.
1293 2671 2344 2761 Gewiß gibt es im menschlichen Leben keine stärkeren
1302 2724 2339 2796 Instinkte, als die beiden hier angedeuteten Triebe.
1289 2777 2342 2872 Aber die Befriedigung dieser Instinkte allein ist doch
1297 2825 2343 2891 nur ein ärmliches Stück Leben rein animalischer
1298 2874 2336 2950 Qualität Und mit welcher krassen Brutalität setzen
1296 2926 2336 3001 sich diese Instinkte hier durch, mit welcher, man
1300 2971 2347 3048 möchte fast sagen, rohen Unglaubwürdigkeit. Vom
1308 3036 2346 3100 alten Vater wollen wir nicht sprechen: sein plumper
1309 3075 2351 3143 vampyrartiger Egoismus ist zwar eine in hohem
1311 3127 2341 3193 Grade abstoßende Ausnahmeerscheinung, aber immer¬
1308 3174 2347 3252 hin denkbar. Aber ist es denkbar, daß ein
1303 3222 2352 3301 zunges Mädchen von der Leiche ihres soeben
1303 3261 2352 3355 von ihr gemordeten Vaters hinausstürmt, ohne
1292 3320 2344 3396 sich auch nur einen Augenblick nach ihm um¬
1305 3380 2351 3454 zusehen, daß es ihn wie ein Stück Holz am Boden
1316 3424 2350 3494 liegen läßt, um nur ja keine Minute des heiß er¬
1313 3487 2356 3539 träumten „Glückes“ zu versäumen? Ist es denkbar,
1309 3520 2357 3584 daß Marie auch angesichts der Leiche der vor ihren
1316 3576 2348 3643 Augen erschossenen Geliebten ihres Max keinen
1320 3611 2359 3686 anderen Gedanken hat, als ihm anzugehören? Nur
1318 3677 2363 3734 einmal hat sie mit ihm eine Nacht durchtanzt und
1279 3704 2389 3808 doch erwartete er ihr Kommen als etwas Selbst¬
1242 3867 2316 3934 verständliches. „Sie hätte mich nicht sollen warten;
1247 3918 2475 3986 lassen“, sagt er. Und dabei ist sie die Tochter eines reits e¬
1244 3966 2286 4038 ehemaligen Regimentskameraden, ein
1242 4014 2298 4093 Mädchen, das doch wohl auch ohne Preisgabe von
1254 4055 2291 4138 Ehre, Leben und Seligkeit hätte die Seine
1982 4106 2197 4155 befremdlich
