3248 4352
510 3496 590 3624 4
1586 218 2058 308 box 24/4
272 206 1437 339 19 Der Ruf des Lebens
662 519 1527 617 Bitte Rückseite beachten!
1200 603 1561 691 Telephon 12.
1402 727 1565 815 De
707 788 1506 901 „OBSERVER
565 855 1651 945 I. österr. behördl. konz. Unternehmen f.
876 922 1384 1001 Zeitungsansschnitte
589 967 1683 1055 Wien, I., Konkordiaplatz 4.
977 1038 1303 1101 Vertretungen
573 1057 1688 1158 in„Berlin, Basel, Budapest, Chicago, Cleveland, Christiania,
579 1110 1681 1198 Genf, Köpenhagen, London, Madrid, Mailand, Minneapolis,
571 1149 1689 1236 New-Vork, Paris, Rom, San Francisco, Stockholm, St. Peters¬
969 1197 1287 1268 burg, Toronto.
813 1233 1425 1332 (Quelienangabe ohne Gewähr).
567 1293 956 1384 Lusschnitt au
685 1335 1737 1466 2-MITLeT-Wemisch mestpn. Zeitung, Esses
554 1404 751 1502 vom:
562 1527 1664 1590 * Köln, 1. Mai. Schauspiel: Ruf des Lebens. Arthur
473 1569 1665 1629 Schnitzlers „Ruf des Lebens“ machte bei seiner Erstauf¬
2190 1618 2241 1682 1
484 1611 1668 1667 führung in unserem Schauspielhaus einen starken Eindruck.
2873 1608 3017 1668 S
3204 1602 3264 1684 1
480 1657 1672 1716 Es stehen eine Menge Feinheiten und subtiler Ideenbeziehungen
1776 1670 3261 1730 Ihr Schicksal: das liegt bei einem jungen Offizier, einem sein, der einst
479 1688 1671 1757 in dem Werk; die Schicksale sind in trefflicher Parallele gegen
1771 1711 3261 1781 blutjungen Dasein, das morgen hinaus soll in den sichern Tod. Böse Absichtlich
481 1737 1667 1785 einander abgewogen und sehr tiefgehende Wirkungen resultieren!
1778 1747 2964 1809 Vor Jahren hat sein Regiment durch unzeitige Flucht einen
2950 1759 3252 1812 Schnitzler stehe
478 1774 1674 1830 aus den reifen Wahrheiten, die geäußert werden. Dagegen
1775 1785 2962 1850 Sieg zum Falle gebracht; jetzt will es durch ein freiwilliges
2941 1795 3251 1849 nicht; hier ist d
478 1806 1670 1874 fehlt der Arbeit ganz das laute Theater, alles das, was man
1778 1827 2714 1870 Todesopfer das sühnen. Er ist bereit, natürlich —
2730 1829 2954 1893 es ist ja
2950 1827 3260 1890 alles ausbalanc
477 1857 1666 1911 im landläufigen Sinne „Szene“ nennt. Kann dieses noch nicht
1772 1862 2949 1927 auch seine Ehre — aber das eine Weib will ihm nicht aus
2939 1874 3262 1937 der letzte Aufzu
486 1890 1660 1946 für einen voxnehmeren Kunstkenner als Manko gelten, so er¬
1775 1904 2953 1967 dem Sinn, das eine Weib, das er glaubt versäumt zu haben.
2941 1913 3260 1978 wertvoller und 1
475 1933 1670 1975 wecken einige Längen und tote Strecken (namentlich im dritten
1779 1945 2956 2012 Doch nicht gur die Schmach seines Regiments, noch ein anderes
2995 1953 3261 2009 Mit der In
483 1975 1675 2038 Akt) ernstere Bedenken. Die Arbeit war von Dr. S. Sim¬
1768 1976 2951 2041 weiht ihn dem Tod. Er hat seinem Oberst die Frau ge¬
2937 1975 3250 2052 Impression aus
470 2013 1668 2078 schowitz auf das feinfühligste im Geschmack der 50er Jahre
1774 2026 2945 2087 nommen, die Sache wird noch in der letzten Nacht entdeckt, die
2950 2037 3252 2088 die platten, kah
474 2055 1669 2116 inszeniert worden; gerade die gute Inszene rettete von dem
1779 2062 2945 2128 Frau von dem Betrogenen niedergeknallt; was bleibt dem
2937 2073 3253 2142 Steife, Gradlin
473 2092 1674 2146 Werk noch vieles, was im Buch schon verloren scheint. Von U
1771 2103 2948 2168 Verführer jetzt noch anderes als das Ende? Zwei Dinge
2938 2104 3251 2175 gehalten. Von
477 2130 1606 2188 den Mitwirkenden ragte Frl. Schönfeld als Marie hervor. —
1775 2144 2950 2208 also reißen an ihm: Vaterlands= und Standesehre, zwei der
2951 2148 3249 2213 Frl. Schönfeld
1774 2182 2949 2241 eingewurzeltsten Mächte, und dennoch, als jetzt das junge
2951 2188 3253 2249 kränkelnder, bos
548 2171 1636 2243 +. Die hehurftehenhe Entschei
1780 2218 1836 2247 972
1783 2221 2949 2279 Weih das soehen seinen Vater ermordet, in sein Zimmer
2945 2232 3255 2295 nach den beiden
1777 2250 2949 2326 taumelt, dawirft er den Revolver weg und vergißt die tote
2950 2266 3260 2334 Publikum etwas
1769 2302 2947 2358 Geliebte und Väterland und Ehre, noch eimal zu leben, zu
1771 2335 2951 2385 leben! Und noch in einer dritten (nebensächlicheren) Spiege¬
1769 2381 2955 2426 lung wird der allmächtige Drang des Lebens gesehen. Ein
1773 2420 2953 2478 schwindsüchtiges Mädchen tanzt durch das Stück; sie läuft ihrer
1777 2460 2963 2535 ehrbaren Mutter davon und gibt sich auf den öffentlichen
521 2446 1524 2560 Bitte Rückseite beachten!
1772 2498 2956 2561 Bällen preis; sie weiß, der Tod steht hinter ihr, darum will sie
2941 2526 3004 2574 2
1776 2542 2947 2584 zuvor noch leben, leben! Dieses Unbesiegliche des Lebens, das
1148 2522 1602 2618 Telephon 12.801.
2935 2551 3026 2629 8
1765 2575 2949 2633 ist es, was Schnitzlers Stück stark macht. Es gibt ihm die
1768 2619 2951 2682 Schönheit des Uebervollen, des Kühnen und Ueberwogenden;
1402 2633 1520 2716 44
1759 2642 2945 2713 er schlägt ein paar glühende, unerhörte Wahrheiten heraus
2944 2675 3032 2747 b
1763 2687 2946 2745 und gießt sie uns unbetäubbar ins Ohr. Uns, uns Gegen¬
1766 2732 2949 2786 wärtigen! Man spürt, hier wird unser Los ausgetragen,
673 2717 1461 2836 „GBDLKVER
1772 2771 2956 2835 unser täglicher Kampf, die Zwiespältigkeit unserer brutalen
1775 2815 2946 2872 formlosen Zeit. Unser Los — damit ist aber gleich ein starkes
529 2789 1651 2893 I. österr. behördl. konz. Unternehmen für
1764 2849 2950 2900 Manko der Arbeit gegeben. Denn Schnitzler hat sein Stück in
846 2863 1356 2930 Zeitungsausschnitte
1769 2894 2953 2936 die Mitte des vorigen Jahrhunderts projiziert, in die aus¬
561 2907 1647 3006 Wien, I., Konkordiaplatz 4.
1768 2929 2943 2991 klingende Biedermeier=Periode. Er hat mit feiner Kunstpraxis
1771 2972 2942 3039 das ganze Parfüm jener Jahre zu leihen gewußt, die unver¬
952 2972 1266 3031 Vertretungen
1771 3012 2945 3062 ständliche, gewundene Sprache, die leise, müde Resignation
552 2990 1659 3092 in Berlin, Basel, Budapest, Chicago, Cleveland, Christiania,
1772 3059 2941 3101 über allem, die einfache Bürgerlichkeit. Das ganze Parfüm
555 3045 1661 3121 Gent, Kopenhagen, London Madrid, Mailand, Minneapolis,
2935 3037 3025 3131 10
1770 3096 2938 3137 gewiß, aber keine Spur von dem Geist der Epoche. Denn
547 3082 1668 3163 New-Verk, Paris, Rom, San Francisco, Stockholm, St. Peters¬
2940 3090 3020 3166 1
1771 3136 2934 3194 Menschen, die so schrankenlos, so unerhört, so brutal denken
959 3125 1279 3201 burg, Toronto.
2925 3138 2985 3205 1.
1766 3171 2941 3232 wie die seinen, die sind das Geschlecht Nietzsches, nicht etwa
2928 3174 3034 3259 1
801 3165 1420 3264 (Quellenangabe ohne Gewähr).
1770 3212 2944 3268 Schopenhauers. Die sind heutig, durchaus heutig. Die kannte
1767 3249 2950 3300 man vielleicht noch in dem Frankreich der 30er und 40er
549 3259 974 3344 Ausschnitt aus:
2935 3260 3019 3326 m
1764 3290 2938 3341 Jahre (wie Balzac es schildert), aber in dem Oesterreich der
2938 3314 3022 3359 de
1764 3315 2941 3388 50er und 60er Jahre nimmermehr. Dies das eine Manko, das
2934 3354 3031 3398 be
1763 3368 2952 3419 innere; das äußere ist mit der dramatischen Qualität der
557 3308 1602 3461 zem 2 Mhalnisch Westph. Zeitung, Esses
2921 3395 3021 3447 ül
1763 3406 3027 3483 Arbeit gegeben. Nicht etwa, daß ihr das laute Theater fehlt, Ii
1764 3442 2920 3497 rechne ich ihr an, das ist für mich höchstens ein Vorzug; sie
2938 3473 3021 3521 bo
1758 3482 2939 3534 hat dafür das jedem Kunstgewohnten fühlbare leisere
2935 3516 3025 3579 m
629 3500 1752 3581 + Köln, 2. Mai. Schauspielhaus. Der Ruf des Lebens.
1759 3529 2940 3579 Szenische (die Parallelschicksale, die Korrespondenz der Lebens¬
580 3541 1759 3620 Eine Tragödie des Triebes hat Arthux Schnitzler geschrieben.
1760 3553 2940 3619 Läufe, die Symbolik im Bild); aber ein paar Grundmängel
580 3585 1758 3650 Und in zwei Spiegelungen hat er sie gefangen, in zwei großen
1754 3607 2943 3655 sind es, die mir aufstoßen. Vor allem, warum ermordet
2937 3618 3023 3682 so
585 3614 1763 3692 Beziehungen, einer öffentlichen und einer privaten. Da haben
1765 3647 2934 3705 die Tochter direkt den Vater? Sie hat einen Schlaftrunk da¬
583 3658 1761 3740 wir eine Tochter, eingeschlossen und an einen kranken Vater
1762 3684 2930 3738 stahen, und es handelt sich ausdrücklich für sie um eine einzige
2930 3614 3016 3764 1
580 3696 1766 3779 gekettet, mit widerlicher Eifersucht von ihm gefangen gehalten
1766 3721 2940 3771 Nacht; warum schläfert sie ihn dann nicht einfach diese eine
2924 3740 3025 3809 fi
591 3738 1765 3813 und mit allem Raffinement von ihm gequält; in der schwillt
1755 3750 2938 3816 [Nacht ein, sondern bringt ihn gleich um? Das ist im Bau
585 3780 1760 3850 der Drang des Lebens so mächtig hoch, daß sie ihm ent¬
587 3831 2941 3888 schlossen ein Gift reicht, um nur endlich sich selber zu ge= seine Stütze, die wankt und stets wanken wird. Dann, wa¬
532 3826 2947 3964 chl hören, um ihr eigenes Schicksal zu haben, wie immer es sei. um muß ausgerechnet der boshafte Alte derjenige Offizier
