3248 4352
1542 170 2020 274 box 24/4
651 199 725 268 R
234 188 1418 311 19. Der auf des Lebens
2316 1332 3260 1398 infizierend mitteilte, so daß jene schmähliche
1339 1356 2312 1414 krank, offenbar rückenmarkleidend. Eine Figur
2320 1377 2945 1468 Flucht geschah . .. Vorbei! —
1346 1393 2308 1465 wie der Alte in Schönherr's „Erde“. Wie
479 1383 1162 1497 4 Feuilleton.
2404 1406 3259 1501 Die blauen Kürassiere ... In Mariens
1348 1440 2315 1509 dieser hängt er mit allen Fasern seines eigen¬
1128 1453 1334 1553 Gut¬
2315 1476 3260 1550 licht= und freudelosem Leben gibt es eine
1350 1497 2321 1561 willigen Wesens am Leben, verschließt — wie
2316 1526 3258 1599 glanzerfüllte Ballnacht, zu der sie sich von des
1353 1532 2324 1611 dort der alte Bauer dem Sohne — seiner
490 1544 1213 1635 Der Ruf des Lebens.
2316 1575 3255 1656 Vaters Krankenlager fortgestohlen hatte. Da
1347 1594 2318 1658 Tochter Marie Licht und Luft des Daseins,
423 1621 1333 1706 Schkuspiel von Arthur Schnitzler.
2323 1624 3262 1691 erwachte ihre Leidenschaft zu dem jungen
1358 1641 2323 1734 indem er sie zu seiner Pflegerin macht, die er
2318 1678 3255 1745 Offiziere Max, aus dessen Armen sie wieder
454 1667 1346 1751 Die Auführung dieses Stie wär in
1354 1691 2323 1769 tyrannisiert. Aber das Leben lockt und ruft
2317 1726 3254 1801 ohne seine heiße Liebeswerbung zu erhören,
361 1734 1349 1811 Olykütz schon vor zwei Jahren geplant. Vorgestern
1343 1750 2317 1822 das Mädchen nach seinen Höhen, nach seinen
2320 1788 3259 1853 mit dem ganzen ungestillten Lebensdurste
365 1796 1350 1866 serss wurde dieser Plan realisiert, — weil das
1347 1790 2323 1876 Tiefen. Es ist in den Tagen eines Krieges,
2328 1836 3261 1898 ihrer warmblütigen Natur in ihre Gefangen¬
373 1837 1352 1901 Werk mittlerweile in Wien aufgeführt worden
1350 1851 2323 1929 zur Zeit des Abmarsches der Truppen. Das
2323 1884 3260 1958 schaft, an das Krankenlager des Vaters, zu¬
381 1894 1347 1981 ist. Es ist ein älteres Stück Schnitzlers und,
1352 1897 2316 1973 Regiment der „blauen Kürassiere“, das in
2326 1940 3011 2023 rückgekehrt war . . . Vorbei! —
354 1933 1348 2042 wie mich bedünken will, überholt durch Tiefe¬
1347 1927 2327 2020 einer Schlacht vor dreißig Jahren feige Flucht
2405 1957 3260 2054 In dieser erinnerungsvollen Dämmer
376 1993 1353 2074 res, das der Dichter mittlerweile geschaffen, so
1353 1997 2332 2066 ergriffen haben soll, will die Schmach dieser
2317 2020 3259 2095 stunde treten der Arzt und der Forstadjunk
368 2036 1354 2100 vor allem durch das „Zwischenspiel“. Ich ver¬
1358 2040 2318 2128 Flucht durch ein heroisches Hekatomben=Selbst¬
2317 2081 3259 2153 Rainer, der sich um Mariens Hand bewirbt
375 2097 1351 2157 misse daran die einheitliche Konzentration um
1354 2095 2322 2167 opfer sühnen: Offiziere und Mannschaft haben
2315 2122 3260 2211 bei den Zweien ein. Vor der neuerlichen Wer
376 2145 1356 2219 den Hauptgedanken, — das Stück schließt, in¬
1357 2162 2322 2224 sich das Wort darauf gegeben, auf dem
2320 2182 3253 2264 bung Rainers legt Marie ein leidenschaftliche
373 2196 1349 2262 dem es eine Nebenhandlung abschließt, der
1354 2203 2322 2272 Schlachtfelde zu fallen. Kein einziger Mann
2330 2234 3261 2310 Bekenntnis ihrer selbst ab. Sie bekennt sich
373 2239 1349 2334 dritte Akt macht den Eindruck von etwas An¬
1360 2250 2322 2324 soll wieder zurückkehren! Und wie nun unten
2320 2285 3259 2358 zur Leidenschaft für Max, bekennt, daß st
383 2296 1351 2363 gestückeltem, nicht den des logischen Zwanges,
1355 2302 2320 2365 auf der Straße vor den Fenstern des alten
2329 2336 3251 2414 sich in Sehnsucht darnach verzehrt, sich auszu
382 2349 1356 2416 der organischen Schlußentwicklung. Wären in
1358 2351 2326 2417 Moser die Hörner und Trommeln der abmar¬
2323 2384 3253 2461 leben, bekennt, daß sie unter dem ungestümer
378 2395 1353 2482 dem Ganzen nicht einige Bonmots von jener
1359 2403 2324 2468 schierenden Truppen und die Hurrah=Rufe der
2334 2440 3261 2506 Drange dieses namenlosen Lebensdurste
373 2440 1356 2523 wunderbaren Aufrichtigkeit verstreut, die so
1351 2451 2319 2518 Menge erklingen: regt sich oben in den Seelen
2318 2487 3252 2561 schon wiederhokt mit der Versuchung zu käm
374 2494 1357 2591 faszinierend an Schnitzler ist: so würde man
1358 2497 2323 2591 des Vaters und der Tochter je eine starke Er¬
2324 2534 3254 2623 pfen hatte, den grausamen Vater zu töten
390 2545 1349 2622 sich zuweilen von einer herben Theatralik an¬
1357 2563 1594 2631 innerung.
2327 2582 3260 2650 um sich dem Leben in die Arme werfen zu
389 2584 1363 2694 gemutet fühlen müssen, die an Schnitzler be¬
1435 2595 2320 2668 Die blauen Kürassiere... Auch der alte
2325 2637 3250 2709 können. Nun aber, da der Geliebte in der
1359 2658 2321 2730 Moser ist blauer Kürassier gewesen. Er war
378 2665 588 2745 fremdet.
2326 2692 3260 2770 sicheren Tod reitet, ist alles, Leidenschaft
1362 2716 2324 2779 es, in dem damals vor dreißig Jahren zuerst
2324 2740 3260 2817 Sehnsucht und Versuchung, haltlos geworden
1358 2757 2317 2828 das Angstgefühl erwachte, das sich seinen Ka¬
462 2754 1366 2838 Der 79 Jahre alte, pensionierte Rittmeister
1345 2791 3252 2868 meraden und dann dem ganzen Regimente Sie wird „hindämmern und nicht mehr di
381 2825 1358 2913 Moser, ein starrer Egoist, ist seit Jahren
679 2877 3011 2998 Die heutige Nummer enthält 16 Seiten und die „Illustrierte Sonntags-Beilage“ Nr. 1
