3484 4256
250 274 1393 346 19. Der Ruf des Lebens
719 514 1255 653 Feuilleton.
655 695 1494 786 Theater und Konzert. (7
1063 770 1502 835 Leipzig, 2. Februar.
459 804 1528 879 O. F. Schauspielhaus. Angenommen, jemand hätte
389 876 1518 919 Artur Schnitlers Schauspiel „Der Ruf des Lebens“,
389 903 1516 953 das gestarzig zum erstenmal gegeben wurde,
397 936 1516 988 nach dem ersten Akt verlassen, so konnte er die Ueberzeugung
393 978 1515 1026 mit sich nehmen, das wundervollste unter den modernen
401 1013 1507 1058 Dramen entdeckt zu haben. Schnitzler hat einen beneidens¬
390 1046 1519 1101 werten Stoff gefunden, und keiner schien wie er geeignet,
400 1089 1518 1149 ihn zu gestatten: sein ganzes Schaffen drehte sich um die
386 1126 1514 1182 eine schmerzliche Idee von der Verganglichkeit der Jugend,
385 1163 1520 1218 die Sinnlosigkeit des Lebens selbst — gibt es einen Gedanken,
403 1197 1518 1258 der aufwühlender und aufpeitschender sein kann? Sicher
400 1239 1514 1290 ist es dasjenige Gefühl, das in der Tiefe jeder künstlerischen
391 1282 1517 1331 Seele lauert und sie überschattet. Und Schnitzler, der rest¬
386 1312 1519 1361 lose, liebenswerte Dichter, gestaltete die melancholische
390 1350 1518 1399 Zartlichkeit dieser Untergangsstimmung deshalb so unver¬
389 1390 1514 1435 geßlich, weil er ein Anbeter aller schönen, farbigen und
388 1429 1507 1472 romanhaften Dinge war. Im „Ruf des Lebens“ steigerte
396 1459 1511 1515 er die Melancholie zur Tragik und machte dadurch dieses
395 1496 1516 1559 Stück zu einer Probe seines dramatischen, also eines ag¬
385 1539 1516 1591 gressiven und nicht mehr bloß lyrischen Talentes. Und
392 1584 1514 1635 die Exposition der Fabel ist, wie gesagt, wundervoll. Die
391 1618 1510 1662 blauen Kürassiere haben vor dreißig Jahren den österreichi¬
383 1658 1508 1707 schen Namen dadurch befleckt, daß sie zuerst vor dem Feinde
394 1690 1502 1740 die Flucht ergriffen. Und der erste unter ihnen war der
381 1731 1510 1778 Rittmeister Moser, den ein Grauen davor ergriff, sterben
381 1771 1509 1812 zu müssen. Dies Grauen wurde der Grundzug seines Cha¬
383 1809 1512 1862 rakters und ließ eine Reihe von hämischen, menschenfeind¬
385 1839 1503 1886 lichen Eigenschaften an sich kristallisieren. Heute ist er neun¬
378 1872 1514 1930 undsiebzig Jahre alt und ein kranker Mann, der an den
377 1920 1516 1970 Stuhl gefesselt ist. Er brutalisiert seine Tochter Marie,
385 1961 1515 2011 die 26jahrige Wienerin, die alle begehrenswerten Attribute
389 1992 1513 2038 einer Wienerin hat. Er unterdrückt sie und befriedigt an
391 2037 1520 2089 ihr seine zynische Rachsucht gegen die Lebenden. Sie haßt
386 2069 1506 2112 ihn und wird von Wünschen verzehrt, die jemand grauen¬
383 2120 1510 2163 haft nach dem gewöhnlichen Maßstab nennt. Das Bewun¬
391 2149 1508 2206 derungswürdige ist, daß der Alte und das Mädchen samt
377 2175 1511 2229 diesen leidenschaftlichen Begierden glaubhaft erschei¬
378 2225 1516 2278 nen. Marie ist mit einem Forstadjunkten verlobt, aber
377 2255 1512 2324 seit sie auf einem Ball mit einem jungen Offizier von den
375 2296 1382 2344 blauen Kürassieren tanzte, liebt sie ihn nicht mehr.
1424 2300 1508 2350 Es
388 2336 1524 2394 bricht Krieg aus, und da verbreitet sich das Gerücht, die
381 2374 1503 2429 blauen Kürassiere hätten geschworen, zur Sühne für die
378 2412 1508 2468 Schmach vor dreißig Jahren bis auf den letzten Mann
377 2452 1505 2500 unterzugehen. Ungewöhnliche Stimmung liegt in der Luft,
388 2483 1509 2544 der Tod rückte bis an die bürgerlichste Alltäglichkeit, alle
381 2523 1240 2579 leidenschaftlichen Naturen flammen in
1273 2529 1515 2578 dem Ge¬
384 2558 598 2608 fühl auf,
604 2568 1515 2623 wie nahe Tod und Liebe, Untergang und
386 2603 1515 2661 Seligkeit sind — Marie opfert alles, um eine starke, leuch¬
1548 249 2003 333 box 24/3
1555 499 2653 573 tende Nacht bei dem todgeweihten Geliebten zu
1542 547 2668 613 feiern, und, das Opfer ist der Vater, sie gibt ihm
1532 593 2671 634 einen Schlaftrunk, dessen Dolis ihn tötet. Damit schließt
1544 628 2667 688 der erste Akt. Aus ihm spricht das Bestreben, alles, alles,
1530 655 2665 726 was diese Idee an Wendungen, Beleuchtungen, an Stärke
1536 710 2668 753 und ungeahnter Tiefe besitzt, herauszuarbeiten. Und Marie
1540 744 2663 793 erscheint wie eine der Rollen, die die seltenen, größten Schau¬
1539 773 2666 822 spielerinnen verlangen — was wird dieses junge verschlossene
1546 822 2669 876 Weib noch offenbaren? Aber der zweite und dritte Akt
1535 867 2662 927 sind eine so unerwartete so unheilbare Enttäuschung, daß
1533 882 2658 947 „der Ruf des Lebens“ statt eines Meisterstückes eine ver¬
1542 939 2661 1001 worrene und ernüchternde Unerträglichkeit wird. Statt die
1537 974 2676 1036 Idee durchzuführen, daß es Umstände geben kann, in denen
1532 1014 2670 1062 die Verschwendung der eigenen Lebenskraft und die rück¬
1537 1050 2655 1105 sichtslose Erfüllung der Sehnsucht nach dem Vollen möglich
1535 1102 2664 1148 und erlaubt erscheint, statt also Marie dem Höhepunkt der
1540 1126 2649 1183 Leidenschaftlichkeit entgegenzuführen, aus dem dann die
1537 1170 2637 1227 Tragik der Verhältnisse, die „Schuld“ folgen würde, läßt
1526 1210 2653 1262 Schnitzler sie sich dem Offizier in die Arme werfen, obwohl
1535 1250 2652 1287 er sie nur wie eine Dirne nimmt, nachdem vor ihren und
1530 1282 2660 1359 seinen Augen seine eigentliche Geliebte erschossen worden
1525 1326 2660 1371 ist. Darauf, während das Regiment zum Tode ausrückt, er¬
1532 1357 2649 1421 schießt er sich selbst. Der dritte Akt ist dann nur noch ein
1534 1399 2653 1449 Anhangsel, das keinen neuen Zug und keine Lösung bringt.
1529 1439 2656 1478 Die ansprechendste schauspielerische Leistung war Herr
1531 1478 2651 1528 Willi (Doktor Schindler); Herr Forsch gab den alten
1534 1519 2650 1566 Moser so, daß er nicht immer die Schablone vermied, aber
1531 1551 2649 1613 ihn auch glaubhaft machte. Herr Junker als Max über¬
1538 1592 2649 1640 traf jedenfalls seinen Obersten (Herrn Schreiner).
1529 1638 2648 1691 Herr Mühlhofer gab seinen Adjunkten zu ruhig, man
1533 1674 2650 1717 glaubt ihm nicht, daß er Katharina geopfert hat. Frl.
1524 1713 2651 1761 Oswald war äußerlich eine recht sympathische Marie,
1521 1754 2658 1816 aber sobald sie Erregung gestalten soll, ist ihr Organ rauh
1522 1787 2664 1851 und unschön. Frl. Hruby (Irene) gelang ebensowenig
1525 1827 2660 1884 wie ihr die lyrische Frauenhaftigkeit dieser Schnitzlerschen
1531 1869 2644 1917 Gestalten, während die Katharina der Frl. Reimers in
1522 1893 2717 1993 dem letzten Akt, in dem sie als Ophelia auftritt, sich Ve=10
1523 1942 2158 1989 deutend gegen den ersten Akt hob.
2519 2350 2913 2433 Telephon 12801.
1765 2528 2905 2639 P uimmmersinrren Snnnn
1763 2610 2923 2678 6 l. österr. behördl. konz. Unternehmen für Zeitungs-Ausschnitte
1938 2674 2816 2757 Wien, I., Concordiaplatz 4.
1752 2743 1843 2803 4
2160 2747 2582 2806 Vertretungen
1799 2797 2907 2860 D in Berlin, Budapest, Chicago, Christiania, Genf, Kopen¬
1759 2843 2915 2897 hagen, London, Madrid, Mailand, Minneapolis, New-Vork,
1859 2896 2885 2948 Paris, Rom, San Francisco, Stockholm, St. Petersburg.
2174 2925 2576 2983 (Quellenangabe ohne Gewähr.)
1769 2969 2242 3049 Ausschnitt aus:
2254 2956 2932 3069 LINER TAGBLATT
1762 3046 1844 3091 250
1746 3066 2344 3149 E vom: 4-FE31907
1778 3149 2711 3217 Aus Leipzig meldet unser Korrespondent: Artur
2901 3153 2950 3215 *
1719 3200 2962 3257 dreiaktiges Schauspiel „Der Ruf des Lebens ##
1727 3243 2962 3296 im Berliner Lessing=Theater zur Aufführung gelangt war, fand bei
1728 3279 2960 3333 vorzüglicher Darstellung im Leipziger Schauspielhause
1735 3316 2963 3365 eine sehr beifällige Aufnahme, trotzdem einige krasse Szenen ziemlich
1711 3350 2073 3416 gabstoßend wirkten.
