3484 4352
1583 344 2046 440 box 24/1
271 346 1440 484 19 Der Ruf des Lebens
3063 823 3370 894 die Polrzer une
2712 833 3056 910 Begen die grojz¬
2537 832 2680 910 „ „
3073 871 3377 928 Die Frau lieg
1677 882 3062 938 rch pörnische Belden g gut es Kampf bis aufs Messer! Wenn die
3071 906 3344 963 Am Freitag
1825 931 3064 976 Staatsregierung sich genötigt sieht, einzelne Geistlichen in ihrem
675 929 1836 988 das Bestleden zeigt, für  zu sorgen. Aber wehe, wenn
3062 937 3381 999 nach Hamburg
1826 959 3069 1018 politischen Gebaren zu überwachen, so bedeutet das noch nicht, daß
577 981 1837 1025 du die Nachsucht dieses gefügigen Untergebenen reizest!“ Die preußische 1
3063 985 3376 1034 auf den Hohen
1834 998 3077 1057 schwarze Listen geführt werden. Die Wünsche des Abg. Heckenroth
578 1005 1835 1062 Regierung kennt kein anderes Ziel, als uns die Ruhe und den
3070 1019 3374 1081 veranlassen, die
1829 1043 3027 1115 werden nach Möglichkeit erfüllt werden. (Beifall rechts.)
570 1050 1827 1105 Frieden zu nehmen. Deutschtum war uns wie Kultur
3068 1061 3372 1109 waren, die er
1876 1066 3066 1123 Abg. Funck (freif. Vp.) erinnert daran, daß der Minister von „Maul¬
718 1083 1832 1134 Freiheit stets nur Drill. Die Freiheit der
586 1098 729 1141 und
3068 1088 3379 1143 Makler einen?
1838 1106 3071 1177 wurfsarbeit der Lehrer“ gesprochen, und daß dieses Wort
577 1121 1828 1180 Muttersprache in der Predigt hat man uns genommen. Jetzt
3066 1131 3386 1195 Das Amtsgerie
3064 1171 3375 1227 gefängsnis we¬
3075 1208 3389 1277 verbrechens übe
1838 1220 3077 1295 „große“ Szene im Kasernenzimmer, die mit dramatischem
932 1238 1486 1337 Im Lessing=Theater
1830 1272 3073 1343 Zündstoff bis an den Rand beladen ist, brennt nur wie
402 1246 568 1391 121
575 1298 1833 1377 wurde gestern wieder ein neuer Schnitzler aufgeführt, i dieser
1842 1304 3087 1377 ein kkleines Flämmchen langsam ab. Eine Handlung drängt
578 1347 1836 1423 Saison bereits der zweite. Aber was dem „Zwischenspiel“ nicht
1839 1356 3078 1420 schwächend die anderen, und nichts will sich zum Ganzen einen.
3115 1354 3392 1424 Algeciras,
586 1383 1831 1457 glückte, gelang dem „Ruf des Lebens“ noch weniger: nämlich
3080 1393 3390 1459 Marokkaner il
1842 1401 3081 1465 Am schlimmsten jedoch ist die Sprache des Stückes. Da ist ein fort¬
3084 1447 3369 1498 Schaffung
586 1446 1828 1511 dem vom Mißgeschick jetzt ein wenig verfolgten Herrn Brahm
1831 1438 3076 1501 währendes Schwelgen in der Phrase und der großartigen Redensart,
3084 1482 3385 1541 arabischen Texte
578 1484 1833 1540 das Kassenglück ins Haus zu bringen. Schon nach dem ersten Akt
1842 1485 3075 1546 und gar ein Herr Forstgehilfe, ein ganz gewöhnlicher Jägersmann,
3085 1518 3386 1577 geprüft werdet
587 1521 1829 1581 war der Beifall kein unbestrittener, und nach dem dritten Aufzug
1836 1523 3073 1592 spricht immer, als habe er in einer Sitzung der Akademie der
3081 1554 3397 1610 des Frageboge
580 1571 1837 1629 waren — wenn sich Schnitzler auch wiederholt zeigte — doch die Zischer
1845 1577 2533 1651 Wissenschaften die Festrede zu halten.
3080 1590 3391 1656 richtsbarke
1875 1594 3080 1671 Das Lessing=Theater hatte dekorativ recht viel an das Stück
592 1624 1101 1688 den Entzückten überlegen.
3082 1632 3392 1695 den Tag und
634 1642 1842 1712 Es war ein recht ärgerlicher Abend. Man geht zu einem Schnitzler
1838 1655 3084 1727 gewendet. Sogar der echte Rafenleppich (Mare Reinhardt)
3123 1671 3396 1733 Frankfurt,
586 1698 1841 1757 mit der freudigen Hoffnung, wieder ein kleines, feines Kunstwerkchen
1845 1700 3084 1764 war vorhanden, und so manche andere stumme Belebung
3081 1711 3385 1769 Zeitung“ vom
1846 1740 3078 1804 der Szeue ließ erkennen, daß man etwas gelernt hat. Außer Irene
580 1745 1835 1794 kennen zu lernen, und muß dann erleben, daß der Mann der zierlichen
3088 1753 3383 1809 Bank von Spe
588 1787 1842 1850 Schritte plötzlich die Siebenmeilenstiefel des großen Dramatikers an¬
1846 1783 3088 1848 Triesch, die die etwas bedeutendere Rolle der Marie mit
3086 1787 3406 1853 Herzog von A
1837 1826 3094 1895 ihrem prächtigen Temperament durchtränken konnte, hatten
581 1821 1842 1884 gezogen hat und darin natürlich ausgleitet. Man sollte glauben,
575 1874 1833 1935 daß der Autor der „Liebelei", des „Abschiedssouper“ und des
1849 1857 3094 1936 sich die übrigen Mitspielenden nur mit ihren Rollen abzu¬
589 1906 1840 1975 „Reigen“ sein Geure bereits gefunden hat, aber nein, auch Schnitzler
1841 1905 3092 1970 finden. Das taten Else Lehmann, Grete Hofmann, Else Schiff,
1842 1947 3087 2017 Emannel Reicher, Rudolf Rittner, Albert Bassermann und Kurt
578 1944 1836 2011 mußte einmal versuchen, von dem großen, gigantischen Schicksal zu
3141 1981 3393 2050 Budapest.
1841 1994 3089 2060 Stieler denn auch mit der möglichsten Akkuratesse. Hans Marr, der
580 1993 1841 2064 erzählen, welches den Menschen erhebt, wenn es den Menschen
3083 2017 3394 2089 lung der St¬
1843 2037 3097 2099 den alten Vater Maries gab, war auch diesmal in seinem Spiel zu
593 2045 818 2123 zermalmt.
3097 2072 3397 2122 Budnay sein
2878 2080 3057 2147 A. F.
644 2074 1848 2141 Zu Marie Moser, die ihre jungen Tage mit der Pflege eines
1842 2097 2536 2157 gekünstelt, um erwärmen zu können.
3087 2100 3403 2162 früheren Oberl
585 2120 1848 2179 kranken, immer unzufriedenen Vaters verbringen muß, ist der Ruf
1888 2146 3387 2206 Theateschronik. Carl Meinhard und Rudolf! die Entfendun¬
589 2161 1855 2231 des Lebens gedrungen. Auf einem Ball hat sie einen Offizier
3091 2182 3394 2240 einstimmig
1842 2178 3093 2247 [Bernaue haben von Herrn Direktor Dr. Brahm für die Zeit
586 2205 1844 2269 von den blauen Kürassieren kennen gelernt, dem von
1856 2217 3101 2279 seines Wiener Gesamtgastspiels vom 18. Mai an das Lessing¬
3141 2224 3393 2287 Petersbur
1734 2250 1847 2306 sie
1615 2248 1755 2303 Aber
587 2259 1618 2313 diesem Augenblick an ihr ganzes Sein gehört.
1847 2257 3098 2322 [Theater gepachtet. Zur Darstellung gelangen neue Stücke neuer
3089 2252 3394 2322 agenkur.) Flüc
587 2292 1845 2362 hat nicht den Mut, Pflicht und Ehre von sich zu werfen und dem Geliebten
1845 2304 3096 2352 Autoren, vornehmlich heiteren Inhaltes. Für die Aufführungen wird!
3090 2293 3403 2362 unter dom 23. V
1859 2330 3095 2402 ein eigenes Ensemble zusammengestellt, für das bereits erste Kräfte
583 2333 1856 2409 anzugehören. Da heißt es, daß die blauen Kürassiere morgen in den Krieg
3089 2341 3350 2396 Kursk und 2
3091 2379 3277 2433 die Ruhe
1849 2382 2172 2449 gewonnen sind.
599 2378 1850 2445 ziehen sollen, alle in den sicheren Tod, um eisie alte Schande des Regiments
3097 2422 3299 2468 von Kreine
1903 2423 3086 2474 Im Schiller=Theater O. (Wallner=Theater) findet am Mon¬
586 2419 1856 2476 abzuwaschen, und nun steigt es in Marle plötzlich auf, was sie ver¬
3087 2455 3244 2507 stellten
1852 2454 3081 2510 tag die erste Aufführung von Björnsons„Ueber unsere Kraft“
597 2463 1845 2532 lieren soll, der Ruf des Lebens gellt in ihrem Ohr, sie vergiftet den
3100 2494 3314 2552 Stadt
1856 2486 3098 2567 (zweiter Teil) statt. Am Freitag ist die erste Aufführung der Novität
595 2502 1788 2591 Vater, läßt den Toten liegen und läuft direkt in das Zimmer ..
3089 2530 3375 2582 Ifindet. Die
1850 2536 3095 2594 .Der Vogel im Käfig“. — Im Thalia=Theater findet am
719 2541 1859 2612 .Morituri. Wir sind in einem Kasernenraum der blauen
3087 2570 3364 2628 Bezirken der
1854 2569 3093 2628 Dienstag Nachmittag 3 Uhr aus Anlaß der Silberhochzeit des Kaiser¬
578 2595 1467 2676 Kürassiere, wo sich Grauenvolles ereignen soll.
3089 2605 3310 2659 die Ueberz
1858 2606 3097 2678 paares eine Festvorstellung statt. Zur Aufführung gelangt
646 2621 1851 2691 Morgen werden sie alle tot sein. Der Oberst hat den
3089 2641 3297 2699 licher Ge
1857 2655 2576 2718 das Schauspiel „Königin Luise“.
3100 2671 3399 2736 stimmung, die
598 2668 1859 2744 Leutnant Max schon lange im Verdacht, daß er ihn mit
1900 2684 3101 2751 Wochenplan der Konzertdirektion Hermann Wols. Sonntag:
3091 2722 3328 2771 alles ruhig.
587 2717 1857 2781 seiner Frau hintergehe. Aber auch jetzt vor dem Tode kann
1859 2735 3101 2788 Philharmonie, 12 Uhr, öffentliche Hauptprobe zum neunten Philharmoni¬
3094 2749 3398 2811 außerordentlich
592 2756 1853 2814 er das Geständnis nicht von ihm erhalten. Beibe gehen
1856 2767 3104 2825 schen Konzert. Dirigent Arthur Nikisch, Solistin Ernestine Schumann=Heink,
3095 2795 3353 2856 und nur den
600 2823 3096 2882 sie ab, um noch etwas anzuordnen oder — um die Wahrheit 3½ 1 Kammerfängerin. Saal Bechstein, 8 Uhr, Soiree von Otto Lamborg.
3157 2831 3291 2881 Eine Z
595 2869 3103 2909 fagen — damit die große Szene sich aufbauen kann. Marie stürzi.I Montag. Saal Bechstein, 8 Uhr, zweiter Klavierabenb von Lazare Lévy.
3093 2847 3409 2920 Gouverneure, b
1853 2872 3095 2915 Singakademie, 8 Uhr, zweiter Vortragsabend von Ernst v. Dohnányi und
600 2880 1866 2939 ins Zimmer des Max (denn er ist es)) und versteckt sich, denn schon
1861 2899 3091 2952 Robert Hausmann. Philharmonie, 7½ Uhr, neuntes Philharmonisches
3097 2903 3405 2963 gierten für
1856 2936 3094 2987 Konzert. Dirigent: Arthur Nikisch. Solist.: Ernestine Schumann=Heink,
602 2921 1856 3001 kommt auch die Frau des Obersten, die Max bewahren will,
3105 2937 3396 3006 werden kann,
1858 2961 3091 3030 Kammersängerin. Dienstag: Saal Bechstein, 7½ Uhr: II. Konzert (Klavier¬
3105 2973 3362 3039 endigt sind.
589 2969 1862 3032 nicht in den Tod zu ziehen, sondern mit ihr zu fliehen. Der Oberst
1854 2988 3101 3049 abend) von Leonid Kreutzer. Beethoven=Saal, 8 Uhr: Liederabend von Klara
603 3014 1855 3081 springt durchs Fenster hinein, überrascht so die beiden, schießt seine
3137 3021 3407 3080 Perim, 24.
1862 3020 3107 3082 Erler und Richard Könnecke. Mitw.: Prof. James Kwast. Mittwoch:
1854 3061 3099 3119 Saal Bechstein, 7½ Uhr: Klavierabend von Frederie Lamond. Beethoven¬
3094 3055 3420 3125 lautet, daß die
601 3068 1859 3125 Frau nieder und verschwindet. Marie, die alles mit angehört hat,
1867 3095 3094 3150 Saal, 8 Uhr: II. Klavierabend (Chopin=Abend) von Severin Eisenberger.
3104 3091 3408 3155 haben und die
606 3103 1857 3164 kommt aus ihrem Versteck hervor, und als Max sie sieht, läßt er die
1862 3109 3097 3183 Donnerstag: Saal Bechstein. 8 Uhr: II. (letzter) Kammermusikabend
3098 3141 3415 3193 Unruhe, da un
595 3147 1367 3225 Tote liegen und geht mit Marie davon.
1861 3154 3103 3218 von Bruno Hinze=Reinhold und Otto Urack. Mitw.: Susanne Dessoir (Ges.)
3099 3168 3431 3236 Mokka und Dus
656 3164 1861 3255 Dann folgt noch ein dritter Akt, in dem wir erfahren, daß de¬
1866 3196 3104 3256 und Carlotta Stubenrauch (Viol.). Beethoven=Saal, 7½ Uhr: Konzert
3110 3212 3432 3268 ist Amran von #
2679 3221 3107 3277 Singakademie, 8 Uhr:
1866 3239 2681 3282 (Liszt=Abend) von Georg Bertram (Klav.).
590 3220 1860 3308 Leutnant Max sich nach der mit Marie verbrachten Nacht an der
3102 3252 3427 3310 Maaber von ib
1863 3261 3105 3312 III. Quartettabend (II. Zyklus) der Herren Professoren Joachim, Halir,
601 3268 1859 3341 Leiche der Oberstin erschossen hat, und daß die blauen Kürassiere
3110 3288 3429 3360 befindet sich jetz
1865 3285 3095 3350 Wirth und Hausmann. — Freitag: Saal Bechstein 7½ Uhr: Konzert
602 3307 1865 3380 wirklich alle hübsch tot. Außerdem stirbt auch in diesem Akte jemand
1863 3323 3092 3375 von Sinovy Kogän (Viol.). Beethoven=Saal, 8 Uhr: Konzert der Konzert¬
3103 3326 3221 3379 fort.
2874 3355 3098 3400 Dir. Max
609 3349 1864 3425 auf der Szene, nämlich ein kleines Dirnchen, das leider ein wenig
1867 3366 2861 3412 vereinigung des Kaiser Wilhelm=Gedächtniskirchenchores.
3101 3374 3423 3448 Verantwortlich 10
1870 3383 3109 3450 Kießlich, Mitw. Daisy Strack (Viol.) und Th. Prusse (Klav.). Sing¬
612 3386 1864 3459 schwachköpfig geworden ist, da es dem Ruf des Lebens zu gründlich
1868 3418 3098 3479 dkademie, 8 Uhr: Konzert von Karl Klein (Viol.) mit dem Philharmonischen
3112 3420 3418 3486 für Lokales, Gerie#
609 3443 1863 3513 folgte. Diese Leiche wird jedoch nicht so schnöde verlassen wie die
1864 3447 3110 3509 Orchester. Theatersaal der Hochschule, 8 Uhr: Liederabend von Anna
3111 3468 3405 3527 des Blattes: Dr.
2077 3471 3109 3531 Sonnabond: Saal Bechstein 7½ Uhr: Konzert von
1876 3497 2025 3544 Rother.
602 3498 804 3561 anderen.
677 3511 3108 3588 Es ist erstannlich, wie ungeschickt Schnitzler dieses StückElisabeth Götze (Ges.), Hans Vaterhaus (Ges.) und Fritz Niggli (Klav.).
605 3583 2887 3630 aus zahllosen Stücken zusammenkompouiert hat. Selbst die Beethovensaal, 8 Uhr: Dritter Liederabend von Ludwig Heß.
