3436 4352
262 189 1412 299 19. Der Ruf des Lebens
1568 195 2019 299 box 24/2
1289 773 1776 987 01024
1312 1363 1457 1484 20
1670 1441 1795 1564 M
1431 1571 1828 1714 KREE
1338 1600 1455 1710 2
1207 1812 2012 1932 „Der Ruf des Lebens“.
1546 1928 1677 1989 Von
1382 1985 1848 2079 Hermann Kienzl.
967 2193 2340 2275 Die nicht ganz lautere Lebenslust der Phäaken flackert aus allen Werken des
867 2233 2341 2341 nachdenklichsten der Jung=Wiener Dichter. In Arthur Schnitzlers ersten kleinen
882 2307 2344 2388 Dramen, den „Anatol“: Skizzen (Maupassantscher Geist in wienerischer Fassung)
881 2350 2343 2423 brannte sie noch sorglos, im Leichtsinn des jungen Blutes, in das nur einige
866 2409 2332 2501 schwere Tropfen gemischt waren. Eine Bejahung des Daseins, jenseits von Gut
866 2451 2335 2554 und Böse, jedenfalls jenseits von „Gut“ nach allen herkömmlichen Begriffen des
866 2517 2333 2584 Worts. Im Spätherbst entzünden die Bauern auf ihren Ackern an zusammen¬
876 2579 2332 2661 gescharten halbfaulen Stoppeln stark rauchende Feuer; die Asche macht den Boden
879 2630 2338 2721 fruchtbar. Aus einem Erdreich, bedeckt mit verkohlten Resten des Genusses,
864 2689 2329 2757 wuchs Schnitzlers gesegnete Frühlingssaat, die „Liebelei“. Eine Tragödie des
873 2742 2330 2821 Wiener Leichtsinns, die Tragödie junger Leute, die zu spät erkennen, daß sie am
869 2798 2333 2875 Leben vorübergegangen sind. Und in allen späteren Werken des hochbegabten
868 2842 2328 2913 Dichters finden wir in den mannigfaltigsten Variationen der Gestaltung immer
863 2899 2324 2984 wieder die beiden Grundelemente seines Denkens und Fühlens: das Leben selbst
865 2949 2328 3036 ist des Lebens höchstes Ziel — so lautet das eine Motiv; das zweite ist eine
865 3011 2326 3087 Frage: was ist das Leben? Oft nur eine einzige „lebendige Stunde“, in die das
868 3064 2328 3144 Schicksal alles zusammenpreßt, was es dem schleichenden Alltag der Erwartung
858 3109 2318 3187 versagte. Diese Stunde kann eine Erfüllung sein, sie kann der versöhnende Tod
859 3173 2323 3237 sein, sie kann auch eine bloße Täuschung sein, ein vergänglicher Rausch, der doch
862 3229 2325 3310 mit keiner Ernüchterung, auch nicht mit einer Missetat zu teuer bezahlt wäre.
855 3280 2325 3353 Verschieden wie die Menschen, sind ihre lebendigen Stunden, aber keiner hat ge¬
853 3331 1613 3422 lebt, dem solche Stunde niemals schlug.
2177 3428 2321 3542 378
