3436 4352
1577 353 2052 444 box 24/5
269 375 1430 462 19. Der Ruf des Lebens
2089 1316 2204 1389 201
1412 1333 1665 1407 REGENSIONT
861 1437 2206 1509 dimentien i due nomini, ehe tenncemente P’amavano: eall'Aggiunto
856 1491 2214 1566 forestale, che le propone di abbandonar tutto per seguirlo lngein,
864 1565 2207 1644 in uns casetta della Stiria, erndelmente risponde che per uno sol¬
864 1594 2222 1670 tanto clla si rassegnerebbe ad abbandonar il padre: allorche infatti
870 1650 2216 1745 ella viene a sapere dalla engina sna. Caterina, che gli enzzurri Co¬
874 1710 2213 1790 razzieri's devono partir quella notte per la guerra. er#che il sno
878 1787 2224 1854 unliciale Paspetta, non esita pin: non indietreggia dinanzi al pin
866 1817 2218 1894 orribile dei delitti: per poter strappare dall’ossuta mand del ver¬
870 1866 2221 1950 chio la chiave eheegli stringe, con la tenacia paurosa del carceriere,
870 1932 2227 2018 quella chiave che le aprirà la porta alla liberazione, ad undora di
869 1986 2227 2066 amore, In liglin versa nella pozione del padre il veleno di cento
880 2040 2218 2126 giorni. None forse a causa di lui, ehe i & Corazzieri azzurri — il
882 2080 2234 2168 fiore della gioventn — vanno oggi amorire? Molti anni ta, durante
881 2152 2223 2220 Tultima guerra, essi fuggirono: e fu suo padre, il vecchio Moser,
877 2203 2223 2288 preso dalla pazza paura della morte, quegli che li spinse a quel¬
877 2273 2218 2330 Patto di vilta: oggi essi vanno a riscattar l’onore della loro ban¬
875 2329 1680 2395 diera col sangue di tante giovani vite.
963 2360 2238 2449 Questo primo atto, ricco di grande emozione tragien, 6 dei tre
885 2422 2237 2503 il migliore: poi, l'azione si rallenta; e troppe divagazioni e troppe
888 2482 2237 2576 dissertazioni remdono il dramma spesso oschro e ineflieace: pure,
883 2533 2242 2611 anche negli atti snceessivi, vibra un senso tragico di vita, corre nn
882 2576 2246 2662 alito di fatalita ineluttabile, che si traduce scenicamente in pin di
886 2645 1753 2732 un dibattito di rarn potenza drammatien.
972 2682 2234 2782 Ad esempie la scena, nella quale il Colonnello, che sospetta di
883 2738 2244 2843 #esser tradito dal tenente Max. cerca di farlo confessare colpevole.
887 2796 2230 2869 #riveln un maestro del Teatro: e qnando Irene, ln moglie del Colon¬
901 2855 2249 2932 mllo. proponen Max di fuggire con lei, edi ricominciar la vita. e
899 2901 2249 2988 i1 Colonnello la necide; Maria, la giovinetta che e passata sopra i1
897 2975 2245 3059 corpo del padre per giungere n Max, enssiste, non veduta, alla
901 3008 2247 3102 scena. si donn a lni: poi, la mattina dopo, egli si necidera. &che
905 3075 2251 3147 importa! — dirà Maria al medico, all’atto seguente — cla notte 6
910 3127 2243 3208 stata nostra! s. Eil medico, paternamente, ecrea für comprenderea
899 3177 2243 3271 Maria tutto il valore della vita: Caterina, che e stata lei pure
911 3237 2249 3317 Pamante di undorn di un ufliciale che é andato alla guerra, e ritor¬
897 3298 2075 3378 nata alla ensa paterna soltanto per morirvi: Maria vivra.
988 3348 2256 3425 Pur non essendo questo Grido della Piin Popera migliore dello
904 3388 2266 3466 squisito antore di Anatol e di Liebelei, tuttavia si raccomanda al¬
912 3443 2259 3532 Pattenzione della eritica per la pittura dei earatteri magistrale.
904 3500 2266 3581 per un senso di vita frescoe sincero, quale troppo raramente tro¬
914 3571 1620 3651 viamo nei nostri antori di tentro.
