3436 4320
147 1805 282 1895 and.
131 1910 284 1994 rthur
149 2017 274 2076 uf des
159 2104 284 2158 *), das
137 2149 284 2211 ischen¬
146 2195 273 2244 ns die
165 2235 280 2299 hat;
142 2284 274 2338 Poeten
143 2326 278 2386 rvösen
144 2369 279 2428 te und
127 2411 273 2474 nden;
136 2459 275 2518 Heatra¬
148 2506 274 2559 eines
144 2548 283 2624 ig ist.
139 2618 288 2692 enschen
139 2678 292 2746 ie Art
148 2723 283 2785 r dem
138 2770 282 2825 sonbere
142 2815 290 2869 Frau
138 2861 292 2916 Selbst¬
145 2903 286 2963 reiten,
869 136 1040 220 des
1542 142 2005 233 box 24/1
1076 143 1133 220 L
247 152 1404 250 19. Der Ruf.ebens
292 1534 2255 1598 eine Schlacht verloren werden, ein anderer junger Offi=] Boden. Es ist eine schlimme Ungeschicklichkeit, daß sich
1278 1589 2254 1641 die Heldin hinter einem Vorhang verbergen muß, um zu
294 1590 1273 1647 zier Hand an sich selbst legen, eine hysterische Base nach
1276 1631 2248 1687 erfahren, daß ihr Liebster noch in ein anderes Abenteuer
296 1634 1259 1687 krankhaften Liebesverwirrungen an der Schwindsucht
1282 1682 2249 1730 verstrickt ist; und da ein Uebel selten allein kommt, be¬
293 1681 1262 1738 sterben — all das, damit die Heldin aus dem Labyrinth
1274 1712 2253 1773 gegnet der ominöse Vorhang noch in einem Duplikat,
292 1726 1264 1781 der Brust den Weg zu einem gefriedeten Dasein zurück¬
1275 1771 2250 1819 hinter dem sich der Overst „versteckt hält, um die Untreue
287 1770 1259 1830 findet, damit sie in idyllischer Waldesruhe von dem
1286 1805 2250 1864 seiner Gattin zu erlauschen. Es ist die schlimmste Un¬
288 1814 1272 1868 Kampf und Krampf des eigenen Herzens genese, damit
1270 1856 2256 1904 geschicklichkeit, daß besagter Oberst plötzlich aus seinem
289 1863 1261 1912 ein Arzt als Arzt der Seele und Raisonneur das
1271 1898 2260 1947 Schlupfwinkel klirrend ins Zimmer des vielbegehrten
285 1918 1274 1966 elegische Fazit ziehe: „Wer weiß, ob Ihnen nicht später
1273 1939 2247 1998 Leutnants springt und besagte Ehebrecherin kaltlächelnd
341 1952 1264 2003 viel später einmal aus einem Tag wie der heutige
1270 1987 2246 2041 niederknallt; darum die schlimmste, weil ein unvorbe¬
291 1998 1268 2047 der Ruf des Lebens viel reiner und tiefer in die Seele
1280 2028 2259 2088 reiteter Schuß auf der Bühne immer fehlgeht und nur
287 2034 1264 2090 klingen wird als aus jenem anderen, an dem Sie
1267 2070 2254 2126 das Peinliche der Ueberraschung mit sich bringt, das in
285 2078 1267 2132 Dinge erlebt haben, die so furchtbare und glühende
1267 2127 2253 2174 diesem Falle doppelt peinlich wirkt, weil uns die Frau
288 2125 1270 2186 Namen tragen wie Mord und Liebe.“ Es wird mit
1271 2162 2252 2225 Oberst (abgesehen von ihrer Liaison dangereuse) eine
289 2169 1268 2230 Kanonen (nicht nur bildlich) nach Vögeln geschossen;
1267 2204 2258 2256 völlig Fremde ist. Nicht minder staunen wir darüber,
282 2224 1264 2271 der Aufwand der Mittel steht in einem schrillen Miß¬
1276 2250 2258 2304 daß sich ein Meister des Dialogs wie Schnitzler hier in
283 2263 1262 2313 verhältnis zu der inneren Lehre, die in Goethes Worte
1284 2294 2256 2345 einer so papierenen Sprache oder novellistisch blumigen
287 2309 1261 2371 mündet: „Was soll all der Schmerz und Lust? Süßer
1274 2336 2248 2387 Ausdrucksweise gefällt. Was soll man von folgender
290 2350 1064 2406 Friede, komm, ach komm in meine Brust!“
1281 2371 2260 2436 Stelle halten: „Ich könnte in einer Stadt überhaupt
340 2383 1260 2447 Soll ich den Inhalt noch eingehender erzählen? Für
1268 2416 2257 2494 nicht wohnen. Wie ein Grauen überfällt es mich manch¬
290 2432 1262 2487 die Gattung der Melodramas gibt es keine furchtbarere
1273 2471 2250 2524 mal im Lauf der Straßen. Stockwerk baut sich über
293 2483 1267 2535 und zugleich fruchtbarere Kritik als die bloße Wieder¬
1278 2517 2257 2573 Stockwerk, die Fenster sind verhängt, die Türen zu, eine
293 2520 1265 2581 gabe der Fabel, auf der zum Schaden der Logik das
1276 2561 2255 2604 Steinwand starrt die andere an — ein beklemmender
294 2558 1268 2618 Schwergewicht ruht. Aber Schnitzler ist kein Philippl,
1274 2603 2248 2668 Ernst lastet über den Dächern, verworren scheint der
290 2605 1272 2659 kein Brieux und kein Pinero. Selbst eine pirfekte Ar¬
1275 2651 2254 2705 Tag und die Nacht gefährlich, und Schicksale fallen über
291 2650 1275 2714 beit von ihm darf den Anspruch erheben, daß ihre
1279 2691 2251 2749 die Menschen wie Räuber her“? Ist das noch lebendige
296 2706 1268 2755 Schwächen verschleiert, ihre Vorzüge doppelt betont wer¬
1278 2739 2250 2793 Sprache? Was denkt man von folgender, übel aufge¬
294 2742 1273 2800 den. Und die Schwächen sind diesmal mit Händen zu
1278 2785 2247 2839 bauschten Wendung: „Zu Wallungen eines irrgewor¬
292 2795 1273 2850 greifen. Sowohl was die Technik wie den Dialog be¬
1277 2828 2241 2884 denen Leib's hätt' ich das tiefste Walten meiner Seele
289 2836 1266 2890 trifft. Es ist eine schlimme Ungeschicklichkeit, daß der
1274 2875 2246 2931 umgelogen*? Und ein Dutzend solcher Entgleisungen
300 2878 1265 2932 Schluß des zweiten Aktes dem Schluß des ersten wie
1272 2914 2254 2976 könnte man mit Leichtigkeit zusammenstellen. Es hat
290 2922 1272 2985 ein Ei dem andern gleicht: beidemale stürmt die Heldin
277 2949 2248 3044 zum Liebesgenuß davon, beidemale liegt eine Leiche am! fast den Anschein, als habe Schnitzler das Romanhafte
2247 1521 3238 1592 der Ereignisse durch eine ebenso romanhaft gefärbte
2257 1576 3238 1640 Sprache stützen und unterstützen wollen; oder aber als
2268 1628 3239 1679 habe ihn die unnatürliche Handlung wider besseres
2256 1670 3240 1732 Wissen zu der unnatürlichen Ausdrucksweise gedrängt.
2315 1724 3240 1765 Doch all' das ist zu offenkundig, als daß man davon
2258 1756 3234 1820 viel Aufhebens machen sollte. Was jeder Kurzsichtige
2258 1811 3234 1864 sieht und mit Genugtuung feststellt, darf der Kritiker,
2262 1844 3231 1898 welcher seinen Namen vom scharfen Sehen hat, still¬
2265 1895 3244 1944 schweigend übergehen. Es handelt sich für ihn vielmehr
2265 1933 3241 1986 darum, aus einem so schwachen Werke noch die Vor¬
2261 1967 3240 2035 züge herauszuschälen. Und daß solche auch in dieser
2264 2016 3240 2082 Arbeit vorhanden sind, versteht sich bei einem so geist¬
2265 2059 3241 2121 reichen Manne wie Schnitzler von selbst. Der erste Akt
2256 2108 3243 2160 ist dramatisch der stärkste Trumpf, den der Dichter
2268 2150 3235 2213 bisher ausgespielt. Er ist so stark, daß er ihn zum Nach¬
2263 2204 3232 2256 teil des Ganzen, das eine natürliche Steigerung ver¬
2255 2239 3239 2295 langt, nicht mehr überbieten konnte und in dem Augen¬
2265 2284 3240 2337 blick unnatürlich ward, als er seine Trümpfe der Reihe
2260 2333 3234 2387 nach ausspielte. Und in diesem ersten Akte wird völlig
2260 2374 3239 2431 überzeugend=dargetan, wie ein von seinem Vater bis
2261 2415 3238 2476 aufs Blut gepeinigtes Mädchen an dem Kranken zur
2260 2460 3244 2523 Mörderiu werden kann. Dann läßt uns allerdings der
2256 2522 3235 2565 Bau des Dramas, das nach so kraftvollem Crescendo
2256 2548 3237 2611 flau verebbt, im Stich und wir müssen uns an die
2255 2594 3242 2653 Feinheiten des Dialogs halten, wenn wir einen Ersatz
2255 2640 3239 2703 suchen. Gerade diese Feinheiten wollen jedoch nicht ganz
2264 2698 3233 2755 zu den grobschlächtigen Vorgängen stimmen, so daß sich
2256 2729 3232 2794 aus dieser Mischung vielfach ein innerer Widerspruch
2264 2776 3236 2830 ergibt. Wenn etwa der siebenundzwanzigjährige Leutnant
2262 2820 3239 2873 Max mit der Abgeklärtheit eines Phikosophieprofessors
2255 2867 3241 2919 das tiefsinnige Wort ausspricht: „Wer nur an sich
2252 2902 3241 2963 denkt, stirbt in jedem Augenblick; wer die Zusammen¬
2251 2953 3238 3036 hänge begreift, lebt ewig“, so paßt dies weder zur Si¬
