3436 4384
631 114 3035 153 hallen, und ein Wort, das die Meisseit des Gegemtelss ille sast einwantofreies oramalisches Fragment geschassen¬
623 141 1836 219 lehrt, könnte ebenso viele gleichgestimmte Saiten in uns
1823 154 3032 242 Die kunstvolle Konstruktion des Einzelfalles, die in früheren
625 180 1832 265 mittönen lassen. Wie sind die Menschen, wenn sie wissen,
1827 209 3040 270 Stücken seinem Beispiel die beste Kraft gefährdete weil sie
618 236 1838 317 daß sie kurz vor dem Tode stehen? daß sie nach drei Jahren,
1827 249 3035 333 zu artistisch wirkte, wird diesmal zu Gewinn. Wundervoll
623 270 1833 346 nach einem Jahr, nach einer Woche, nach einem Tag, nach
1835 294 3024 371 sind die Jäden zum neubelebten Schicksalsgedanken ver¬
608 318 1827 395 einer Stunde sterben werden? Das ist das Lieblingsthema
1836 341 3019 425 woben. Mariens Vater hat die Schuld auf sich ge¬
613 370 1823 437 Arthur Schnitzlers. Episch und dramatisch, in Prosa und in
1823 375 3037 446 laden, um die nun so viel junges Blut sühnend
611 408 1824 481 Versen hat er seinen Geschöpfen schon alle Fristen gestellt,
1826 421 3038 490 sich selbst hingießt. Wie ein Stärkeres, das vorher garnicht
607 444 1816 521 sie in wallenden Prunk=Gewändern, in knappen farbigen
1828 464 3038 548 in ihm selbst gelebt hat, überfiel es ihn damals; auch ihn
614 489 1824 564 Uniformen und in grauen Alltagskleidern den Ruf des Todes
1821 512 3035 588 rief plötzlich das Leben; leben wollte er, Weib und Kind
614 524 1824 612 hören lassen, um ihnen den Schrei des Lebens zu entlocken;
1824 551 3029 627 haben. Da floh er vor der Schlacht. Und das Weib ver¬
609 573 1819 650 hat ihr tropfenweise versickerndes Blut in blumenbekränzten
1821 600 3038 681 achtet ihn, das Kind quält er, noch immer am Leben klebend,
615 618 1834 712 Schalen aufgefangen und den Sauerstoff eines ganzen
1822 645 3035 708 und sie duldet es, bis ein Leutnant von den blauen
598 676 3029 769 Lebens in ihre letzten Atemzüge gepreßt. Aber nur Kürassieren, gerade da sie ausziehen, um das zu sühnen,
600 718 1822 788 eine, eine einzige hat er bisher um das Ende
1819 726 3020 810 dem Marie ihr Leben verdankt, sie unwiderstehlich an sich
612 744 1218 823 betrogen: Marie Moser,
1218 772 1813 835 die Heldin seines letzten
1812 764 3013 854 lockt. Weil der Alte zwischen Marie und ihrem von ihm selbst
602 798 1821 872 Schauspiels „Der Ruf des Lebens“. Sie läßt er das Leben
1815 822 3016 886 ausgehenden Schicksal steht, muß er fort, und er, der sich
596 835 1813 921 in letzten Stunden der anderen vom Abgrund der Vernich¬
1814 857 3028 938 hämisch freute, daß er die Jungen überleben werde, stirbt
610 892 3017 982 tung pflücken und dann weiterleben. Als sie glaubte, daß als erster von den blauen Kürassieren den Sühnetod für
597 919 3014 977 ihr der Ruf des Lebens unwiderstehlich erschalle, da rief sie alte und neue Schuld. Und weil Marie erst über seine
596 986 1816 1045 in Wahrheit der Tod und lockte sie, das Leben im Feuer¬
1806 990 3018 1077 Leiche zu ihrem Schicksal konnte, kommt sie zu spät. Darum
593 1023 1812 1092 werk einer Nacht erglänzen und dahinrauschen zu lassen.
1806 1036 3024 1111 muß die Frau des Obersten vor ihren Augen sterben, darum
599 1057 1806 1142 Und obgleich sie das Schärfen seiner Seuse für die Fanfare
1808 1073 3021 1162 ist Max nicht mehr der Soldatentod vergönnt. So „fallen
603 1115 1812 1180 des Lebens hielt, war sie bereit, den Anfang an das Ende
1809 1120 3023 1197 Schicksale über die Menschen wie Räuber her“ und ganz
602 1155 1809 1234 zu knüpfen. Sie verscherzte das Leben vor sich und der Welt,
1815 1164 3019 1249 wie in der antiken Tragödie wird die Schuld des Ahnherrn
600 1200 1801 1278 als sie es mit gierigen Armen an sich zu pressen versuchte,
1811 1213 3019 1300 zum Schicksal für ein Geschlecht und alle, die dessen Weg kreuzen.
599 1234 1814 1306 und die eigene Todesentschlossenheit war es, die ihre Pulse
1817 1256 3024 1319 Das Leben wertet achtlos und spielerisch Schuld und
593 1278 1815 1351 fliegen ließ und dem Vater den Todestrank kredenzte, weil
1807 1297 3014 1375 Verdienste um, aber es kann das mechanische Fortwirken
592 1329 3008 1416 sein Lebenshunger sie an der Sättigung hinderte. Dann eines Geschehnisses nicht aufhalten, das blind Taten und
587 1378 1815 1456 gab ihr das Leben an der Schwelle des Todes eine Parade¬
1805 1384 3024 1483 Ereignisse zeugt, gute und böse, gleichgültig, ob Schuld oder
593 1427 1809 1495 vorstellung mit den protzartigsten Knalleffekten, die es auf
1802 1420 2471 1512 Verdienst am Eingang standen.
595 1454 1814 1541 Lager hat: den Mord am Vater, die fieberische Jagd zum
1873 1484 3031 1558 Prächtig gelingt es Schnitzler, den ewigen Sieg der
590 1499 1797 1580 Geliebten, das Betrogensein vor dem Geliebtwerden, das
1807 1497 3027 1607 Alltäglichkeiten des Lebens über die Gewalt des Todes¬
589 1544 1807 1616 Zittern für den Mann, den Anblick fremden Sterbens, die
1802 1576 3022 1659 gedankens auch in den Nebenfiguren plastisch werden zu
582 1578 1797 1667 Angst verschmäht zu werden, die Schauer der Erfüllung,
1806 1618 3022 1694 lassen. Wie z. B. „die Tante Richter“ im ersten Akte
587 1626 1797 1718 die Raserei einer Liebesnacht und die Schmach des
1796 1659 3025 1742 Marie erzählt, daß sie nun auch ihre letzte Tochter sterben
577 1678 3005 1784 Morgens den Schmerz des Verlustes und den Gang sehen müsse und dabei in demselben Atemholen die Wolle
583 1739 3009 1838 zur Sühne des Lebens — wahrhaftig, sie hat ihr lobt, die sie beim „türkischen Sultan“ zum Kissen für den
590 1771 1787 1849 Eintrittsgeld nicht umsonst bezahlt! Und noch mehr:
1797 1790 3009 1859 Diwan, wo sie im Sommer immer den Kaffee trinken, ge¬
586 1811 1802 1888 Was sie für das vollendete Drama nahm, war nur eine
1788 1839 3011 1929 kauft hat, — das präludiert der Weisheit letzten Schluß im
588 1855 3017 1971 Art Vorspiel, eine Katastrophe am Beginn — das Stück Abgesang dieses Dramas meisterhaft. Die Steigerung in
584 1901 3002 2010 war im Aufbau verfehlt. Aber auch solche Stücke werden der Motivierung des Vatermordes ist überzeugend, nur
580 1957 3001 2052 zu Ende gespielt. Und sie ertappte sich dabei, daß sie scheint mir die Retardierung nach dem Eingießen des
592 1996 2660 2088 sogar mit der Zeit wieder einiges Interesse daran fand, daß Giftes — nach dem Entschluß also
2736 2024 3013 2095 durch die
590 2027 1948 2107 sie an mancher Situation, an manchem Wort Gefallen fand, etwas
1930 2055 2051 2112 zu
2051 2058 3005 2131 impressionistisch angelegte Erzählung des
590 2083 2754 2173 daß sie nach dem Anblick des Grauenhaften noch lächeln Alten von seiner Flucht aus der Schlacht
2762 2119 3000 2177 — bedenk¬
583 2128 3002 2187 konnte, daß man auch „aus einem solchen Schicksal wieder lich; hier quält den Zuschauer alles, was nicht ersicht¬
574 2166 1786 2252 emportaucht wie aus einem wilden Traum — und wacht
1785 2179 3013 2265 lich der Katastrophe zudrängt. Würde Marie erst
582 2208 1306 2281 und lebt und sich sehnt zu leben.“
1783 2229 2996 2308 durch die Erzählung vom letzten Zögern befreit, dann käme
671 2264 1789 2342 Aber dieses Drama nach der Katastrophe ist uns
1795 2273 3002 2346 kein Motiv gleichsam der Tat nachgehinkt. Von im¬
590 2308 1782 2380 Schnitzler diesmal noch schuldig geblieben. Er hat es uns
1794 2317 3001 2401 ponierender Knappheit und edelster Schlagkraft ist die
582 2352 1790 2436 gezeigt, uns erzählt, daß seine Seele davon erfüllt ist und
1789 2361 2996 2446 Szene zwischen Max und em Obersten am Fenster; es
580 2398 1781 2459 seine Kunst dafür heranreift, er hat es versprochen. Dies¬
1793 2405 3003 2487 gibt nicht viel, was ihr auf der deutschen Bühne an
1782 2445 2050 2509 die Seite
585 2449 1783 2508 mal hat er das Thema seines bisherigen Schaffens zu
2171 2463 3007 2533 stellen wäre. Dagegen fällt die
587 2485 1785 2553 einem Ende gebracht, das die Ueberwindung dieses Stoffes
1797 2493 2995 2566 Szene zwischen Max und Irene stark ins Konven¬
581 2526 1794 2602 bedeutet. Er läßt uns hier auch hoffen, daß er sich von
1783 2541 2995 2620 tionelle hinab; die Frau Oberst ist ein totes Requisit.
576 2564 1786 2651 der Ueberschätzung des rein Erotischen befreien wird. Diese
1786 2579 2990 2655 Erst mit dem Sprung des Obersten durchs Fenster ins
584 2611 3000 2718 Verheißung glaubte ich schon aus dem „Zwischenspiel“ Zimmer gewinnt Schnitzler die frühere Höhe wieder. Die
577 2671 1787 2731 heraushören zu dürfen. Dort ist auch das neue Thema
1792 2682 2999 2744 Schlußszene zweiten Aktes leidet an ihrem Parallelis¬
579 2710 1780 2777 schon angedeutet, das diesmal dort sichtbar, — wenn
1778 2709 2997 2792 mus mit der des ersten und wirkt verwirrend; das Weg¬
581 2755 1776 2822 auch noch nicht lebendig — wird, wo die dramatische
1777 2759 2999 2835 laufen des Paares in den Kasernenhof vermittelt die
573 2808 1780 2872 Kraft des Dichters erlahmte: die physische Um¬
1783 2803 3002 2879 Situation nicht. Auch hat man nicht Zeit, sich vorzustellen,
577 2853 1778 2914 wertung aller psychischen Lebenswerte. Das ist natürlich
1778 2844 3003 2924 daß die beiden an einander warm werden. Das müßte trotz
568 2899 1781 2947 bloß ein neues Gewand für etwas sehr altes; man könnte
1778 2888 3006 2969 alledem und alledem an der Leiche geschehen. „Ward je in
568 2922 2990 2967 dafür zwei Gemeinplätze setzen, wenn man sich nicht gerade solcher Laun' ein Weib gefreit?“ Das hat Shakespeare ge¬
577 2964 2991 3063 bei solchen das Denken abgewöhnt hätte: „Die Zeit heilt wagt. Schon Francillon macht sich zwar darüber lustig,
566 3016 2983 3099 alle Wunden" und „Es ändern sich die Zeiten und daß die Männer stets zur Liebe bereit sind, so oft sie eine
567 3064 1777 3128 wir mit ihnen". Aber vielleicht ist es gut, manches
1774 3065 2975 3143 Frau freundlich anblickt; aber dem Herrn Leutnant, so sollte
568 3119 1778 3173 ein wenig unverständlich zu sagen, um es verständ¬
1775 3113 2986 3185 man meinen, dürfte für den Augenblick doch die erotische
569 3152 1773 3223 licher zu machen. Nicht die Zeit heilt die Wunden,
1776 3153 2987 3245 Stimmung fehlen. Man würde es begreifen, wenn er
570 3194 1768 3270 sondern Hunger, Durst, Müdigkeit, Krankheit, Genesung,
1777 3193 2984 3281 Marie mit dem bitteren Hohn heimzuschicken versuchte, daß
571 3239 1769 3306 neue Wunden, die Sonne, der Wald, die Blumen
1780 3239 2981 3316 sie nun doch zu spät gekommen sei, und wenn sie ihm dann
569 3288 1773 3351 heilen sie. Es gibt auch diesmal ein einfaches Wort dafür,
1779 3289 2986 3370 entgegenschrie, sie habe ja erst einen Vater morden müssen!
1780 3328 2318 3396 Dann ... dann vielleicht.
576 3322 1776 3391 ein viel zu einfaches: die Natur. Und die Natur heilt nicht,
564 3376 1774 3436 sondern sie setzt ihre gegenwärtigen sich stets erneuernden
1835 3384 2986 3454 Das Publikum wurde bei der Aufführung schon nervös,
564 3419 1774 3474 Bedürfnisse gegen alle zeitlich abgelaufenen Sensationen
1780 3431 2985 3508 als der Oberst seine Frau niederknallte. Eben weil es
560 3461 1764 3520 durch. Die Hungerregung von heute ist immer stärker als
2760 3478 2816 3519 4
1767 3467 2995 3547 knallte; die Hörer fahren zusammen, sind aus der Stimmung
557 3509 1772 3565 die Verzweiflung von gestern; ein Sonnenstrahl dieses Tages
1771 3515 2993 3589 und gehen nicht rasch wieder mit. Fürs Theater sollte man
566 3557 1763 3611 behält recht gegen den Wolkenbruch der letzten Nacht. Und
1775 3557 2979 3637 knallschwaches Pulver erfinden, dann wäre das Tot¬
562 3602 2799 3647 dieser Sieg der Lebensfunktionen bewirkt Wunder an schießen dem Publikum weit sympathischer.
2789 3615 2997 3693 Denn
562 3633 1418 3711 psychischen Umwandlungen in uns.
1401 3663 2972 3726 Schließlich wird daß man Schnitzler eine Kolportagehandlung vorge¬
571 3689 1652 3741 Maria der milde Ruf des Lebens an
1669 3692 1771 3743 die
1764 3680 2071 3747 worfen hat,
2067 3695 2990 3764 weil einer vergiftet und eine erschossen
568 3720 1762 3784 Seite des einst geliebten, dann verschmähten Forstadjunkten
1769 3733 2973 3807 wird, ist doch wohl nicht ernst zu nehmen. Nicht die Zahl
559 3770 1756 3824 fast so laut und so lockend erscheinen, wie der wilde Schrei,
1765 3776 2969 3852 der Toten entscheidet darüber, ob ein Stück ein Kunstwerk
569 3809 1755 3873 der sie einst über Leichen dahinjagte. Während sie sich noch
1772 3822 2973 3893 oder ein Sensationsmachwerk ist; sonst würde Shakespeare
556 3861 1756 3917 psychisch daran klammerte, daß jene Nacht alles und dieses,
1769 3863 2971 3941 recht schlecht wegkommen. Man soll die Toten wägen und
565 3908 1762 3957 Leben nichts bedeutet, hat das bloße Atmen, Nahrung zu
1758 3898 2983 3988 nicht zählen. Und auch darauf kommt es an, wie laut, wie
554 3950 1772 3997 sich nehmen und Spazierengehen, ihr den so angst¬
1762 3962 2972 4032 eindringlich ihnen der Ruf des Todes erklungen ist. Für
554 3988 1625 4060 voll gehüteten Seelenbesitz schon entwendet.
1761 3992 2983 4089 die Sterbenden in Schnitzlers Stück war er mächtig genug.]
548 4030 999 4108 der Flucht der
1011 4027 1774 4099 blauen Kürassiere vor dreißig
550 4082 1667 4149 Jahren ist eine klügelnd bezweifelte Legende
1651 4087 1765 4137 ge¬
566 4113 1796 4176 worden und schon bemächtigt sich das Leben, nach dem
