3484 4320
224 261 1378 359 19. Der Ruf des Lebens
476 697 888 860 ger. Vernaphen
606 783 688 845 für
387 781 445 855 8
343 837 925 948 ZEITUNGS-AUSSCHNITTE
418 922 837 1018 „Alles-Leser
285 977 994 1060 FRIEDRICH FERIZ & CRORG WEINBERGER
537 1061 741 1143 WIEN.
335 1118 948 1207 I., Singerstrasse 13
439 1180 837 1258 Telephon Nr 9133.
547 1230 731 1323 —
561 1315 1387 1425 „Wr. Mittags-Zeitung y
1382 1364 1657 1479 DEZ 1909
478 1478 1323 1595 Theater und Kunst.
429 1578 1467 1650 (Deutsches Volkstheater.) „Der Ruf
303 1639 1452 1701 des Lebens“ von Arthur Schnitzler ist ein
304 1665 1459 1752 intellektuelles Werk, es ist ein Stück mit Koblek Gedanken,
311 1744 1466 1787 mit kultivierten Gefühlen, wenn es auch kein Theaterstück
309 1783 1454 1843 ist. Es hat einen Akt von Sardouscher Bühnenkraft,
319 1822 1470 1884 aber zwei, die nur von Schnitzlers novellistischen Qualitäten
311 1878 1472 1937 leben. Wenn das Werk trotzdem einen rauschenden Erfolg
325 1924 1460 1978 fänd, so ist dies nicht zuletzt der Feinhörigkeit eines
321 1981 1470 2041 Publikums zu danken, das sonst nur dramatischen Exzessen
323 2028 1462 2085 willig nachgibt. Daß es der psychologisch=raffinierten Diktion
323 2069 1468 2141 Schnitzlers folgte, ist ein wesentlicher Fortschritt in seiner
321 2123 1463 2181 Aufnahmsfähigkeit. Zumal „Der Ruf des Lebens“ im
315 2167 1470 2237 Volkstheater mit viel Mühe, aber nur in den Frauenrollen
313 2229 1472 2275 mit viel Erfolg gespielt wurde. Also von Fräulein Hanne¬
314 2266 1474 2323 mann, die einen überzeugenden Ton der um ihre Lebens¬
324 2321 1463 2378 freude betrogenen Jugend hatte, von Fräulein Müller,
321 2365 1465 2423 die ein armes, dem Tode verfallenes Geschöpf seltsam
316 2403 1474 2486 gespenstisch zeichnete, und vor allem von Lilli Marberg,
320 2469 1480 2527 die den „Ruf des Lebens“ mit einer wundervoll mit¬
315 2509 1479 2561 reißenden, betörenden, von innerer Glut gefärbten Stimme
328 2570 1471 2625 ausstieß. Aber Herr Homma war so monoton, daß er
327 2614 1469 2673 fast farblos schien, Herr Kramer hatte zu wenig schau¬
323 2664 1478 2724 spielerische Kraft, in unmittelbarer Todesnähe, also unter
329 2718 1475 2767 so und so viel Atmosphären Druck, einen Menschen zu ge¬
333 2752 1475 2822 stalten, und Herrn Weisse mißlang die Darstellung eines
330 2801 1485 2869 witzigen und in der Ungeheuerlichkeit seines Witzes groß¬
324 2848 1479 2907 artigen Menschen. Er bringt immer nur die körperliche
323 2904 1174 2972 Dimension, nie aber das geistige Maß mit.
461 2939 1490 3015 (Theater in der Josefstadt.) „Baron
324 2983 1487 3078 Liederlich“ von Heinrich Schrottenbach. Eine Komödie
330 3044 1480 3109 aus nicht gar neuen Motiven, Hochgericht über die Faulen
323 3091 1488 3156 und Liederlichen, Fortunas Füllhorn über die Braven und
333 3146 1477 3205 Arbeitsamen. Moralprotzige Schicksalsweisheit fließt in
336 3191 1485 3251 dicken Tropfen. Der Grazer Autor hat die Sache theatralisch
334 3241 1479 3301 geschickt gemacht, tritt Unebenheiten und Unwahrscheinlich¬
334 3285 1477 3354 keiten mit breitem Schritt nieder. Und vor allem sind zwei
329 3340 1490 3409 Vombeurollen da. Für Herrn Jarno ein Bruder
327 3394 1486 3454 Liederlich, halbungarische Ausgabe, so ein charmanter
336 3446 1486 3501 Bramarbas, gutmütiger Lump, mit faulen Akzenten und
339 3494 1487 3563 schleißiger Noblesse, ein Kerl, aus hundert Nuancen ge¬
339 3547 1481 3608 gossen. Für die Niese das Mädel aus dem Volk, die
341 3580 1485 3652 Kreuzbrave und in allen Nöten Kreuzfidele, resolut bis
335 3636 1494 3700 zur Wurfgrobheit, dabei herzensweich bis zum inwendigen
340 3681 1489 3758 Schluchzen; und sie rackert sich unter Lachen und Weinen
349 3730 1498 3786 ins amerikanische Brautglück hinein. So was zieht. In
336 3777 1491 3845 kleineren Rollen die Herren Träger, Strobl, Mayerhofer,
339 3820 1485 3885 Köstlin, Fräulein Bock, ein herziger Backsisch, Fräulein
341 3870 1512 3951 Schweickhart und Schleinis. Schrottenbach hat die Josef¬
352 3925 1525 3991 städter Bühne richtig in ##e moralistische Anstalt verspandel¬
1534 257 1983 344 box 24/3
2742 508 3133 612 Telephon 12.801.
2823 617 3042 701 64 —
2060 675 2130 727 1
2180 675 2236 758 —
2258 677 2887 770 „ODSENPER
2045 741 3114 843 I österr. behördl. konz. Unternehmen für Zeitungs-Ausschaltte
2170 805 3012 913 Wien, I., Concordiaplatz 4.
2373 881 2814 959 Vertretungen
2043 943 3119 1005 in Berlin, Budapest, Chicago, Christiania, Genf, Kopen¬
2057 981 3137 1050 hagen, London, Madrid, Mailand, Minneapolis, New-Vork,
2101 1021 3098 1093 Paris, Rom, San Francisco, Stockholm, St. Petersburg.
2396 1071 2810 1136 (Quellenangabe ohse Gewähr).
2043 1109 2383 1213 Ausschnitt aus
2346 1137 3184 1244 Neuigkeits Weltblatt, Wien
2056 1221 2519 1338 vom: 141171909
2095 1361 3106 1470 Theater, Kunst und Musik.
2538 1446 3076 1525 Wien, 13. Dezember 1909.
2324 1526 2869 1584 Deutsches Volkstheater.
2112 1576 3090 1645 „Der Ruf des Lebens“, Schauspiel in drei Aufzügen von
2165 1629 3051 1686 Artur Schnitzler. Erste Aufführung am 11. Dezember 1909.
2132 1675 3131 1751 Schnitzlers Freiaktiges Schauspiel „Der Ruf
2341 1741 3128 1800 ds Samstag unter starkem äußeren
2102 1780 3127 1836 Erfolg zum erstenntal in Wien über die Bühne ging, ist
2094 1822 3123 1886 technisch ein schlechtes Stück — ein recht schlechtes Stück.
2100 1862 3133 1934 Unwahrscheinlich gekünstelt in den Motivierungen,
2101 1930 3127 1983 willkürlich, marionettenhaft in der Szenenführung, locker
2100 1960 3123 2023 im Aufbau. Ganz ungleichmäßig in der Wahl der
2101 2020 3126 2078 Mittel: zarte, feine Piuselstriche neben dickaufgetragenen,
2095 2063 2662 2129 schreiendgrellen Farbenklexen.
2136 2075 3149 2174 Oder man gibt zu, daß hier ein neuer Inhalt die
2099 2152 3132 2209 herkömmliche Form zersprengt und die alte Dramaturgie
2093 2200 3139 2261 eben daran Schiffbruch erleidet. Und der neue Inhalt
2105 2233 3140 2310 wäre, daß der Dramatiker nicht eigentlich ein Menschen¬
2106 2294 3147 2355 schicksal zeichnet, sondern das dämonische Walten einer ##
2107 2339 3149 2394 unsichtbaren Macht aufzeigen will, die über die
2103 2388 3140 2445 Menschen kommt, der die Menschen nur Mittel sind.
2101 2435 3146 2518 Und diese urgewaltige Kraft, das ist das Leben, das
2111 2497 2720 2549 lockende, rusende Leben.
2147 2508 3135 2606 Alle haben den Ruf des Lebens einmal gehört. Der
2110 2579 3138 2636 alte Rittmeister Moser damals in der Schlacht und da
2115 2622 3131 2687 war er aus Angst vor dem Tod geflohen und hatte sein
2101 2669 3129 2735 ganzes Regiment, die blauen Kürassiere, mit fortgerissen.
2111 2715 3140 2785 Dreißig Jahre sind seither vergangen. Wieder ist Krieg
2114 2768 3180 2827 im Land und die blauen Kürassiere haben geschworen,
2104 2826 3179 2874 die Schmach von damals zu tilgen: alle wollen sie den
2109 2860 3138 2932 Heldentod suchen. So ließ das lockende Leben den alten
2107 2899 3143 2970 Moser schuldig werden am Tod so vieler, Aber es straft
2114 2960 3146 3026 ihn auch. Seine eigene Tochter Marie, welcher der alte
2112 3019 3142 3062 Mann all ihre Jugend vergällt, da er ihr das Leben
2106 3054 3137 3108 „draußen um die Eck“ nicht vergönnt, vergiftet ihn
2118 3108 3146 3161 und von seiner Leiche weg eilt sie dem Ruf des Lebens“
2112 3140 3136 3205 nach, zu ihrem Max, der Offzier bei den blauen
2113 3199 3148 3250 Kürassieren ist. Das zweite Opfer des rufenden Lebens.
2148 3245 3139 3294 Und Max? Die Frau seines Oberst liebt ihn leiden¬
2114 3290 3169 3342 schaftlich, sträflich und ruft ihn zum Leben. Was soll
2121 3330 3150 3399 ihm und ihr sein Tod mit den Kameraden draußen?
2113 3380 3165 3445 Er weist sie fort — da kliert das Fenster — der Oberst
2117 3416 3147 3493 hat sie überrascht, ein Pistolenschuß und das Weib sinkt
2104 3470 3147 3524 tot zu Boden. „Herr Leutnant, nehmen Sie den Mord
2110 3520 3149 3582 auf sich!“ Und Max erlebt in Mariens Armen eine
2114 3562 3158 3634 letzte Nacht voll Liebe und Leben und, als der Morgen
2118 3631 2802 3677 graut, da greift auch er zur Pistole,
2159 3645 3159 3721 Dann Katharina, Mariens Base, neunzehn Jahre alt.
2118 3701 3150 3778 schwindsüchtig. Sie weiß es, mit zweiundzwanzig ist sie
2127 3754 3158 3822 tol wie ihre Schwestern, drum will sie leben, leben!g
2125 3806 3147 3880 Und sie wirft sich jenem Leben in die Arme, das auch
2123 3853 3150 3904 Laster heißt. Nur einmal kehrt sie noch heim, verstört,
2115 3895 3148 3969 verwirrt, „nur auf ein Stündchen“ um zu sterben. Noch
2121 3959 3149 4006 zwei Menschen gehen durch das Stück, zwei stille
2125 3985 3141 4057 Menschen: ein Forstadjunkt, der zuerst Katharina liebte,
2119 4035 3150 4104 dann Maria und der jetzt wartet — ohne jeden Groll,
2123 4087 3148 4145 nur Verstehen und Mitleid im Herzen und, dann der
2115 4119 3151 4184 Hausarzt Mosers, der einmal Marien zugerufen, sie soll
3035 4171 3147 4229 Lala!
2431 4181 2555 4258 K
