3484 4256
1573 238 2051 346 box 24/3
257 249 1429 350 19. Der Ruf des Lebens
1461 1236 3365 1303 —. Ne hente begonnene Dostrutton ffranzösischer Sprache mit der Postsparkassa zu sstür
2247 1271 3373 1337 verkehren. Wie nun die tschechischen Blätter heute des D
305 1259 1680 1356 Schreiner teilnahm, im Sinne seiner fortsetzen werden.
3221 1372 3350 1432 den
2251 1374 3223 1438 nur geschehen ist, weil eine junge Frau einen
1294 1371 2269 1439 einziehen, dessen kein Fürst der Schlachten sich
313 1384 1303 1441 Flucht der blauen Kürassiere. Der Oberst!
3218 1418 3353 1481 diese
2264 1410 3224 1476 alternden Mann betrog. Vielleicht hat der Oberst
1289 1425 2264 1489 schämen brauchte; wird dahinfahren wie ein
315 1433 1301 1507 weckt diese Erinnerung auf, reißt sie empor.
3211 1462 3380 1532 veral
2259 1471 3227 1527 die Schuld der blauen Kürassiere nur ersonnen.
1285 1476 2253 1550 Wettersturm, und in der brausenden Schön¬
307 1477 1297 1544 jagt sie vor sich her, zündet sie an, bis sie in
3213 1512 3371 1582 erinn
2253 1522 3224 1583 Niemand weiß es. Auch Mariens Vater, der vor
1287 1524 2261 1585 heit seines Sterbens ewig leben: der Oberst,
312 1529 1291 1605 jedem Herzen lichterloh brennt. Er weiht das
3215 1567 3374 1634 Inha
2255 1561 3230 1626 dreißig Jahren mit dabei gewesen, bildet sich's
1293 1575 2264 1658 der die blauen Kürassiere befehligt und dem
314 1578 1300 1646 ganze Regiment dem Tode. Sich selbst mit
3223 1617 3373 1680 ihnen
2264 1615 3223 1675 jetzt vielleicht nur ein, weil alle es sagen: die
1297 1611 1682 1709 Schicksal gebietet.
304 1623 1298 1703 dazu. Aber das ganze Regiment, alle, alle, die
3218 1669 3372 1731 haben
2261 1669 3228 1727 blauen Kürassiere seien damals die ersten ge¬
1328 1643 2265 1741 Dieser funkelnde Mann, der in seiner Ver¬
306 1679 1308 1743 sein Verdacht nur je gestreift, und tausend Un¬
3222 1712 3378 1781 gefüh
2249 1709 3235 1780 wesen, die flohen. Auch andere Regimenter
1300 1720 2267 1780 achtung des Daseins eine so ungeheure Form
318 1735 1293 1801 schuldige mit ihnen. Es ist eine großartige Rache,
3224 1763 3374 1832 einzig
2252 1755 3231 1816 haben an jenem Tage die Flucht ergriffen. Kein
1291 1760 2270 1828 des Selbstmordes erfand, erscheint anziehend
309 1771 1306 1842 an der sich sein Stolz und sein Witz berauscht.
3219 1806 3376 1897 gelank
2260 1808 3228 1875 Mensch vermöchte mehr zu sagen, wer die Schuld
1297 1818 2260 1887 und bewundernswert wie ein Künstler. Daß
339 1838 1291 1891 Was konnte ihm dieser Krieg edleres
3258 1857 3383 1933 So
2268 1859 3228 1927 trägt. Aber wie es immer gewesen sein mag;
1290 1857 2265 1932 er seine Rachgier mit der prunkvollen Ballade
297 1883 1302 1962 bringen? Ein Zufallssterben? Er würde es
3217 1897 3368 1977 diesen
2266 1914 3229 1982 auch der Oberst mit all seinem Witz und mit all
1288 1916 2263 1989 patriotischen Opfermutes umhüllen konnte,
309 1927 1295 1997 mit Unzähligen teilen und ruhmlos bleiben.
2260 1958 3235 2026 seiner stolzen Kraft ist nur ein winziges, ohn¬
3222 1959 3367 2022 seine
1293 1969 2261 2020 macht ihn beinahe zum Dichter. Aber es öffnet
300 1972 1294 2049 Die Heimkehr mit einem Orden und als
3229 1996 3382 2079 Atmo
2257 2000 3244 2075 mächtiges Wesen, spurlos forkgeweht vom
1286 2005 2269 2095 auch einen Tiefblick in die geheimen Unter¬
308 2025 1294 2095 General? Es werden viele mit Orden und
3221 2058 3374 2121 Schn
2262 2050 3240 2127 Atem des ewigen Geschickes. Er hat ja diesen
1299 2071 2016 2139 gründe vieler frommer Legenden.
303 2079 1297 2139 Würden heimkehren. Er aber ist der einzige,
3226 2108 3384 2168 diesen
2259 2107 3230 2170 Krieg nicht beschließen können; wahrscheinlich
1325 2105 2269 2188 Der Bann des Sterbens, den der Oberst
305 2107 1295 2190 der beim Ausmarsch schon des höchsten Ruhmes
3231 2158 3377 2215 Luft
2259 2152 3233 2220 hat nicht einmal der Kaiser die Macht gehabt,
1286 2170 2265 2250 über die Menschen hingebreitet hat, treibt all
314 2174 1300 2238 sicher sein darf. Was tut es, daß er in den Tod
3222 2207 3363 2274 der ##
2269 2205 3236 2270 den Krieg abzuwenden oder heraufzubeschwören.
1295 2222 2266 2284 ihr Wünschen, all ihr Tun zu raschem Auf¬
304 2227 1305 2283 reitet. Dieser Tod ist die Unsterblichkeit. Der
2274 2246 3242 2317 Der Oberst und seine Frau, ihr Liebhaber und
3232 2248 3375 2325 schärf
1293 2266 2268 2333 flammen. Deshalb ermordet dort in der kleinen
313 2272 1299 2348 Oberst der blauen Kürassiere wird in der Ge¬
2268 2304 3232 2379 Marie, die kranke, junge Katharine und Mariens
3224 2307 3372 2380 allge
1291 2314 2266 2374 Vorstadtwohnung die arme Marie ihren
308 2325 1303 2401 schichte, in den Balladen, in den Heldenbüchern
2272 2347 3239 2420 alter Vater und die anderen alle, sie sind zu¬
1298 2364 2269 2431 bösen alten Vater. Denn morgen früh reiten
310 2376 1296 2436 unvergänglich fortleben. Und niemand wird
3221 2409 3367 2467 der
2273 2404 3236 2465 sammen in den Lichtstrahl einer Abendstunde ge¬
1290 2415 2276 2484 die Kürassiere ins Feld, und diese letzte Nacht
314 2424 1300 2501 wissen, daß er nur seinem verwundeten Herzen
2274 2440 3238 2519 bannt und versinken miteinander im selben
3230 2446 3367 2514 des
1299 2466 2282 2535 gehört dem Leben; und der Mann, den Marie
315 2476 1305 2547 ein Racheopfer dargebracht hat. Welch ein
2268 2503 2941 2572 Schatten derselben Dämmerung.
1292 2518 2271 2583 liebt, ist bei den blauen Kürassieren. Da eilt
313 2516 1296 2576 Opfer! Alle die vielen frischen, blühenden
2308 2532 3245 2623 Dieses Stück will über Einzelmenschen und
1293 2553 2272 2646 sie über die Leiche des Vaters hinweg in die
313 2569 1303 2631 Menschen, denen die treulose Frau zugelächelt
3221 2601 3368 2675 zwisch
2267 2600 3231 2675 über Einzelschicksale hinaus zu einem Gesamt¬
1299 2615 2145 2700 große Stunde, die ihrer Jugend schlägt.
315 2623 1298 2672 hat, alle, alle, nimmt er mit sich. Keiner wird
3221 2642 3383 2726 däm
2277 2656 3229 2721 bild des Lebens. Es will vielleicht auch über das,
1335 2654 2268 2723 Deshalb spürt die junge Katharine doppelt
311 2656 1302 2725 fehlen. Auch diejenigen, die ihn betrogen, die
3221 2703 3371 2764 man
2269 2711 3232 2786 was wir Schicksal nennen, hinaus zu einem
1302 2698 2273 2774 brennend, daß sie den Todeskeim in der Brust
314 2722 1304 2785 sein Bett geschändet, die etwa seiner gespottet
2994 2749 3053 2783 —
3234 2740 3383 2811 druck
2272 2743 3247 2818 Durchdringen all der kleinen Zufalligkeiten,
1303 2760 2270 2819 trägt, lernt jetzt, in der Bangigkeit, die der
303 2761 1297 2828 haben, werden mit dabei sein. Demütig und in
3233 2803 3369 2862 Med#
2274 2804 3242 2868 Stümpereien und Daseinslügen, deren Wirkung
1302 2808 2277 2874 Abschied des totgeweihten Regiments über die
309 2815 1307 2880 banger Ehrfurcht vor ihrem heldenhaften
3236 2849 3374 2912 kran
2275 2856 3239 2924 so mächtig ist, wie ihre Ursache lächerlich und
1310 2860 2273 2945 Stadt hinströmt, die schmerzlich süße Wonne
315 2863 1313 2940 Führer werden sie hinter ihm herreiten und
3230 2892 3372 2958 merk
2276 2900 3240 2969 nichtig. Dieses Stück will ein Drama der Zu¬
1308 2908 1772 2984 des Abschiednehmens.
313 2911 1307 2992 sich morden lassen. Und jede Spur dieser Frau
3237 2947 3375 3009 einer
2274 2944 3245 3020 sammenhänge sein, ist jedenfalls das erste, das
1339 2937 2280 3025 Viele kleine Schicksale entscheiden sich, rollen
303 2962 1301 3045 wird für immer ausgelöscht sein. Kein Nach¬
3224 2997 3367 3058 die
2263 3006 3242 3066 so völlig vom menschlichen Eharakter abgelöst,
1298 2993 2273 3070 nun schneller ab, stürzen jählings zusammen,
320 3015 1306 3084 hall ihrer Küsse, kein Widerschein ihres
3224 3030 3376 3114 We
2272 3057 3235 3110 von der Individualitätsehrfurcht abgekehrt, und
1299 3062 2266 3119 weil der Oberst der blauen Kürassiere sein
316 3045 1295 3140 Lächelns, kein Echo ihrer Stimme bleibt zurück.
3230 3092 3374 3168 dring
2262 3090 3245 3164 so stark auf die Zusammenhänge gestellt erscheint.
1297 3105 2279 3177 großes Schicksal beschloß. Hoffnungen werden
315 3119 1301 3172 Sie ist vernichtet, vom Erdboden hinweg¬
3235 3125 3381 3209 nant
2270 3128 3241 3219 In diesem Stück lebt ein schöpferisches Zweifeln
1307 3160 2274 3217 vernichtet, Sehnsucht geht in Erfüllung, Haß
312 3154 1299 3226 gewischt. Er tötet sie selbst, ehe das Regiment
3241 3182 3371 3252 Herrk
2270 3190 3245 3265 an den Erkenntnissen und an dem errungenen.
1301 3208 2269 3267 rafft sich auf, Verzweiflung bricht hervor in
321 3211 1308 3290 in den Krieg reitet, löscht sie aus, wie man
3233 3231 3382 3303 Fräu
2274 3245 3241 3318 Nuancenreichtum des modernen Theaters. Dabei
1301 3254 2272 3324 weitem Umkreis. Staunend sieht die Welt, wie
318 3260 1305 3335 eine Kerze ausbläst. Er aber wird eingehüllt in
3234 3291 3377 3356 hafteh
2262 3294 3241 3360 aber ist ein energischer Wille zum Theater und
1302 3298 2284 3369 eine große, todesmutige Tat vollbracht wird,
309 3313 1310 3377 eine Wolke von Jugend, wird von Jugend um¬
3235 3335 3373 3400 die 2
311 3358 3242 3439 klirrt und umdröhnt dem Tod entgegensprengen, und niemand — weder die Betroffenen noch die zum Theatermäßigen in diesem Stück. Starke,
317 3382 3378 3491 lwird in das Schattenreich mit einem Gefolge! Uoberlebenden — niemand ahnt, daß all dies! beinabe unvermittelte, selbst krasse Effekte wer= ehrli
2950 3451 3072 3571 1
