3436 4384
244 238 1421 350 19. Der Ruf des Lebens
1490 234 2032 356 box 24/2
1035 1037 1453 1138 M
2542 1056 2719 1133 1—.4
515 1090 3075 1194 uns Genüge schafft, ist vollwertig zu nehmen . . .: ist wirklich ein Ziel kungen. Er will das anschaulich in gewaltiger Wirklichkeit Begebene dum
509 1139 3053 1230 #userer Tage. In allem; die gänzliche Umordnung der Schillerschen die Raisonnements eines stillen Arztes, der seinen Beruf vom Kol
527 1204 3058 1276 Thevrie! Denn das Leben ist nur der Güter höchstes, . . . und die Schuld! Schnitzler wohl nicht ohne Absicht empfangen hat, melancholisch###
534 1263 2944 1334 bleibt der Uebel größtes nur, so lange man sie als solche gelten läßt.führen. ... Aber unsere Nerven beben noch von wilden In
572 1310 2828 1367 Bei Schnitzler wird Marie Moser, ein Wiener Mädel aus den Vor= und mögen sich der müden Gemessenheit nicht fügen auf
519 1364 2847 1436 märztagen durch eigene Erfahrungen zu dieser Tendenz des uner= desinitive Erkenntnis empfängt. Und das Auftauchen dem
1834 1417 2994 1490 dre Mariens Entschluß zur Aktivität durch ihr Beispiel einf schär
521 1424 1840 1486 schrockensten Egoismus erzogen. Daß sie ihn von Hause aus nicht hat;
1833 1466 3009 1527 nun, verendend, als sittlich und körperlich Verkommene in hä
515 1476 1843 1541 daß er nicht ein „Stück von ihr“ ist, kostet sie gleich ihr ganzes Glück,
1841 1506 3094 1584 Opheliapose zurückkehrt, zerstört vollends die Harmonie des Ausklang
526 1515 1839 1584 von dem sie später (nach der Erkenntnis) nur einen zarten Reflex
1834 1566 3130 1630 dessen Tonkraft ohne dieses Einschiebsel wenigstens nicht zur Dissonanz
512 1568 1838 1640 [sehen .. . ., ein leises, seelisches Wiederspiel fühlen wird. Sie welkt
1830 1611 3149 1683 entstellt worden wäre. Immerhin verdient es dieses Stück mit seinem
523 1627 1842 1685 an der Seite eines verbitterten, bissigen Greises, der dem blühenden und
1837 1667 3142 1739 Parallelismus von richterischen und technischen Potenzen, mit seiner
510 1677 1845 1729 sich sehnenden Kinde die Tage seiner Agonie durch giftige Reden und die
1841 1710 3143 1782 tendenziösen und sachlichen Kühnheit, daß der Poet seinen Abschluß
520 1718 1839 1793 Behandlung eines Sklavenhalters zum Martyrium macht. Ihre Ver¬
519 1773 3157 1838 wandte, ein junges Ding, das den Keim der Schwindsucht in der Brustl revidiere. Es wird dann dereinst ebenso sicher seine Auferstehung
1840 1816 3149 1878 feiern, wie der „Schleier der Beatrice“, jenes köstliche, tiefe, von rauschen¬
526 1818 1835 1880 hat, findet den Mut (um sich eine letzte, heiße Lebensfrist zu erobern), von
1842 1876 2617 1944 den Ewigkeitsströmen durchflutete Gedicht.
521 1880 1839 1941 der alternden Mutter fort, zu dem geliebten Manne zu laufen. Um auch
518 1927 1846 1996 Marie von der Fessel loszubinden, müssen freilich noch schärfere Motive
1879 1904 3159 1995 Ja: gerade „Der Ruf des Lebens“ wird um so mehr erst vor einem
522 1962 1844 2044 binzukommen, die den Poeten Schnitzler, im Bestreben, deutlich zu sprechen,
1824 1974 3149 2046 andern Forum seinen letzten Richterspruch empfangen müssen, als gestern
517 2031 1843 2103 mit dem Geschmack der Modernen scharf aneinander geraten lassen. Sie
1828 2032 3140 2091 Otto Brahms Schauspieler dem zarten Gespinst der Stimmungen fast
525 2066 3156 2154 muß erst wissen, daß der von ihr Erwählte — auch ein junger Offizier — ausnahmslos mit nüchternem, tötendem Rationalismus zu Leibe gingen.
528 2124 3159 2186 am nächsten Morgen den sicheren Schlachtentod aufsuchen wird. ... Sie Dieser wurde von engherzigen, rein persönlichen Standpunkten geführt bei
528 2180 3155 2251 muß erfahren, daß derjenige, dessen alte Schuld zu sühnen, sich nun ein Herrn Rittner und Frau Lehmann, denen das Volumen ihrer
155 2176 419 2268 Lebens“.*)
523 2215 3157 2304 gonzes Regiment opfern soll, ihr eigener Vater war. Sie hat also noch; Rollen nicht genügte, und die einfach durch völlige, darstellerische Nicht¬
165 2231 479 2326 Februar 1906.)
528 2277 1844 2336 eine Nacht .. .: und sie kann zugleich erleben und rächen. So reicht sie
1833 2282 3149 2355 achtung ihrer Aufgaben direkt gegen das Stück polemisierten. Aber auch
143 2308 547 2391 rünglichen Beruf ent¬
527 2321 1843 2391 dem Alten den Giftbecher. ... Die Zärtlinge, die so etwas bei Herrn
1832 2333 3157 2404 Herr Reicher (der Arzt) zerhackte den in einem leicht schwärmerischen,
138 2366 536 2444 it Je in die dunklen,
536 2382 3161 2439 Sudermann wunderschön finden würden, fühlen hier ihr Haar sich gefeilten, romantisierenden Glanze gehaltenen Dialog ganz „realistisch";
138 2419 536 2491 apunkt findet, da Tod
543 2433 3164 2492 sträuben. Sie merken nicht, daß eine Renaissancephilosophie nur mit die Herren Marr (Mariens Vater), Stieler (ihr Geliebter) blieben
149 2467 547 2531 e Sekunde die Hand
542 2484 3164 2549 lapidaren Mitteln zu vergegenwärtigen ist: daß gerade der Umwälzer be= durchaus äußerlich in Geste und Charakteristik, und die Damen Schiff
139 2507 543 2586 es ande## blitzesschnell
531 2538 3158 2603 sonders deutlich sprechen muß. Sie wissen auch nicht mehr, daß sie selbst und Hoffmann sind zwei recht verhängnisvolle Irrtümer. Blieben die
135 2567 536 2631 ren Verbindungslinien
539 2590 1835 2650 nach einer Verkräftigung der Schaubühne mit allen Mitteln lechzen, und
1848 2586 3157 2655 Triesch (Marie), die als fesselnde Beherrscherin der Rede und grandiose
127 2624 531 2685 den erst Absterbenden)
536 2638 1842 2693 daß wir für diese dringliche Notwendigkeit niemals einen besseren Mit¬
1841 2636 3160 2705 Veräußerlicherin unterdrückter und ausartender Temp##ente immer
142 2667 534 2739 schicken führen, die auf
544 2681 1833 2746 arbeiter finden werden, als Arthur Schnitzler, der seine wilden, zwingenden
1847 2689 3156 2751 erobert .. .: und Bassermann, der seinen, zunächst ein wenig an
137 2721 499 2792 irektiven erhalten.
520 2728 1846 2805 Motionen nicht (im Stile der Macher) „arrangiert“, sondern sie als letzte
1836 2736 3145 2801 Sardon und Dumas mahnenden, uniformierten „Rächer der Gattenehre“
122 2768 539 2839 en, jede Hoffnung und
538 2785 1847 2853 Notwendigkeiten dem feinen Geäste stiller, beengter, aber von innerem
1849 2791 3158 2868 mit gutem Ergebnis zu einem eiskalten, bleichen, überlegenen Schicksals¬
146 2823 547 2882 nun zu einem leiden¬
539 2832 1838 2888 Leben konvulsivisch bebender Stimmungen entflammen läßt. Der den
2544 2842 3127 2920 Walter Turszinsky.
1851 2844 2225 2926 walter umgestaltete.
138 2873 535 2943 ß, auf die kraftvolle
544 2891 1859 2953 Mut hat, diese Bauart in diesem Falle sogar noch durch einen zweiten
131 2917 536 2994 uden. Mit einer Ich¬
538 2945 1880 3020 Alt, durch ähnliche Stimmungen zu ähnlichen Effekten weiterzuführen.
136 2971 543 3047 ch wählt, sie nicht in
542 2986 998 3070 Ich sage: Bravissimo!
135 3017 547 3096 it gestalte, will er jetzt
582 3017 1856 3115 Marie stürzt in das Haus des geliebten Mannes. Die Tragödie ihres
145 3074 543 3151 seit Jahren umspürt,
543 3085 1865 3160 Lebens soll durch ein kurzes Freudenbachanal ihren leuchtenden Einschnitt
134 3129 538 3195 Rühnheit, die Nietzsche
538 3155 1847 3220 erhalten. Aber: „wen die Andern kümmern, der darf nicht glücklich sein.“
132 3171 537 3247 men, und seine Hand
542 3207 1854 3272 Hat sie nicht den Mut zur Entschlossenheit gehabt, um sich ihr bischen
135 3223 554 3293 h des Lebens. Wo er
542 3257 1864 3325 Glück auch gegen die Pflichten der Pietät zu holen, so hat der Mann, dem
128 3273 542 3350 ides gab: die Einflisse
540 3302 1859 3369 sie im Zeitraum einer flüchtigen Begegnung seelisch zu eigen ward, nicht
178 3325 534 3410 Existenzen geistig,
541 3352 1866 3424 die Geduld gehabt, auf sie zu warten. Marie, die auch ihrem Freunde
135 3368 537 3462 efahen ..., oder
541 3411 1853 3466 die Führerhand in das Land eines neuen Geschickes reichen will, sieht den
132 3429 546 3508 sultat geben. Freilich
546 3464 1855 3517 endgültigen Abschluß des seinen. Er hat die Frau seines Obersten, der
130 3482 541 3557 oisches Abstreifen aller
538 3510 1867 3575 ihm zugleich ein väterlicher Freund ist, zu seiner Geliebten gemacht. Am
123 3536 538 3599 andern kümmern, der
546 3563 1861 3618 Abend, bevor er an der Seite des Vorgesetzten in den Tod reitet, trifft
129 3579 541 3657 verwelken, was schon
537 3611 1869 3680 der alte Mann die Beiden zusammen. Er schießt das Weib nieder, nennt
130 3636 536 3707 ächtniszeremonien, mit
529 3664 1852 3730 den Jüngling einen Lügner. Der steckt noch tief genug in den alten Moral¬
126 3693 535 3764 kraftvoll gedeihen will.
544 3697 1860 3776 fesseln, um in dieser Beschimpfung den Zwang zum Tode zu finden. Nur
163 3739 545 3806 sich nicht für die
538 3746 1867 3840 für eine kurze Liebesepisode kann Marie ihn erobern: dann folgt er der
135 3786 540 3861 radition als die letzten
546 3817 715 3888 Andern.
134 3839 555 3922 dem Persönlichen in
584 3845 1867 3929 Ich sehe den Riß in diesem Drama wahrhaftig nicht im Zuviel. Ich
127 3910 1863 4004 Berlin, erschienen.sagte es schon. Nur der letzte Akt, der zu wenig bringt, zerfetzt die Wir¬
