3484 4256
1039 216 1088 287 I
1542 219 1986 310 box 24/3
224 217 1373 319 19. Der Ruf des-zebens
1412 1156 1819 1249 Telephon 12.801.
747 1322 829 1370 —2
921 1238 1534 1389 „OBSERVER“
695 1382 1779 1465 1 österr. behördl. konz. Unternehmen für Zeitungs-Ausschaltte
822 1434 1666 1541 Wien, I., Concordiaplatz 4.
1024 1513 1453 1589 Vertretungen
695 1572 1771 1631 in Berlin, Budapest, Chicago, Christiania, Genf, Kopen¬
693 1611 1773 1680 uagen, London, Madrid, Mailand, Minneapolis, New-Vork,
727 1651 1748 1719 Paris, Rom, San Francisco, Stockholm, St. Petersburg.
1026 1699 1452 1753 (Quellenangabe ohne Gewähr).
680 1742 1061 1824 Ausschnitt aus:
931 1804 1070 1893 12.4
685 1857 831 1905 vom:
1033 1858 1741 1951 MOMTAGS- Blatt Gubl. Piad.), Wien
810 1990 1587 2062 Die Premieren vom Samstag.
725 2045 1803 2103 (Deutsches Volkstheater.) Tatsächliche Berichtigung in be¬
594 2101 1804 2147 treff der Wiener Aufführung des dreiaktigen Schauspiels „Der Ruf
594 2139 1808 2185 des Lebens“ von Arthur Schnitzler. Es ist unwahr, daß ein
597 2184 1814 2213 Kürassier=Rittmeister vor der Schlächt so feige Angstgefühle haben
598 2212 1803 2267 kann, daß er mit seiner Schwadhon die Flucht ergreift und dadurch
597 2251 1813 2303 eine Niederlage herbeiführt. Esist unwahr, daß selbiger Schwa¬
604 2274 1812 2331 droneur und pensionierter, abey dennoch in Unruhestand ver¬
610 2317 1818 2383 setzter Offizier nach dreißig Jahken ohne Notwendigkeit diese Ge¬
601 2365 1815 2417 meinheit seiner vollreifen Tochter erzählt. Es ist unwahr, daß die
599 2408 1798 2444 betreffende Tochter darob so empört wird, daß sie dem ebenso zu¬
597 2445 1814 2502 widern als kranken Vater einen Gifttrank aus der Medizinflasche
591 2479 1813 2518 braut, worauf der alte Sünder sofort des Todes sterben muß und
592 2534 1809 2572 das Mädel in der Stimmung ist, mit ihrem Schatz, einem kaiser¬
595 2559 1807 2602 lichen Reitersmann, die erste und letzte Liebesnacht zu begehen,
596 2591 1813 2651 trotzdem die Vatermörderin noch eine andere warme Leiche pas¬
604 2635 1804 2686 sieren muß, welche die frühere Liebe des Reiteroffiziers und eine
605 2672 1804 2720 gerichtete Ehebrecherin ist Unwahr ist auch, daß ein ganzes Regi¬
600 2715 1805 2755 ment vom Gemeinen aufwärts geschworen hat, in den Tod zu
601 2748 1815 2798 reiten (weshalb das Stück auch „Der Ruf des Lebens“ heißt).
594 2788 1816 2825 Wahr ist, daß Herr Arthur Schnitzler fabelhaft viel Furcht und
593 2826 1816 2882 Schrecken verbreitet, um jeden Akt mit einer anderen Todesart ab¬
586 2872 1811 2920 zuschließen und der Ruf des Lebens ein fortwährendes Todes¬
583 2909 1816 2941 geschrei ist, wie in einem alten Ritterstück. Wahr ist, daß trotz¬
584 2947 1814 2985 dem die vorgestrige Premiere unter großem Beifallslärm gespielt
591 2982 1817 3034 wurde, weil zehn Dutzende entzückte Freunde des Dichters an ver¬
590 3024 1811 3058 schiedenen Stellen des Hauses redliche Arbeit leisteten und die
592 3059 1809 3101 Treue, sie ist kein leerer Wahn, und niemand kann sagen, daß
593 3101 1807 3140 Herr Schnitzler heute und in den nächsten Tagen wieder so laut
584 3136 1812 3191 den Ruf dieser sehr Lebendigen hören wird. Wahr ist schließlich,
581 3179 1820 3233 daß die Damen des Deutschen Volkstheaters an jenem Abende
593 3216 1813 3265 tapferer als die blauen Kürassiere für den Erfolg kämpften. Mit
589 3255 1812 3307 dem Feldgeschrei: „Sterben und Sterbenlassen!“ standen die
588 3294 1826 3343 Hannemann, Müller und Thaller im ersten Treffen.
596 3328 1812 3380 Die Herren vom zweifärbigen Tuch und zweifärbigem Charakter
584 3366 1816 3406 ahnten, daß sie vom Obersten Weisse auf verlorene Posten ge¬
591 3403 1811 3452 stellt waren. Die Herren Kramer und Klitsch hatten nichts
593 3435 1824 3503 vom Zauber der Natur. Homma durfte neidenswerterweise.“
593 3486 1813 3538 schon im zweiten Akte das Zeitliche segnen. Die Herren des
589 3517 1812 3569 Zivilstandes, Edthofer und Kutschera sprachen wie Bider¬
587 3567 1814 3620 männer aus der Biedermeierzeit. Wahrlich! Der Ruf der Herrn
590 3599 1660 3645 Arthur Schnitzler ist besser, als sein „Ruf des Lebens
2860 129 3220 208 Telephon 12.801.
2901 223 3004 294 Dee
2363 257 2983 364 „UDSERVER
2168 349 3214 422 österr. behördl. konz. Unternehmen für Zelitungs-Ausschnitte
2284 410 3106 489 Wien, I., Concordiaplatz 4.
2471 470 2898 547 Vertretungen
2150 525 3225 606 in Berlin, Budapest, Chicago, Christiania, Genf, Kopen¬
2156 571 3226 634 nagen, London, Madrid, Mailand, Minneapolis, New-Vork,
2184 631 3191 680 Paris, Rom, San Francisco, Stockholm, ot. Petersburg.
2490 657 2899 708 (Quellenangabe ohne Gewähr).
2149 673 3080 786 Ausschnitt MATERLAND, WIE.
2155 805 2595 908 vom 13 72 1909
3134 866 3174 929 9
2161 905 3217 976 Drulsches Volkstheater. Zum erstenmale: =Der
2079 960 3216 1011 [Ruf des Leben, Schauspiel in drei Aufzügen von
2096 1011 2496 1074 Artur Schnitzler.
2166 1059 3218 1106 Krankheit und Sterben, Mord und Selbstmord, das
2093 1100 3226 1150 sind die Leitmotive, welche durch die heutige Novität ziehen
2100 1135 3210 1189 und wenn wir die Tendenz richtig verstanden haben,
2097 1180 3219 1242 dann rät der Autor, auf jeden Fall dem Rufe des
2093 1230 3225 1289 Lebens zu folgen, selbst wenn er über Leichen führt.
2094 1270 3223 1338 Jedenfalls eine seltsame Lebensanschauung, die da von der
2096 1315 3214 1365 Bühne gepredigt wird. Hoffentlich=verwirrt sie nicht über¬
2105 1376 3219 1416 spanute Backfischköpfe und regt sie nicht zur Nachahmung
2106 1391 3222 1454 an. Es dürfte jeben auch nicht so glücken wie der Heldin
2097 1438 3224 1507 des Stückes. Marie (Fräulein Käthe Hannemann)
2102 1485 3226 1552 ist die Tochter des alten Moser (Herrn Hans
2094 1547 3225 1591 [Homma), eines bösen zänkischen Greises, der
2099 1579 3225 1635 seit Jahren krank ist und dessen Pflege sie ihre ganze
2101 1617 3260 1687 Jugend opfern muß. Ein einzigesmal durfte sie
2117 1662 3235 1717 einen Ball besuchen. Dort tanzte sie mit dem Leutnant
2111 1716 3245 1773 Max (Herrn Leopold Kramer), den sie von dieser
2107 1760 3230 1801 Stunde an liebt, doch hat sie ihn nicht wiedergesehen. Da
2115 1785 3238 1849 hörte sie, daß die blauen Kürassiere auf den Kriegsschau¬
2109 1821 3229 1911 platz abmarschieren, in den sicheren Tod, denn Offiziere
2113 1885 3229 1938 und Mannschaft haben geschworen, daß keiner lebend
2116 1917 3233 1982 wiederkehren darf, denn vor dreißig Jahren hat sich das
2107 1967 3232 2035 Regiment mit Schmach beladen und diese Scharte muß
2116 2013 3235 2084 ausgewetzt werden. Damals war es feige geflohen und
2114 2071 3234 2115 hatte dadurch den unglücklichen Ausgang der Schlacht ver¬
2111 2101 3229 2167 schuldet. Und der Hauptschuldige war der Rittmeister, der
2115 2144 3241 2208 alte Moser. Max ist blauer Kürassier und am letzten;
2121 2187 3221 2245 Abend will Marie zu ihm. Um fortzukommen, gibt sie
2113 2222 3237 2295 ihrem Vater eine übermäßige Dosis seines Schlafmittels,
2120 2277 3238 2333 die seinen Tod herbeiführt, herbeiführen muß. Im zweiten
2114 2312 3233 2376 Akt wird sie bei dem Geliebten unfreiwillige Zeugin eines
2119 2360 3231 2430 zweiten Mordes. Irene, die Frau des Obersten (Fräulein
2109 2408 3235 2473 Lili Marberg), wird dort von ihrem Gatten (Herrn
2118 2448 3240 2512 Adolf Weisse) überrascht und niedergeschossen. Max
2115 2498 3230 2564 führt Marie in seinen Armen fort, tötet sich aber selbst
2125 2546 3231 2601 vor Tagesanbruch. Dann ist noch Katharine (Fräulein
2124 2577 3238 2647 Paula Müller), die Tochter von Mosers Schwägerin
2115 2618 3246 2699 (Frau Kathi Thaller), die weiß, daß sie lungenkrank
2113 2666 3234 2753 ist und ihre Tage gezählt sind. Auch sie will vorher ihr
2120 2699 3250 2776 Leben genießen und verläßt zu diesem löblichen Zwecke
2118 2751 3244 2822 das Mutterhaus, wohin sie im letzten Akt sterbend zurück¬
2128 2800 3238 2866 kehrt. Marie hat dort inzwischen ein Heim gefunden und
2126 2846 3239 2902 trägt schwer an der Bürde ihres Verbrechens. Die Spuren
2113 2901 3236 2972 desselben hat jedoch Dr. Schindler (Herr Viktor
2114 2935 3252 3013 Kutschera), der sie im stillen liebt, sorgfältig ver¬
2114 2977 3236 3048 wischt und doziert ihr zum Schlusse in langerer
2125 3021 3248 3086 Rede, daß sie ihren Vater nur von seinen Leiden erlöst
2127 3060 3250 3134 hat, sie möge vergessen und verkündet ihr äußerst
2120 3105 3256 3181 salbungsvoll, daß auch an sie noch einmal der Ruf des
2128 3152 3259 3221 Lebens ergehen wird. Im ganzen eine unerquickliche
2126 3200 3243 3261 Handlung und kein versöhnender Schluß, denn das Ver¬
2126 3263 3242 3305 brechen bleibt ungesühnt und wird beinahe verherrlicht.
2126 3287 3234 3354 Nur die blauen Kürassiere zahlen den Tribut der Ehre,
3082 3334 3255 3396 (Herrn
3058 3332 3092 3374 3
2237 3344 3055 3406 gehen zugrunde bis auf Albrecht
2124 3350 2213 3403 sie
2695 3362 3246 3442 sich jedoch nachher selbst
2130 3378 2687 3451 Wilhelm Klitsch), der
2723 3417 3247 3484 Anton Edthofer
2409 3430 2687 3484 gibt. Herr
2130 3430 2373 3489 den Tod
2123 3461 3246 3528 spielt den Forstadjunkten Eduard Rainer, der
2127 3530 3254 3576 zuerst der Bräutigam Katharinens und dann Mariens war.
2128 3551 3248 3609 Die Darstellung tat ihr möglichstes, doch schien es, als ob
2129 3596 3252 3656 den Künstlern vor ihren eigenen Rollen gegraut hätte. Sie
2134 3658 3248 3698 waren entschieden nicht mit Lust und Liebe bei der Sache.
2128 3695 3258 3741 Das Theater hat wohl schon längst aufgehört, eine Bildungs¬
2140 3727 3256 3800 stätte für die Jugend zu sein, aber im Vergleiche zu diesem
2135 3769 3245 3840 Stücke möchten wir beinahe noch französische Pikanterien für
2125 3818 3250 3871 ungefährlicher halten. Alle Eltern, die ihre Töchter vor
2138 3867 3250 3924 schlechten Einflüssen bewahren wollen, seien hiemit ernstlich
2131 3905 3255 3974 gewarnt. Der äußere Erfolg war anscheinend ein großer,
2134 3950 3248 4023 ebenso groß als unverdient. Es wurde mit einer Vehemenz
2142 3992 3245 4076 applaudiert, als ob Preise dafür ausgesetzt gewesen wären.
3065 4035 3213 4090 K. M.
2828 4063 3245 4138 F 0
2220 4067 2588 4146 — —
3059 4126 3212 4171 S
