3248 4352
284 221 1574 327 19. Der Ruf des Lebens
448 942 1415 1058 Bitte Rückseite beachten!
1056 1020 1512 1108 Telephon 12.801.
1304 1125 1417 1211 44
590 1208 1332 1331 „OSsHRPIR
443 1280 1546 1370 I. österr. behördl. konz. Unternehmen für
757 1350 1242 1426 Zeitungsausschnitte
465 1399 1549 1488 Wien, I., Konkordiaplatz 4.
860 1465 1162 1526 Vertretungen
467 1484 1545 1570 in Berlin, Basel, Budapest, Chicago, Cleveland, Christiania,
467 1549 1550 1612 Genf, Kopenhagen, London, Madrid, Mailand, Minncapolis,
468 1576 1553 1664 New-Vork, Paris, Rom, San Francisco, Stockholm, St. Peters¬
863 1626 1171 1692 burg, Toronto.
711 1659 1323 1752 (Quellenangabe ohne Gewähr).
675 1734 868 1814 jtt aus:
463 1757 601 1826 Auss
470 1808 1463 1905 AlL##teralanzeiger für Düsseldorf
481 1870 637 1925 vom:
844 1873 1197 1943 —nsseider
920 1978 1501 2078 Kunst und Wissenschaft.
772 2047 1696 2121 (Kölner Schauspielhaus.] Köln, 2. Mai. Gestern
727 2111 1698 2164 fand die hiesige Erstaufführung von Arthur
722 2133 1697 2208 Schnitzlers österreichischem Milieustück, einer
721 2192 1686 2239 Art Offiziertragodie „Der Ruf des Lebens“
729 2215 1690 2274 statt. Da der Inhalt des dreiaktigen Schauspiels
725 2252 1699 2314 recht verzwickt ist, sich unmöglich in ein paar Zeilen
728 2308 1699 2354 verständlich gebei läßt und es sich um ein altes
721 2342 1683 2385 Werk Schnitzlers heldelt (1906 war im Lessing¬
721 2372 1694 2433 theater=Berlin die Uraufführung), so will ich hier in
726 2421 1686 2474 der Hoffnung, daß er Ihnen bekannt ist, auf eine
725 2442 1696 2513 Erzählung verzichten. Trotz nicht zu leugnender
716 2494 1690 2543 großer Schwächenhals da sind üble Häufung roman¬
718 2533 1692 2586 hafterMotive Iin Pösen Sinne, Unwahrscheinlich=
724 2567 1690 2621 keiten ist der Rutonder „Liebelei“ auch hier wieder
728 2611 1699 2672 gläender SchildereNseines spezifisch österreichischen
724 2643 1702 2704 Milieus (spielt etwa in der Mitte des vorigen Jahr=
729 2692 1698 2733 hunderts), geistreich im Dialog, ein feiner Kenners
712 2724 1701 2785 der Frauenpsyche, wenn uns auch seine Heldin Marie?
715 2768 1696 2824 etwas hysterisch angekränkelkeerscheinen will, vor
721 2816 1695 2855 allem spricht aus manchem seinen Wort ein Dichter.
723 2834 1692 2904 Leider gerät Schnitzler häufig zu stark ins Philo¬
721 2881 1695 2928 sophieren, namentlich im Schlußakt, der ja s. Zt. in
719 2923 1697 2973 Berlin das Schicksal des immerhin spannenden und
720 2963 1695 3011 interessanten Dramas entschied. Auch hier wollten
725 2991 1703 3047 einige in die Moral besonders ängstliche Seelen
718 3038 1693 3087 zischen, ##urden aber bald von resoluteren Gemütern,
722 3073 1700 3121 deren Körn denn doch Gott sei Dank nochwelche hat, zum
717 3116 1692 3180 Schweigen gebracht. Die Aufführung, im die sich
722 3156 1699 3204 namentlich die Damen Schönfeld (Marie), Landen,
729 3192 1695 3245 Scholtz, Frey, die Herren Turrian, Senden, Aßmann,
717 3221 1704 3288 Dr. Krüger, Dysing sehr verdient machten, war recht
714 3261 1694 3318 gut. Interessant ist in dem Werk eine stark an
1454 3309 1698 3367 aus dem
712 3307 1443 3357 Kleists berühmte Todesfurchtsszene
720 3342 1702 3389 Prinzen von Homburg“ gemahnende Unterhaltung
718 3384 1695 3431 zwischen zwei jungen Offizieren eines zum Todes¬
714 3423 1690 3473 ritt bestimmten Regiments blauer Kürassiere,
718 3448 1694 3526 Was den Titel betrifft, so sei kurz gesagt, daß der
720 3503 1698 3542 „Ruf des Lebens“ der ja an alle ergeht, nicht „zu
723 3536 1701 3597 spät“ gehört oder mißverständlich aufgefaßt werden
718 3574 1695 3636 soll. Schnitzler reflektiert, wenn auch etwas un¬
714 3611 1698 3669 dramatisch, recht fein= und tiefsinnig über die letzten:
1604 3655 1639 3682 4
717 3652 1692 3708 Dinge, Leben und Sterben — „wo liegt Gewißhen?
716 3694 1679 3760 Der beste, erste Akt wurde starl beifällig aufge.
709 3731 907 3789 nommen.
1503 3730 1654 3800 r. By.
1572 200 2034 295 box 24/4
1998 1413 2313 1483 Wenden!
2506 1424 2894 1511 Telephon 12801
1988 1557 2869 1656 „OBELRTER
2053 1625 2836 1682 I. österr. behördl. konz. Unternehmen
1981 1694 2899 1756 für Zeitungs-Ausschnitte und Blbllographien
2030 1736 2884 1825 Wien, I. Concordiaplatz 4
2252 1804 2652 1880 Vertretungen
1985 1843 2897 1918 in Berlin, Budapest, Chicago, Christiania, Genk,
1992 1906 2912 1956 Kopenhagen, Londen, Madrid, Mailand, Minne¬
1986 1953 2923 2013 apolis, New-York, Paris, Rom, San Francisso.
2190 1985 2692 2044 Stockholm, St. Petersburg.
2200 2020 2698 2109 (Quelithunghhi-ohnel Genähr.)
2458 2086 2906 2183 Morgenausgabe
1982 2087 2459 2178 Ausschnitt aus:
2271 2201 2443 2275 2 MAl
1984 2220 2138 2275 vom:
2134 2243 2371 2312 Ses ane een
1957 2299 3021 2368 fanden aue den heimischen Darstellern, besonders
1950 2344 2881 2422 Schneider und Schramm lebhaften Beifall.
2020 2399 3009 2471 Schnitzlers Schauspiel „Der Ruf des Lebens“
1950 2426 3009 2517 gerangre w uns ein Privat=Telegramm aus Köln
1957 2489 3008 2568 meldet, in einer neuen Bearbeitung gestern
1962 2547 3021 2615 abend im dortigen Schauspielhause erstmalig
1962 2579 3003 2650 zur Aufführung und fand mäßigen, offenbar nur der
1955 2628 2991 2697 trefflichen Darstellung geltenden Beifall, der am
1967 2657 2999 2736 Schluß nicht ohne Widerspruch blieb. Dramaturg
1960 2705 2994 2781 Simchowitz sorgte als Inszenator für seine Ab¬
1957 2745 2996 2814 tönungen des Spiels und charakteristische Bilder.
1955 2773 2991 2860 Mehr noch als die grobe Theatralik wird auch in der
1961 2827 3001 2908 neuen Fassung die arge Redseligkeit dem Stücke ver¬
1956 2858 2212 2923 hängnisvoll.
