3436 4384
299 240 1452 332 19. Der Ruf des Lebens
1609 242 2072 327 box 24/2
739 1164 1720 1247 Erstaufführung im Lessingtheater.
1771 1172 2798 1261 gibt. Mariens Leutnant Max (Kurt Stieler) soll
1774 1239 2786 1294 also auch zugrunde gehen. An der militärischen
1263 1230 1721 1298 Berlin, 24. Jebruar.
1775 1273 2784 1337 Wahrscheinlichkeit dieses totgeweihten Regiments
785 1276 1754 1337 „Der Ruf des Lebens“ von Arthur
1782 1310 2788 1362 läßt sich zweifeln. Marie gibt ihrem Vater dem
737 1335 1759 1384 Schnitzler ein dreiaktiges Schauspiel, fand
1774 1358 2776 1424 bösen Mann, den sie haßt, den Todestrank,
734 1373 1748 1437 eine dönige Ablehnung, wenn auch übereifrige
1769 1409 2778 1459 nimmt aus seinen sterbenden Fingern den
733 1416 1750 1484 Freunde bemüht waren, den hochbeliebten Dich¬
1772 1452 2788 1499 Schlüssel und rennt zu dem Leutnant. Gräßlicher
735 1465 1740 1526 ter der „Liebelei“ vor den Vorhang zu rufen.
1775 1483 2780 1554 Eindruck — von der Leiche zum Liebes-Stelldich¬
743 1493 1750 1563 Beharrliches Zischen könte ihm jedesmal entgegen;
1763 1531 1898 1583 ein!
741 1533 1753 1611 kein wilder, leidenschaftlicher Sturm durch¬
1815 1555 2781 1637 Dieser Leutnant Max hat eine Liebelei mit der
746 1591 1742 1650 braufte das Haus. Wir können und wollen dir
1777 1614 2776 1676 Frau seines Obersten (Albert Bassermann). Der
739 1630 1745 1700 hier nicht folgen, sagten diesmal diejenigen, die
1767 1666 2783 1735 kommt an sein Fenster, und im Laufe des Ge¬
740 1687 1758 1746 sonst gerne jede Gabe des geistvollen Plauderers
1772 1708 1943 1762 sprächs
2031 1715 2783 1780 dies ist die beste, mit feinem, echt
745 1730 1739 1782 und Schicksalsschilderers entgegengenommen.
1775 1758 2783 1814 Schnitzlerschem Dialog ausgestattete Szene — läßt
735 1771 1755 1820 Und man war wirklich versucht, zu fragen: Wo
1768 1792 2783 1862 er den jungen Mann verstehen, daß er „entdeckt“
740 1806 1741 1877 ist denn der echte Schnitzler? Denn eine Hinter¬
1767 1847 2765 1905 hat. Einige Augenblicke spater dringt die schul¬
742 1859 1744 1916 treppenromanfüllung, ein romantisches Bunt¬
1774 1888 2768 1940 dige Gattin bei dem Leutnant ein. Sie will ihn
732 1901 1753 1961 durcheinander, eine Sprache, die man Mitte des
1763 1926 2766 1990 im Leben festhalten. Er bleibt standhaft. Der
734 1949 1743 2007 19. Jahrhunderts in ihrer Ueberschwänglichkeit
1771 1968 2776 2041 Oberst kommt und erschießt seine Frau. Der
730 1988 1590 2050 nicht kannte, die der Epoche angehört,
1635 1994 1742 2049 der
1770 2016 2766 2069 junge Sünder bietet ihm die Bruft. „Nein, Sie
738 2033 1649 2078 „Sophiens empfindsame Reise nach Memel“
1764 2063 2766 2107 werden den Mord da auf sich nehmen“, sagt der
733 2076 1755 2118 schrieben wurde, Mord, Selbstmord, Gassen¬
1764 2111 2766 2168 Rocher seiner Ehre. Marie hat, im Schlafzimmer
731 2115 1589 2184 dirnentum, einen ärztlichen Helfershelfer
1762 2156 2765 2199 verborgen, alles angehört, sturzt in die Arme des
741 2164 1755 2213 das behamen wir, nur hier und da ein paar
1775 2191 2767 2234 Leut###nte, und fort von der Leiche der ehrver¬
734 2211 1744 2266 hübsche feine Schnitzlersche Wendungen in den
1917 2237 2775 2304 n Irau führt er Marie, um unter ihren
731 2248 1754 2296 Dialogen, ein paar philosophische Thesen, deren
1759 2287 2771 2335 Küssen die letzten Lebensstunden zu verbringen.
730 2286 1322 2336 Haltbarkeit sich nicht erwies.
1763 2324 2766 2372 Wieder ein gräßlicher Eindruck! Der Leutnant
787 2333 1743 2392 Ein alter bresthafter Rittmeister quält seine
1757 2370 2769 2411 erschießt sich dann am Morgen vor dem Abmarsch
730 2391 1747 2445 Tochter Marie (Irene Triesch), seine Pflegerin,
1818 2416 2777 2478 diesmal wird das glücklicherweise nur erzählt.
734 2428 1743 2473 teuflisch. Er hat vor dreißig Jahren seine Schwa¬
1797 2452 2770 2518 Der gefällige Arzt und philosophische Verteidi¬
724 2469 1748 2518 dron blauer Kürassiere durch den „Ruf des Le¬
1764 2479 2775 2563 ger hat die Spuren des Vatermordes verwischt.
725 2513 1739 2563 bens“, der ihm innerlich erging, aus der Schlacht¬
1761 2544 2770 2600 Er sagt zu Marie: „Das sind ja alles nur glü¬
732 2553 1741 2610 stellung zur Flucht durch eigenes Davonreiten
1754 2573 2771 2648 hende Worte.“ Begriffe: Mord, Ehre. „Sie wer¬
736 2602 1728 2649 verführt. Schmachvoll lag das auf dem Regi¬
1752 2633 2780 2690 den weiter leben und den Lebensruf aufs neue
724 2647 1738 2689 ment. Daß er die Ursache, ist nicht bekannt ge¬
1761 2663 2766 2737 und schöner hören. Die Sonne scheint Ihnen ja
721 2676 1739 2743 worden. Marie fühlt auch den Ruf des Lebens.
1763 2724 2762 2789 noch.“ — Die Herumtreiberin kommt zur Mutter
730 2737 1736 2794 Sie hat eine Liebelei mit einem Forstadjunkten,
1763 2762 2772 2833 und stirbt. Sie hat alle Daseinsfreuden genossen.
719 2765 1738 2829 ihn dann aber über einen Leutnant vergessen,
1796 2801 2758 2872 Es tat fast weh, in unserer wahrlich genugsam
718 2810 1736 2874 mit dem sie eine Nacht vertanzie, dem sie ein
1762 2850 2771 2913 pietätlosen Zeit, diese skeptischen Predigten von
720 2863 1739 2925 Stelldichein versprach, es aber nicht innehielt.
1760 2892 2775 2956 der Bühne herab zu hören. Sie können manchen
719 2907 1738 2953 Da ist ihre wunderlich nachsichtige Tante (Else
1757 2934 2759 3000 Sinn verwirren. Und wahrlich, es gibt doch auch
726 2947 1664 3012 Lehmann), die es ihrer durch Schwindsucht
1757 2982 2776 3046 noch andere Dinge, als das ewige Liebesgesinge
728 2999 1742 3051 zeichneten Tochter vollauf vergönnt, daß sie sich
1759 3020 2756 3078 und -Drängen nach dem modernen Ausleben in
733 3027 1686 3094 mit Männern herumtreibt. Mit Blurnen
1755 3057 2754 3111 nur einer Beziehung. Wir haben noch ein paar
722 3077 1734 3139 schmückt, eine irrende Ophelia, läuft dieses Wesen
1750 3105 2755 3184 wundervolle Lebenserfüllungen: Arbeit, Pflicht,
729 3122 1729 3180 durch die Straßen. Da ist ein Arzt (Emanuel
1754 3150 2769 3220 Nächstenliebe. Für den Doktor, den Schnitzler ge¬
719 3159 1738 3216 Reicher), der Marie, die der Vater nicht von seiner
1750 3185 2765 3246 zeichnet, sind's freilich Worte, nichts als Worte.
729 3201 1742 3271 Seite lassen will, einen Schlaftrunk bringt, der
1752 3237 2766 3306 Gespielt wurden die Schemen gut; am besten war
723 3244 1739 3307 für hundert Nächte ausreicht, und sie auffordert,
1752 3287 2765 3355 Albert Bassermann, dessen Oberst er neben dem
727 3299 1725 3357 des Lebens Ruf zu folgen. Es geht in den Krieg.
1750 3321 2762 3373 Dichter glaubhaft machte. Man hatte eine pla¬
719 3345 1732 3392 Auch das „totgeweihte“ blaue Kürassier-Regiment
1747 3369 2762 3447 stische Dorfdekoration mit Rasen und Wald von
725 3381 1742 3448 ist darunter, das sich die Gnade erbeten hat, da
1750 3408 2460 3479 landschaftlicher Schönheit zu sehen.
2668 3423 2728 3482 .
723 3431 1743 3496 hingestellt zu werden, wo es sicheres Verderben
