3436 4320
1569 208 2009 297 box 24/1
249 209 1398 316 19. Der Ruf des Lebens
1082 781 1476 889 Telephon 12801.
1173 890 1315 970 55
550 891 1264 1011 „OBSERVEI,
390 989 1469 1068 I. österr. behördl. konz. Unternehmen für Zeitungs-Ausschnitte
601 1050 1303 1143 1, I., Concordiaplatz 4.
785 1123 1106 1186 Vertretungen
389 1163 1473 1241 in Berlin, Buds est, Chicago, Christiania, Genf, Kopenhagen,
389 1205 1476 1290 London, Madrid, Mailand, Minneapolis. New-York, Paris, Rom,
549 1245 1320 1317 San Francisco, Stockholm, St. Petersburg.
730 1297 1136 1361 (Quellenangabe ohne Gewähr.)
391 1341 780 1416 Ausschnitt aus
784 1346 1385 1474 ukunft, Berlin
556 1409 829 1507 -3. 3. 1905
371 1419 547 1548 vom:
456 1526 1737 1632 Nach der Tragoedie das Satyrspiel. „Der Ruf des Lebens, Schauspiel
333 1619 1733 1691 in drei Akten von Arthur Schnitzler.“ Von dem feinen Künstler also, der uns
342 1695 1733 1762 den „Schleier der Beatrice“ und „Lebendige Stunden“ gab. Der rechte Ton ist
348 1739 1732 1796 nicht leicht zu finden. Im ersten Aktvergiftet ein geiles Frauenzimmer den kran¬
338 1808 1736 1880 ken Vater, um in der Nacht neben einem Lieutenant zuliegen. Im zweiten Akt
349 1870 1733 1938 knallt, im Kasernenzimmer dieses Lieutenants, ein Oberst, der vorher den
352 1913 1729 2009 Mann von Eisen gemimt hat, seine Frau nieder, weil sie, immer mit dem¬
334 1975 1714 2058 selben glücklichen Lieutenant, die Ehe gebrochen hat. Da die hysterische Mör¬
327 2049 1724 2124 derin die Geschichte hinter einem Vorhang belauscht hat, kann sie mit ihrem
328 2105 1725 2178 Buhlen rasch noch ins Bett. Sie kommt von der Leiche des Vaters und findet
338 2174 1717 2241 ihn vor dem noch nicht erkalteten Leib der Geliebten; aber im Bettchen ists
326 2228 1725 2287 warm. Zwischen dem zweiten und dritten Akt erschießt sich zuerst der doppelt,
336 2291 1717 2367 dann ein einfach geliebter Lieutenant und ein Fabelkürassierregiment jagt in
332 2341 1728 2433 den Opfertod. Im dritten Akt stirbt, ander Schwindsucht, wie sichs gehört,
332 2422 1717 2492 eine Prostituirte, die sich für Opheliens Base ausgeben möchte, die Mörderin
328 2475 1725 2553 g sich im rauerkleid und im Mariyrglanz und scheint nach der einen Nacht
340 2535 1720 2599 (der Lieutenant war auch gar zu strapazirt) keinen Hunger nach Männerfleisch
332 2617 1725 2680 mehr zu spüren; und ein philosophischer Doktor versichert, daß eine Frau auch
323 2664 1733 2728 leben kann, ohne zu morden und Hure zu werden. Einem Forstadjunkten ist
316 2727 1646 2792 während all des Geredes das Herz im strammen Heldenleib gebrochen.
441 2785 1722 2858 Der rechte Ton ist nicht leicht zu finden. Soll ich einfach sagen, daß ich
327 2834 1710 2922 selten Erbärmlicheres, Widrigeres und zugleich Langweiligeres auf einer Bühne
328 2912 1710 2991 sah? Wozu? Herr Schnitzler hat sich offenbar ja einen Spaß gemacht. Aus
319 2959 1705 3038 schiemelnden Resten und ranzigen Feuilletonphrasen ein Ragout angerichtet:
327 3037 1719 3092 zu sehen, ob die sich garso modern, sachverständig, verwöhnt Dünkelnden auch
321 3088 1717 3171 diesen eklen Fraß herunterschlängen, wenn auf der Speisekarte eine berühmte
324 3153 1708 3207 Firma steht. Der Direktor des Lessingtheaters war natürlich mit im Karne¬
321 3208 1701 3269 valsgeheimniß; und Beide sind nun froh, daß ihre Kundschaft die Probe be¬
324 3284 1711 3332 standen und vernehmlich gerülpst hat. Nur Herr Rittner war für die Schnurre
322 3340 1713 3418 nicht zu haben. Er zeigte, als Forstadjunkt, daß der Einfall, öffentlich seinen
325 3398 1703 3467 Beruf zu prostituiren, ihn zur Scham, nicht zur Fröhlichkeit stimme. M. H.
329 3485 1736 3544 Herausgeber und verantwortlicher Redakteur: M. Harden in Berlin. — Verlag der Zukunft in Berlin.
753 3532 1271 3587 Druck von G. Bernstein in Berlin.
1993 1123 2378 1229 Telephon 12801.
2183 1235 2888 1340 „OBSERVER‘
1988 1352 3110 1408 I. österr. behördl. konz. Unternehmen für Zeitungs-Ausschnitte
2200 1394 2932 1481 Wien, I., Conoordiaplatz 4.
2407 1462 2733 1532 Vertretungen
2005 1500 3116 1582 in Berlin, Budapest, Chicago, Christiania, Genf, Kopenhagen,
2009 1559 3114 1624 London, Madrid, Mailand, Minneapolis, New-York, Paris, Rom,
2182 1598 2953 1678 San Francisco, Stockholm, St. Petersburg.
2344 1642 2762 1697 (Quellenangabe ohne Gewähr.)
1990 1689 3130 1826 Ausschnitt aus: Die Gegenwart, Berlin
2238 1774 2518 1861 -3. 3. 7306
1991 1814 2173 1875 vom:
2160 1904 2877 2014 Schnitzlers „Ruf des Lebens“
2002 1972 3130 2052 Es ist ein Gefühl des Schmerzes, das mich befällt, da ich hier
1914 2064 3120 2120 über das Schnitzlersche Drama das sagen muß, was, wenn man ehr¬
1911 2093 3136 2149 lich ist, einzig darüber gesagt werden kann. Ein Gefühl des
1909 2139 3135 2196 Schmerzes, weil ich einst an Schnitzler hing (und noch immer hänge),
1908 2199 3131 2243 an Schnitzler, diesem besten und verstehendsten Menschen= und Seelen¬
1913 2249 3124 2318 kenner unter den modernen Dichtern; weil ich an ihm hing mit tausen)
1917 2307 3130 2366 Hoffnungen, davon nun viele, viele allgemach gestorben sind. Es muß
1921 2352 3129 2413 gesagt werden: Der „Ruf des Lebens“ ist böseste Theatralik mit einem
1915 2401 3129 2461 starken Stich ins Hintertreppen=Romanhafte, böse, böse. Ich schäme mich um
1921 2445 3123 2510 Schnitzlers willen die Unmöglichkeit auf Unmöglichkeiten häufende Fabel
1910 2495 3134 2540 des Stückes, dieses dramatisirten, mit den größten Effecten arbeitenden
1916 2543 3125 2612 Schauerdramas zu erzählen. Was nützt es, daß in die unglaubliche
1918 2591 3145 2663 „Handlung“ jene verstehenden Schnitzler=Worte eingestreut sind und sie
1919 2658 3125 2715 umhüllen (bisweilen freilich ein wenig zu stark „raisonnirend“) jene
1919 2686 3124 2760 Schnitzler=Worte, die in unsere Seele gleiten wie die tröstende Hand
1914 2740 3137 2792 des wissenden Arztes über die fieberheiße Stirn des Kranken. Sie
1928 2848 3150 2940 lassen es uns nur um so schmerzlicher empfinden, daß Schnitzler solch
1920 2917 3137 2990 „Theaterstück“ schreiben konnte. Er muß wenig wahre Freunde haben,
1920 2956 3138 3027 und sicherlich ist Brahm ihm nicht ein wahrer Freund. Der „Ruf des
1917 3000 3152 3094 Lebens“ hätte nimmermehr aufgeführt werden, geschweige denn im
1921 3066 3148 3128 „Lessing=Theater“ zu Berlin. Wenn solche Schauspieler wie die
1929 3108 3140 3160 Großen des Lessing=Theaters so wenig mit ihren „Rollen“ anzufangen
1910 3157 3134 3227 — wissen, so sichtlich mit verhaltener — oder (wie Rittner) offenbarer —
1917 3201 3138 3291 Unlust spielen, wie diesmal, muß es böse um ein Stück bestellt sein.
1922 3253 3137 3332 Ich will Schnitzler wünschen, daß sein Drama nirgends wo anders
1919 3298 3129 3378 aufgeführt werde. Denn ich hänge noch immer mit herzlicher Ver¬
1919 3351 3136 3459 ehrung an dem Dichter der „Liebelei", des „Sterbens“ und des
1910 3397 2133 3471 „Anatole“
2884 3407 3070 3491 A. In.
