3392 4352
2367 19 2626 110 Prchier-rshelscher
223 178 1999 307 19. Der Ruf des Lebens box 24/3
1880 699 2400 894 ##0 heft
1422 696 1884 904 A134
984 869 2326 962 #. #.##.   ###w.
1063 946 2253 999 --G--G-
1243 1078 2085 1196 Cheater.
2153 1173 2302 1274 JU
1012 1184 1168 1289 10
1047 1215 2266 1303 Zitntenten i-Krste- erihe-Pre en e e dre e e e he en e
999 1290 2325 1353 NRTRNRRTRERETNETN
1105 1502 2328 1601 „Der Ruf des Lebens“, Schauspiel von Artur Schnitzler.
975 1575 1633 1659 Im Deutschen Volkstheater.
1109 1616 2343 1697 Vor dreißig Jahren saß der alte Moser auf seinem Gaul, am Fuße
984 1688 2334 1753 eines Hügels, hinter dem ein unsichtbarer Feind ein höllisches Konzert un¬
993 1733 2333 1793 terhielt. Seit vier Uhr morgens saß er da, der Rittmeister vor siner
998 1796 2337 1842 Schwadron, es war die dritte der blauen Kürassiere. Front gegen den Feind.
996 1841 2341 1902 Das war sein Verderben. Denn wäre er umgekehrt gestanden, so wäre er
1000 1874 2343 1955 als Held mit entsprechendem Kondukt (siehe Dienstreglement) aus dem Leben
992 1929 2342 2011 gegangen. Damals wartete er Stunden und Ewigkeiten. Das Warten er¬
986 1980 2346 2066 zeugt Langweile, diese macht hungrig, andauerndes, zweckloses Hungern
999 2026 2337 2103 macht nervös und aus begreiflicher Nervosität reißt Rittmeister Moser plötz¬
1001 2086 2346 2145 lich sein Roß herum und reitet heimwärts. Flucht, Panik, verlorene Schlacht!
997 2129 2352 2210 Wäre er verkehrt gestanden, so hätte er wohl auch das Pferd herumgerissen,
1002 2183 2349 2250 wäre aber als Held nach „vorn“ durchgegangen. Da hätten wir aber den
998 2230 1671 2313 „Ruf des Lebens“ nicht vernommen.
1117 2265 2349 2354 Als es für uns einsetzt, ist Moser alt und krank und deshalb, so nehmen
1003 2326 2340 2407 wir an, böse und tyrannisch. Einmal in einem langen Jahr hat er seine sechs¬
993 2391 2354 2444 undzwanzigjährige Tochter Marie für einen Abend freigegeben, sonst keitet
1006 2441 2352 2493 er sie mit dem krassen Egoismus des hilflosen Alters an seinen Kranken¬
1013 2471 2348 2557 fessel. Damals, an jenem einen Tag, ist Marie die Nacht durch im hell¬
1013 2521 2347 2592 erleuchteten Saale dem Reiteroffizier Max tanzend im Arm gelegen, und das
1006 2571 2346 2641 kann sie nicht vergessen. Genan so ist es dem Bäschen Katharina ergangen.
1006 2619 2350 2680 Und heute hört man durch die Feuster der Krankenstube den klappernden
1003 2673 2350 2737 Hufschlag der Schwadronen, die — in den sichern Tod ziehn. Es sind die
1009 2727 2353 2788 blauen Kürassiere wieder, die einer Bitte ihres Obersten zufolge sich opfern
1011 2772 2350 2853 dürfen, opfern bis zum letzten Mann für Kaiser und Vaterland — um
994 2827 1799 2909 die Schmach von anno dazumal zu fühnen.
1124 2855 2347 2946 Und bei einem dieser Totgeweihten, dem Lentnant Albrecht, war Ka¬
1006 2910 2357 2996 tharine. Auch sie ist dem Grabe nicht fern, denn schon blühen an ihren
1003 2978 2360 3030 Schläfen die hektischen Rosen. Laut preist sie der aufhorchenden Marie den
1004 3017 2361 3095 Ruf des Lebens und teilt ihr mit, daß „ihr“ Max unter dunklen Reden, wie:
1020 3068 2366 3145 „sie hätte doch kommen sollen, da wäre manches anders“, nach ihr begehre.
1020 3132 2364 3190 Flugs dem Vater den „Schlaf für hundert Nächte“, den ihr ein merkwür¬
1005 3171 2367 3236 diger Arzt gegeben, eingeträufelt und fort zur Kaserne, stolpernd über des
1012 3228 1301 3293 Vaters Leiche.
1596 3311 1757 3417 —. 29 —
