3436 4352
1619 234 2074 333 box 24/2
292 221 1464 343 19. Der Ruf des Lebens
531 685 2993 774 Entwicklung der Schonspielkunst zurücklassen und zeigt uns, und der wildesten Unlturkrisen doch auch eine Fülle von Talent.
540 744 2580 814 daß in dem unglücklichen Lande der trostlosesten Gegensätze, geistigem Bedürfnis und Naturkraft steckt.
1689 896 2055 1021 Sternen.
1438 893 1688 1020 Unter
1431 998 2040 1080 Von Adolf Diesterwes.
612 1047 1740 1130 Des Menschen Antlitz ist nicht zur Erde, sondern aufwärts
1744 1072 2954 1154 der Kenntnis der Sterne resultiert zugleich ein hoher sittlicher
1744 1124 1925 1186 Ernst.“
533 1109 1749 1185 gerichtet. Sein Blick fällt schon in früher Jugend auf den
538 1172 1745 1233 Himmel, und die ältesten Naturvölker kannten die allgemeinen
1828 1168 2959 1227 Die Astronomie verführt den Lehrer nie zu der Unmethode,
1754 1207 2958 1277 den Schülern Sätze vorzusprechen, die sie nicht verstehen; nie
538 1217 1754 1272 Erscheinungen desselben. Sie zeigten ewigen Wechsel in
538 1257 1736 1314 ewigem Bestand unter unabänderlichen allgemeinen Gesetzen.
1740 1271 2960 1332 zu der Trrannei, diese Sätze auswendig lernen zu lassen und
536 1300 1746 1364 Alles ist dort Regel und Gesetz. Sie zu erkennen fordert die
1741 1308 2948 1372 dadurch die schwache Flugkraft des Geistes der Schüler zu
534 1354 1741 1415 Würde des Menschen. Die Wissenschaft, die sich mit dem Him¬
1749 1354 2956 1406 lähmen, sie flößt dem Lehrer nicht die Besorgnis ein, daß der
530 1398 1737 1453 mel beschäftigt, ist die „erhabenste im Raume“. Echtes Natur¬
1747 1401 2948 1468 herangereifte, zum Selbsturteilen angeleitete, zu Lebenserfah¬
538 1445 1745 1506 wissen oder mit einem Worte Natur=Erkenntnis ist Kenntnis
1749 1441 2947 1502 rungen und zur Kenntnis der Ansichten gebildeter Menschen
533 1491 1740 1569 der Erscheinu gen, ihrer Ursachen und ihres gesetzmäßigen Ver¬
1745 1494 2958 1558 vorgedrungene Schüler sich reigern werde, die vorgetragenen
532 1535 689 1603 laufs.
1752 1532 2947 1590 Sätze anzuerkennen; sie erlaubt nicht einmal den Gedanken,
1740 1588 2951 1643 dem Schüler irgend eine andere, als etwa eine historische Tat¬
615 1586 1731 1659 Wie alles gewisse objektive Wissen, an dem kein subjek¬
1752 1632 2956 1683 sache oder Wahrheit vorzusagen und auf die gläubige, An¬
539 1626 1743 1704 tives Aleinen oder Vermuten haftet, den Geist fest und sicher
1745 1671 2949 1741 nahme derselben zu dringen; sie gestattet die Durchführung des
534 1677 1738 1738 macht und denselben mit bleibendem Inhalt erfüllt: so auch das
1740 1721 2950 1794 großen Entwickelungsprinzips, welches verlangt, daß dem
539 1731 1740 1795 Wissen der allgemeinen Erscheinungen und ihrer Gesetze. Es
1746 1765 2947 1835 Schüler nicht eine einzige Dorstellung dargeboten erde —
539 1774 1737 1841 erhebt den Menschen über die irdischen Wechselfälle des Lebens,
1750 1811 2954 1881 ohne Verständnis. In der Tat, wenn es sich so vercält. und
530 1811 1746 1886 über das Vergöngliche und Eitle, das vorüberrauscht wie die
1750 1857 2947 1915 es verhält sich so. so muß die Astronomie eine herrliche Wissen¬
522 1869 1738 1942 Wellen des Meeres, und dessen Gesetze wir zum größten Teile
1756 1909 2924 1975 schaft, ein treffliches, unübertreffliches Bildungsmittel sein!
525 1911 814 1985 nicht kennen.
1835 1949 2963 2028 „Es war,“ sagt Tegner in seinen Reden, „ein ordnender
611 1970 1739 2031 Zu allen Zeiten haben daher ruhige und stille Gemüter
1738 2009 2957 2064 Geist, welcher die Welt aus dem Chaos emporhob; ohne Ord¬
533 2012 1734 2080 eine besondere Anziehung zur Kenntnis des gestirnten Himmels
1751 2054 2949 2109 nung würde sie in dasselbe zurückgesunken sein. Diese Ord¬
526 2064 1736 2117 verspür. Tiefer angelegten Kindern ist sie in besonderem
1735 2091 2957 2149 nung ist ein= für allemal bestimmt. Die Naturgesetze sind die
530 2104 1740 2159 Grade eigen. Ganz allgemein ist das Interesse für dieses
1742 2150 2955 2214 Paragraphen in dieser großen Ordnungsbestimmung, und kein
533 2155 1734 2210 Wissen. Wo es nicht gefunden wird, da ist es nicht mehr vor¬
1749 2195 2962 2259 Reichstag hat noch das Grundgesetz der Welt verändert. Wie
537 2200 1729 2267 handen, war also da, entspricht der Natur, ist folglich leicht zu
1748 2235 2961 2299 nach dem Glockenschlage fährt die Sonne mit ihrem Wagen
526 2242 1733 2309 #erwecken. Nur der von den Sorgen des Lebens ganz erfüllte,
1746 2282 2956 2360 dahin, und ihr #u## wohl nie gehört, daß der Mond sich ver¬
537 2292 1741 2355 unter den irdischen Lasten erliegende, oder auch der von den Lei¬
1769 2329 2083 2390 schlafen hätte.“
534 2340 1744 2394 denschaften ganz unterjochte Mensch ist für ein so reines, an und
1821 2355 2952 2423 Nachdem Copernikus und Newton die Astronomie den
525 2376 1732 2443 für sich schon veredeindes Wissen unempfänglich. Aber, wie
1731 2405 2962 2471 Kinderschuhen enthoben haben, ist sie ein universales, allgemein
536 2424 1734 2493 die Erfahrung lehrt, selbst die Unglücklichsten der Wesen, ab¬
1745 2469 2955 2516 menschliches Bildungsmittel; unter den Bildungsmitteln, die
537 2476 1729 2537 gearbeitete Fabrikkinder, freuen sich, wenn dem müden Leib
1748 2513 2958 2562 man „Humaniora“ nennt, nimmt sie eine der ersten Stellen ein.
530 2530 1731 2595 nur einige Ruhe und Stärke geworden, noch in späten Abend¬
1738 2561 2948 2609 Darum ist es so schwer begreiflich, daß man ihre Kenntnis
528 2571 1644 2621 stunden etwas von Sonne, Mond und Sternen zu hören.
1741 2609 2951 2670 nicht von denjenigen, welche man beruft, den Menschen die
615 2612 1743 2673 Uein Lehrer sollte dieses Wissens unkundig sein. „Die
1746 2642 2956 2714 Gottheit zu offenbaren, als ein unerläßliches Wissen verlangt.
527 2650 1734 2728 gründliche Uenntnis der mathematischen Geographie ist nicht
1753 2686 2960 2756 Jedes Wissen wird doch hauptsächlich aus seinem Wirken
536 2714 1731 2775 sowohl ein Lob, als die Unbekanntschaft mit ihr ein Tadel ist.“
1743 2746 1939 2815 erkannt.
537 2770 1732 2821 (O. Schulz.) „Wie viel Wilde gibt es, und nicht bloß in den
1817 2783 2949 2846 Die Vorstellung des gesetzmäßigen Verlaufs der Ereignisse
534 2792 1735 2863 Wäldern von Amerika und Neu=Holland, sondern auch in den
1749 2824 2950 2906 und Vergänge in der Natur dringt mit unwiderstehlicher Macht
533 2854 1740 2906 Hauptstädten Europas, welche die Sonne und den Mond und
1752 2884 2956 2941 auf jeden ein, Her die Naturerscheinungen und physischen Tat¬
539 2894 1740 2963 das zahllose Heer der Sterne täglich vor sich auf= und nieder¬
1751 2930 2952 2988 sachen beobachtet und denkend kennen lernt. Diese Wahrheit,
528 2944 1732 3008 gehen sehen, ohne sich nur ein einziges Alal zu fragen, woher
1748 2965 2955 3020 daß in der Natur alles, was wir bereits kennen, nach ganz be¬
527 2995 1731 3064 sie kommen und wohin sie gehen, und warum sie ewig in den¬
1747 3014 2951 3083 stimmten Gesetzen erfolgt, aus welchen dann die feste Ueber¬
528 3037 1723 3096 selben Kreisen um die Erde ziehen.“ (Littrow.) Kein Schü¬
1742 3062 2943 3129 zeugung resultiert, daß auch alles, was wir noch nicht genau
526 3089 1736 3146 ler sollte aus der Schule entlassen werden, ohne Anschauung
1735 3105 2951 3169 kennen, ebenfalls gesetzmäßig geschieht, und daß alle Willkür,
526 3136 1739 3195 und Keüntnis des Himmels und seiner Wunder gewonnen
1744 3154 2945 3212 alle Zufälligkeit davon ausgeschlossen ist — diese aus allen
523 3174 1736 3232 zu haben. „Die mathematische Geographie ist der Torweg der
1739 3197 2947 3268 Einzelheiten, wie aus der ganzen Betrachtung, ohne Worte —
524 3221 1734 3269 Geographie: sie steht zunächst im Dienste der Geographie; die
1734 3229 2953 3312 dem Lernenden sich aufdrängende Wahrheit halte ich für eine
523 3267 1736 3337 Astronomie aber im Dienste der Humanität.*) Ein allgemeines
1734 3284 2944 3361 äußerst wichtige. Sie verleiht dem Betrachter nicht nur er¬
528 3309 1736 3385 Bedürfnis des Aenschen verlan#t sie, sie sollte Gemeingut aller
1747 3331 2951 3395 kennend einen hohen Genuß, sondern sie impft ihm auch die
530 3357 1728 3412 Gebildeten sein. Die Sterne sind uns näher gestellt als die
1742 3382 2953 3459 Freude an selbsteigner, gesetzmäßiger Gestaltung seines Lebens
528 3402 1729 3466 Natur und Statistik des Otaheitischen Landes.“ (Dr. Kühner.)
1750 3432 2939 3490 ein, und sie veranlaßt ihn zur Auffassung der richtigen Stel¬
532 3458 1733 3504 Ihren formalen Wert bezeichnet derselbe so: „Die Kenntnis
1736 3473 2949 3525 lung des Alenschen zur Natur und ihrem erhabenen Urheber;
520 3488 1724 3555 der Sterne dient zunächst zur Befriedigung eines der ersten,
1739 3503 2946 3582 sie macht den Menschen fest. Ilun wird durch diese Wahr¬
526 3538 1736 3613 natürlichsten und reinsten Bedürfnisse des Gefühls. Dieses
1739 3564 2946 3617 nehmung alle Planlosigkeit, alle Unordnung und Willkür ver¬
535 3594 1724 3640 wird bald zur Anregung für den Verstand, zur Quelle
1743 3612 2941 3680 leidet, und er fühlt sich von der Ueberzeugung durchdrungen,
530 3628 1725 3685 reiferen Nachdenkens. An die Stelle des träumerischen und
1741 3664 2942 3719 daß es ein Verbrechen sei, die Naturgesetze zu übertreten. Ich
524 3687 1728 3742 abergläubischen Betrachtens tritt die Selbständigkeit der Sinne
1737 3697 2950 3770 denke: dieser Gewinn, der nebenbei abfällt (was eben das
526 3717 1724 3778 und des Geistes. Dies bewahrt vor dem Grundfeinde aller
1736 3747 2937 3808 Schönste dabei ist — auch hier ist die Zufälligkeit und Will¬
529 3774 1724 3829 Geistestätigkeit, der Gewöhnung das Nächstliegende nicht zu
1731 3800 2941 3854 kür ausgeschlossen), ist von hoher Bedeutung und kann den,
528 3817 1732 3871 sehen — das Erhabenste zu sehen, ohne es zu empfinden — das
1742 3843 2949 3893 der das noch nicht weiß, von der ebenfalls großen und wich¬
529 3862 1721 3926 Unerklärte zu betrachten, ohne es erklären zu wollen. Aus
1730 3892 2949 3949 tigen pädagogischen Wahrheit überzeugen, daß der wahre
1732 3932 2945 3996 Unterricht an und für sich, ohne alles andere, den Charakter
652 3927 1729 4005 *) „Zwei Dinge sind es, die das Gemüt immer mit neuer
1747 3985 1899 4043 bildet.
524 3969 1735 4049 und zunehmender Bewunderung und Ehrfurcht erfüllen, je öfter
1834 4002 2938 4084 Die Astronomie erweitert des Menschen Blick und erhebt
526 4032 1736 4084 und anhaltender sich der Geist mit ihnen beschäftigt: der gestirnte
1744 4064 2948 4148 ihn über engherzige, lokale Auffassungen und Ansichten. Daß
518 4072 1622 4137 Himmel über mir und das ethische Gesetz in mir.“ (Kant.)
