3436 4352
1566 257 2062 360 box 24/3
267 265 1444 355 19. Der Ruf des Lebens
2692 1283 3380 1355 fortgegangen und wir sind in
2699 1339 3379 1424 gegen sie allein geblieben. ∆
2697 1384 2994 1462 bald gezeigt.
2795 1414 3383 1503 Am 3. Dezember 1908
2688 1463 3390 1557 Obstruktion im Parlament des
2686 1527 3348 1586 Wahlrechtes ausgebrochen.
401 1539 626 1627 rotlung
2677 1581 3387 1640 =setzten nach der Verkündung des
1530 1664 2702 1721 peinlicher Gefangenschaft gehalten wird; ihm lauscht mit
2697 1661 3381 1736 wegstirbt. Dreimal hat sie bei ihren
1538 1716 2711 1779 fiebernden Wangen das lungenkranke Mädchen, dem nur noch
2704 1719 3377 1772 vernommen; das hat ihre Seele
422 1669 1551 1832 Gul. #, Feuilleton.  7/1%
1547 1757 2712 1817 eine kurze Lebensfrist gegönnt ist; ihn hören in verzehrender
2699 1758 3376 1825 bürgerlichen Verstand groß gemach
1544 1804 2701 1864 Leidenschaft „die blauen Kürossiere“ vom todgeweihten Regiment.
2690 1805 3375 1880 hört der Mensch auf, Gesetze zu gebe
441 1799 1521 1878 Arthur Schnitzler: Der Ruf des
1540 1844 2705 1915 Der Ruf des Lebens reißt alle Schranken nieder, er treibt jeden
2700 1844 3399 1939 bald von der Erde fort sein wird
828 1864 1126 1958 Lebens.
1545 1895 2699 1961 hinaus aus seinem engen Bezirk. Da flieht das Mädchen aus
2695 1898 3405 1967 Einzige: Leben, Erleben. So gütig
384 1925 1556 2022 Zur ersten Aufführung im Deutschen Volks¬
1541 1944 2702 2000 der stickigen Krankenstube, da lauft die todeskranke Schöne im
2692 1949 3387 2023 schwache Mutter. Mit ein wenig la
840 1991 1121 2051 theater.
1546 2000 2697 2056 Ballkleid von einem Liebhaber zum nächsten, da lockt es den blauen
2694 2002 3375 2062 bewußter, aber noch immer wohl
496 2019 1557 2094 Schon der Titel dieses Werkes nimmt gefangen. Unsere
1541 2036 2706 2108 Kurassier, sein Soldatengewand aus zuziehen und gegen den Tod in
2693 2032 3374 2113 Er befreit das Bürgermädchen aus
382 2069 1554 2147 Dichter leben abseits vom großen Leben, was man ihnen nicht
1549 2087 2703 2151 Ehren das Leben in Lust einzutauschen. Der Ruf des Lebens
2690 2101 3359 2162 stube, er nimmt es ohne Erregung
387 2130 1545 2193 verübeln müßte, denn im Marktlärm und Murktgestank hält's
1553 2135 2703 2191 ist das höchste Gesetz! Was bedeuten kranke Väter, was be¬
2695 2141 3390 2216 dem todessiechen Vater ein abfürze
383 2181 1556 2248 kein Musikant, aus und alles künstlerische Schaffen braucht
1544 2187 2709 2242 deuten Sitte und Sittlichkeit, was bedeutet das bißchen Ehre,
2703 2181 3372 2259 Ihn, der ein ganzes Leben lang de
385 2224 1546 2289 Stille, Sammlung, Lauschen ins Innere. Aber wenn sie schon
1545 2228 2710 2283 wenn das Leben selbst versäumt werden könnte? Wann schallt
2703 2232 3384 2305 und Leben mitangesehen hat, dünkt
385 2264 1557 2334 abseits ihre einsamen Wege gehen müssen, so sollten sie
1552 2278 2713 2330 der Ruf des Lebens am lautesten? Gleich nachdem der Ruf
2696 2280 3380 2347 Tragik Nebensache: „Das Leben ist
381 2308 1542 2378 wenigstens Sehnsucht nach der andecen Welt fühlen! Es sollte
1554 2327 2711 2376 des Todes erklungen ist! Weil das Bürgermädchen fürchtet,
2700 2329 3388 2405 blaue Kürassier ist in der Schlachtg
382 2375 1554 2434 wenigstens von fern das Weltgebrause leise zu ihnen herüber¬
1545 2360 2710 2441 daß der Geliebte von den blauen Kürassieren heute Nacht in
2695 2378 3383 2431 Bürgermädchen glaubt, es habe nur
392 2420 1561 2483 klingen, sie sollten nicht isoliert, sondern durch zarte Fäden mit
1548 2413 2702 2473 die tedbringende Schlacht ziehen muß, darum reißt sie sich alle
2696 2413 3384 2484 kein Tag kann mnehr für sie leuchten
1545 2465 2710 2539 Hüllen der Sitte vom Leibe und gibt sich nackt dem heißesten
380 2464 1549 2541 der Welt verbunden sein! Darum hat schon der Titel dieses
2702 2472 3382 2537 wie verloren in der Welt, geht sie
389 2512 1273 2590 Werkes lockende Kraft: Der Ruf des Lebens ..
1547 2517 2704 2577 Leben preis. Weil die Lungenkranke weiß, daß ihr nur eine
2701 2514 3385 2589 Nacht lang hat sie dem Leben gehö
1544 2556 2702 2623 kurze Spannzeit gegeben ist, darum vertanzt und verschwelgt
2695 2564 3387 2634 inuerlichen Ruse des Todes. Sie ich
1553 2607 2710 2677 sie ihr bißchen Sein. Der Ruf des Todes erzeugt lebendigstes
503 2582 1549 2667 Sitzt man ein paar Minuten im Theater, so freut man
2698 2609 3393 2679 gang. Von ihren schwarzen Kleid
392 2655 1553 2719 sich vor allem, daß ein Bühnenschriftsteller hier wieder wagt,
1544 2661 2712 2723 Leben, aber das glühendste Leben erzeugt den Tod! Dieses
2695 2663 3390 2727 blühende Feldblumen leuchtfarbig ab
379 2708 1551 2775 dichterisch reden zu lassen. Jede Gestalt in diesem Drama spricht
1547 2712 2701 2768 Ineinanderverwebtsein der beiden großen Leitmotive, das macht
2697 2709 3371 2771 vor ihr und sie sagt ihm, wie sie si
1557 2750 2224 2832 Schnitzlers Dichtung so verführerisch.
391 2744 1560 2808 ein knappes, gehämmertes Deutsch, dessen Kargheit voll unter¬
2695 2755 3391 2838 anderen Ufer, nach dem Schattenrei
383 2781 1555 2854 irdischer Lyrik ist. Auf unseren Theatern wird für gewöhnlich
2698 2804 3361 2863 die leuchtenden Blüten in der
393 2839 1569 2909 immer nur das gemeinste Wirklichkeitsdeutsch oder ein romantisches
1650 2829 2701 2907 Zu jungen Menschen dringt plötzlich der Ruf des Lebens
2696 2850 3384 2917 und sagt scheinbar bedeutungslos
395 2892 1556 2951 Kunstdeutsch geredet. In dieser Dichtung hat Schnitzler die
1560 2893 2706 2957 und sie streifen Gesetze und Gebote ab, um nackt durch die
2701 2894 3345 2958 haben Sie gepflückt? ...“ Wie
393 2946 1551 2998 Mitte zwihen einer balladesken Kunstsprache und einem ganz
1549 2948 2699 3004 strömende Wirklichkeit zu schwimmen. Das ist der Inhalt des
2704 2932 3352 3017 verführt, das deutet Schnitzler
387 2988 1552 3058 leicht wienerisch angehauchten Wirklichkeitsdeutsch gefunden. Es
1545 2977 2710 3045 Theaterstückes „Der Ruf des Lebens“. Aber Schnitzler war von
2700 2987 3377 3053 dichterisch gefühlten Szene an. Es i
382 3028 1558 3090 tut so wohl, auch im Theater einmal wieder Freude am Worte
1555 3039 2701 3096 jeher nicht nur ein Dichter, sondern ein mildherziger, erfahrener,
2697 3044 3385 3103 tag. Die Felder stehen in strahlende
391 3085 1552 3142 haben zu dürfen! Aber bald vergißt man die Lust am Ausdruck,
1557 3064 2711 3149 sanfter Prediger. In allen seinen Werken wird ein Schicksal
2698 3083 3386 3149 Wort sprechen dürfen!) pflücken leuch
391 3117 1552 3203 weil der seelische Eindruck, wie es sich für eine Dichtung geziemt,
1557 3125 2715 3195 nicht nur gemalt, sondern da ist immer auch ein gütiger alter
2695 3130 3376 3198 der Arzt: „Daß Sie hier über Fel
391 3180 1045 3251 die Wortoberfläche übersehen läßt.
1541 3172 2706 3239 Herr, der mit halblauter Stimme zu jedem tragischen Leben
2696 3169 3387 3250 gehen, daß Sie Blumen in der Hand
1547 3225 2697 3288 eine edle Predigt sagt. Niemals hat dieser lust= und leiderfahrene
2693 3224 3381 3294 Fenster eine Freundin Ihnen für
500 3268 2704 3338 Zwei Melodien durchziehen dieses Stück: der Ruf des Prediger so sanfte, so betörende Worte gefunden wie im „Ruf
2707 3264 3384 3346 hier mit mir reden unter dem leucht
385 3296 2710 3369 Lebens und der Ruf des Todes. Den Ruf des Lebens hört das des Lebens“. Hier ist eine Mutter, der das Herz im Leibe zuckt,
2690 3322 3389 3381 ist Leben! Wer weiß, ob Ihnen nich
388 3354 3383 3447 schöne Mädchen, das von einem bos= und krankhaften Vater in weil ihr ein Kind nach dem anderen in seiner Blüte Jugend! aus einem Tage wie der heutige der
