3484 4256
1597 194 2081 297 box 24/3
295 192 1593 296 19. Der Ruf des Lebens
2958 1047 3151 1133 —
2604 1049 2823 1132 S
949 1083 2100 1172 peinlicher Gefangenschaft gehalten wird; ihm lauscht mit
2103 1094 3242 1180 wegstirbt. Dreimal hat sie bei ihren Kindern den Ruf des Tod
952 1144 2103 1221 fiebernden Wangen das lungenkranke Mädchen, dem nur noch
214 1126 823 1239 feuilleton. 4047
2105 1158 3229 1236 vernommen; das hat ihre Seele geweitet und ihren kleine
953 1203 2107 1265 eine kurze Lebensfrist gegönnt ist; ihn hören in verzehrender
2096 1206 3231 1256 bürgerlichen Verstand groß gemacht. In der Nähe des Todi
948 1237 2103 1314 Leidenschaft „die blauen Kürassiere“ vom todgeweihten Regiment.
2097 1257 3229 1310 hört der Mensch auf, Gesetze zu geben. Dem jungen Kinde, de
207 1234 894 1331 hnitzler: Der Ruf des
950 1300 2105 1363 Der Ruf des Lebens reißt alle Schranken nieder, er treibt jeden
2105 1303 3241 1356 bald von der Erde fort sein wird, gönnt seine Mutter da
221 1307 531 1406 Lebens.
954 1340 2108 1401 hinaus aus ssinem engen Bezirk. Da flieht das Mädchen aus
2111 1348 3239 1397 Einzige: Leben, Erleben. So gütig predigt Schnitzler durch ein
952 1380 2107 1446 der stickigen Krankenstube, da läuft die todeskranke Schöne im
206 1372 953 1474 führung im Deutschen Volks¬
2103 1398 3242 1458 schwache Mutter. Mit ein wenig lauterer Stimme, ein bißche
248 1428 516 1503 theater.
951 1440 2109 1497 Ballkleid von einem Liebhaber zum nächsten, da lockt es den blauen
2101 1424 3256 1507 bewußter, aber noch immer wohltuend still predigt der Arzi
956 1488 2103 1542 Kürassier, sein Soldatengewand auszuziehen und gegen den Tod in
2100 1484 3258 1545 Er befreit das Bürgermädchen aus dem Kerker der Kranken
197 1463 959 1546 dieses Werkes nimmt gefangen. Unsere
186 1528 952 1592 om großen Leben, was man ihnen nicht
953 1531 2108 1602 Ehren das Leben in Lust einzutauschen. Der Ruf des Lebens
2099 1532 3258 1600 stube, er nimmt es ohne Erregung auf sich, daß die Tochte
961 1579 2108 1629 ist das höchste Gesetz! Was bedeuten kranke Väter, was be¬
2098 1583 3261 1651 dem todessiechen Vater ein abkürzendes Gift eingegeben hat
208 1570 962 1643 im Marktlärm und Marktgestank hält's
949 1625 2096 1686 deuten Sitte und Sittlichkeit, was bedeutet das bißchen Ehre,
184 1616 958 1687 nd alles künstlerische Schaffen braucht
2097 1629 3251 1687 Ihn, der ein ganzes Leben lang den Zweikampf zwischen Tol
949 1676 2108 1727 wenn das Leben selbst versäumt werden könnte? Wann schallt
199 1676 957 1736 auschen ins Innere. Aber wenn sie schon
2108 1682 3252 1730 und Leben mitangesehen hat, dünkt alle Tragik heilbar, all
949 1724 2103 1785 der Ruf des Lebens am lautesten? Gleich nachdem der Ruf
2097 1716 3263 1778 Tragik Nebensache: „Das Leben ist des Lebens Sinn.“ Der
201 1721 955 1778 Wege gehen müssen, so sollten sie
186 1761 955 1833 nach der anderen Welt fühlen! Es sollte
949 1769 2103 1826 des Todes erklungen ist! Weil das Bürgermädchen fürchtet,
2100 1772 3265 1836 blaue Kürassier ist in der Schlacht gefallen und das trauernde
950 1815 2108 1885 daß der Geliebte von den blauen Kürassieren heute Nacht in
184 1815 965 1889 das Weltgebrause leise zu ihnen herüber¬
2108 1819 3263 1887 Bürgermädchen glaubt, es habe nur eine Nacht gelebt und
954 1860 2108 1924 die todbringende Schlacht ziehen muß, darum reißt sie sich alle
206 1862 961 1923 t isoliert, sondern durch zarte Fäden mit
2098 1860 3268 1913 kein Tag kann mehr für sie leuchten. Inn schwarzen Kleidern,
954 1905 2113 1974 Hüllen der Sitte vom Leibe und gibt sich nackt dem heißesten
203 1913 961 1993 sein! Darum hat schon der Titel dieses
2097 1910 3278 1971 wie verloren in der Welt, geht sie durch ihren Garten. Eine#
209 1956 647 2033 Der Ruf des Lebens.
945 1955 2096 2016 Leben preis. Weil die Lungenkranke weiß, daß ihr nur eine
2105 1966 3271 2019 Nacht lang hat sie dem Leben gehört, nun lauscht sie dem
964 2005 2107 2069 kurze Spannzeit gegeben ist, darum vertanzt und verschwelgt
2100 2002 3273 2081 innerlichen Rufe des Todes. Sie kommt von einem Spazier¬
951 2046 2106 2108 sie ihr bißchen Sein. Der Ruf des Todes erzeugt lebendigstes
194 2033 957 2113 aar Minuten im Theater, so freut man
2096 2069 3262 2122 gang. Von ihren schwarzen Kleidern heben sich ein paar
956 2109 2107 2164 Leben, aber das glühendste Leben erzeugt den Tod! Dieses
201 2098 963 2159 n Bühnenschriftsteller hier wieder wagt,
2100 2096 3273 2164 blühende Feldblumen leuchtfarbig ab: Da steht nun der Arzt¬
959 2150 2106 2210 Ineinanderverwebtsein der beiden großen Leitmotive, das macht
2103 2149 3269 2218 vor ihr und sie sagt ihm, wie sie sich hinübersehnt nach dem
198 2137 960 2212 sen. Jede Gestalt in diesem Drama spricht
957 2196 1633 2272 Schnitzlers Dichtung so verführerisch.
196 2198 962 2254 rtes Deutsch, dessen Kargheit voll unter¬
2093 2196 3267 2249 anderen Ufer, nach dem Schattenreich. Der Arzt sieht nur auf.
222 2244 969 2293 f unseren Theatern wird für gewöhnlich
2101 2247 3266 2313 die leuchtenden Blüten in der lässig gesunkenen Hand
193 2294 970 2358 ste Wirklichkeitsdeutsch oder ein romantisches
1052 2267 2109 2354 Zu jungen Menschen dringt plötzlich der Ruf des Lebens
2101 2301 3267 2358 und sagt scheinbar bedeutungslos: „Aber diese Blumen
202 2334 961 2400 In dieser Dichtung hat Schnitzler die
955 2323 2109 2406 und sie streifen Gesetze und Gebote ab, um nackt durch die
2101 2345 3267 2398 haben Sie gepflückt? ...“ Wie das Leben zum Leben
198 2381 964 2441 alladesken Kunstsprache und einem ganz
951 2392 2113 2441 strömende Wirklichkeit zu schwimmen. Das ist der Inhalt des
2101 2393 3270 2444 verführt, das deutet Schnitzler schon in dieser zarten
200 2430 962 2486 hauchten Wirklichkeitsdeutsch gefunden. Es
951 2423 2101 2488 Theaterstückes „Der Ruf des Lebens“. Aber Schnitzler war von
2103 2435 3257 2500 dichterisch gefühlten Szene an. Es ist ein prängender Sounen¬
188 2476 961 2537 Theater einmal wieder Freude am Worte
959 2473 2103 2548 jeher nicht nur ein Dichter, sondern ein mildherziger, erfahrener,
2097 2482 3255 2549 tag. Die Felder stehen in strahlendem Gelb. Kinder (die kein
194 2522 964 2588 r bald vergißt man die Lust am Ausdruck,
958 2533 2108 2588 sanfter Prediger. In allen seinen Werken wird ein Schicksal
2097 2524 3256 2597 Wort sprechen dürfen!) pflücken leuchtende Mohnblüten. Da sagt
196 2574 966 2641 uck, wie es sich für eine Dichtung geziemt,
956 2580 2107 2645 nicht nur gemalt, sondern da ist immer auch ein gütiger alter
2094 2576 3272 2640 der Arzt: „Daß Sie hier über Felder und Wiesen spazieren
194 2602 455 2690 rsehen läßt.
960 2627 2110 2684 Herr, der mit halblauter Stimme zu jedem tragischen Leben
2107 2617 3277 2685 gehen, daß Sie Blumen in der Hand haben, daß hinter dieseme
953 2672 2104 2724 eine edle Predigt sagt. Niemals hat dieser lust= und leiderfahrene
2108 2678 3274 2742 Fenster eine Freundin Ihnen für ewig entschwindet, daß Sie
955 2720 2105 2784 Prediger so sanfte, so betörende Worte gefunden wie im „Ruf
201 2692 967 2774 durchziehen dieses Stück: der Ruf des
2095 2722 3264 2779 hier mit mir reden unter dem leuchtenden Mittagshimmel, das
194 2758 2107 2821 es Todes. Den Ruf des Lebens hört das des Lebens“. Hier ist eine Mutter, der das Herz im Leibe zuckt,
2105 2767 3259 2838 ist Leben! Wer weiß, ob Ihnen nicht später, viel später, einmal
202 2811 3254 2886 von einem bos= und krankhaften Vater in weil ihr ein Kind nach dem anderen in seiner Blüte Jugend aus einem Tage wie der heutige der Ruf des Lebens viel reiner
