3436 4384
243 199 1413 319 19. Der Ruf des Lebens
1567 211 2015 302 box 24/2
2527 1365 2606 1446 —
3081 1365 3311 1450 —
877 1437 3312 1494 Dies Drama ist technisch von einer geradezu fenilen Unbeholfen= daß ein Reiterregiment in die Schlacht zieht, um bis auf den letzten
154 1457 482 1553 des Lebens
2048 1485 3313 1535 Mann umzukommen, ist doch nicht als eine läppische Komödian¬
797 1492 2056 1574 heit und leidet inhaltlich — um das kurz und deutlich herauszusagen
2054 1526 3307 1576 terei. Glaubt Herr Schnitzler im Ernste, daß in irgend einem
851 1533 2047 1600 — an moral insanity. Man wird uns nicht im Verdachte haben,
169 1534 342 1616 San
2056 1572 3302 1630 Heere der Welt ein Oberst, der die Absicht kund gibt, ein ganzes
803 1580 2043 1635 unter die Lex=Heintze=Männer gegangen zu sein, die nur die Buch¬
137 1571 774 1675 euischer=Themer, 24 Februan)
2056 1601 3312 1670 stolzes Reiterregiment à la Max Piccolomini zu schanden zu reiten?
808 1621 2045 1689 staben=Moral des „Du sollst —“ und „Du sollst nicht —“ wollen
2054 1646 3316 1716 Daß der auch nur 24 Stunden länger im Kommando belassen würde?
140 1653 806 1728 wärtigste Quälgeist von Vater, der
814 1668 2044 1738 gelten lassen. Wir haben keinen Augenblick daran gezweifelt, daß
2052 1699 3311 1764 Der Krieg ist kein Schlächterhandwerk, und wenn schon der kein
138 1716 812 1763 verleugnung gepflegt wurde. Vor
817 1711 2057 1771 „der Ruf des Lebens“ nichts and# es sein würde als der Brunst¬
2059 1739 3315 1809 guter Soldat ist, der nicht bereit ist das Leben einzusetzen: ein noch
146 1746 811 1818 er der blauen Kürassiere, in einem
803 1758 2052 1812 schrei der sexuellen Begierde; denn die ist das einzige, wofür es sich
2051 1789 3316 1853 viel schlechterer Soldat wäre der, der bereit ist, es in Hamlet¬
170 1803 806 1864 versagten, das ganze Regiment
812 1813 2052 1865 nach Schnitzler's Dichtungen zu leben lohnt. Aber daß Schnitzler
2048 1828 3319 1900 stimmung wegzuwerfen. Und nun sollen wir uns gar ein ganzes
151 1840 806 1901 sen. Diese Schmach will der jetzige
804 1837 2060 1899 diesen Grundsatz mit einer so brutalen Gefühlsroheit predigen
2048 1881 3323 1929 Reiterregiment von Hamlets vorstellen! Ist das etwa nicht zum
154 1888 809 1957 dem er es in den sichern Tod führt.
806 1892 2052 1946 würde, wie in der Schlußszene des 2. Aktes, das konnte man nicht
2059 1927 2855 2003 Lachen, weil's von Artbur Schnitzler ist?
150 1930 802 2001 en Kürassiere hat Marie, die Toch¬
807 1939 2053 1993 erwarten. Man denke sich: da am Boden liegt die Ehebrecherin, die
152 1974 808 2046 e Ballnacht durchtanzt. Dann hat
807 1980 2054 2038 der Leutnant so oft in seinen Armen gehalten hat, mit der tötlichen
2139 1981 3310 2053 Im Lessingtheater freilich gab's Leute, die diesem unappetit¬
803 2026 2052 2101 Kugel im Leibe, die ihm gehört hätte, aber noch nicht erkaltet, und
138 2024 806 2084 ergessen hat sie ihn nicht. Morgen
2055 2038 3339 2093 lichen Gemisch von Gefühlsroheit und Abgeschmacktheit rasend Bei¬ 8
150 2066 808 2137 Alte läßt sie nicht fort, da vergiftet
810 2067 2054 2140 schon läuft er mit der zweiten davon, um vor dem sicheren Tode
2067 2088 3322 2143 fall klatschten — zu Anfang. Nach jedem Aktschluß freilich wurden
137 2114 811 2168 m Schlaftrunk und läuft zu ihrem
816 2117 2047 2176 rasch noch diesen jungen Leib zu genießen. Dieser Leutnant ist kein
2062 2138 3317 2183 sie kleinlauter und die Zischer lebhafter, was Herrn Schnitzler nicht
137 2159 808 2225 t der zweite Akt. Sein Oberst hat
799 2158 2049 2215 Mensch mehr, für den wir Teilnahme empfinden könnten, sondern
2060 2170 3313 2238 hinderte, vor dem Vorhange zu erscheinen und sich dankend zu ver¬
142 2193 809 2273 einer Frau zu sein; der Leutnent
814 2208 2048 2263 ein Vieh, das einen ehrlichen Soldatentod nicht verdient hat.
2061 2214 3320 2276 neigen. Auch die besten Kräfte des Lessingtheaters vermochten das
137 2248 808 2310 Seite fechten, Herr Oberst.“ — In
816 2246 2050 2305 Immerhin mag solch ein Vieh denkbar sein. Aber will Herr
2066 2262 3322 2318 Stück nicht zu retten, die dankbarste Rolle des Obersten hatte
803 2288 2050 2347 Schnitzler uns einreden, daß eine virgo intacta — der Leser wolle
133 2289 804 2347 t Marie gelaufen und verbirgt sich
2061 2298 3317 2358 Bassermann, die Triesch mit all ihrer Kunst war als Marie
152 2344 810 2403 hst erscheint der Leutnant mit der
812 2334 2055 2394 verzeihen, wenn wir physiologisch reden, Herr Schnitzler zwingt
2056 2342 3315 2415 eher zu beklagen. Eine Episodenrolle — eine Schwindsüchtige, die
147 2382 808 2443 Geliebten dem sichern Tode zu ent¬
800 2369 2056 2437 dazu — sich in unbändigem Sinnenrausche, toll und blind über den
2062 2387 3314 2454 die wenigen, ihr noch verbliebenen Jahre im wildesten Tempo durch¬
156 2420 809 2496 er springt der Oberst, schießt seine
807 2422 2050 2491 noch nicht erkalteten Leib ihrer Vorgängerin weg dem Geliebten
2051 2425 3316 2498 tollt — ward von Grete Hofmann — sonst Frau Kammersänger
139 2464 813 2537 utnant, mit sich das gleiche zu tun.
816 2470 1220 2545 in die Arme wirft?
2050 2481 3312 2538 Ernst Kraus genannt — nicht übel gegeben. Die Inszenierung
158 2522 816 2572 da stürzt Marie yervor, der Leut¬
2048 2531 3304 2587 brachte zwei Interieurs im Biedermeierstile — das Stück spielt in
889 2515 2057 2602 Darin eben liegt die moral insanity dieses Stückes, daß allen
153 2560 818 2618 wie „Oskar Wilde sagen würde —
2065 2567 3305 2639 den 40er Jahren des vorigen Jahrhunderts — und eine Wald¬
810 2572 2054 2647 Menschen darin die natürliche Achtung abgeht, die der gesunde
146 2591 820 2667 und der ganze dritte Akt hat weiter
2058 2607 3307 2678 und Wiesenlandschaft, die erfolgreich mit Reinhardt'schen Stimm¬
808 2630 2052 2702 Mensch vor der höchsten Majestät empfindet, die er kennt: vor der
133 2651 807 2702 len, daß der Leutnant am Morgen
2806 2657 3266 2737 Dr. Paul Harms.
152 2680 2698 2764 seiner toten Geliebten zu erschießen.] Majestät des Todes. Auch die ganze Voraussetzung des Stückes, ungskünsten in Wettbewerb trat.
