3436 4320
836 179 961 243 de
1038 180 1172 244 Le
233 170 1385 279 19. Dereer re se e ee e deee ee
1042 1260 1415 1355 Telephon 12801.
508 1355 1212 1507 „OBSERVER
341 1486 1428 1552 I. österr. behördl. konz. Unternehmen für Zeitungs-Aussehnitte
537 1534 1271 1621 Wien, I., Concordiaplatz 4.
752 1608 1065 1669 Vertretungen
351 1627 1457 1726 in Berlin, Budapest, Chicago, Christiania, Genf, Kopenhagen,
354 1702 1458 1769 London, Madrid, Mailand, Minneapolis, New-York, Paris, Rom,
517 1721 1286 1793 San Francisco, Stockholm, St. Petersburg.
699 1769 1111 1846 (Gters-C-
1086 1761 1512 1860 AGBLATT
367 1838 782 1928 Ausschnitt aus:
880 1900 1188 1997 6- 3. 1906
372 1953 492 2018 vor“.
489 2025 1490 2167 Theater, Kunst und Literatur.
566 2116 1493 2222 Die Erstaufführung von Artur Schniklens
436 2189 1479 2252 „Ruf des Lebens“, die am 24. Februar im Be¬¬
437 2221 1484 2296 liner Lessing=Theater stattfand, hat trotz des
433 2269 1468 2332 äußeren, freilich bestrittenen Erfolges dem tiefer Blicken¬
435 2310 1476 2392 den eine herbe Enttäuschung bereitet. Oskar Anwand
435 2363 1477 2409 schreibt darüber in der „M. Allg. Ztg.“: „Ich muß ge¬
437 2405 1482 2458 stehen, selten ein mir so durch und durch unsympathisches
440 2450 1480 2504 Stück gesehen zu haben. Der Dichter zerfasert unsere
437 2476 1477 2558 Empfindungen als Unwahrheiten und Vorurteile, um
436 2537 1476 2609 doch wieder zu ihnen zurückzukehren und sie zusammen¬
425 2572 1469 2649 zuleimen. Fast scheint es, als fehlte ihm jede naive
424 2617 1475 2692 Lebensfreude und =Gesundheit, das reiche, lachende Da¬
432 2652 1473 2739 sein anders zu genießen als durch die krankhafte Auf¬
429 2717 1484 2784 stachelung im Angesichte des nahen Todes. So kann
434 2754 1465 2813 man diesmal auch nicht von Charakteren, sondern nur
429 2801 1466 2855 von Theaterfiguren reden, die statt der von Schnitzler
420 2837 1469 2901 beabsichtigten stilisierten Sprache einfach ein Journa¬
421 2892 1467 2955 listen= und Papierdeutsch im Munde führen. Was soll
419 2934 1468 2994 uns aber dieser rührsame Hexenkessel eines jammern¬
416 2978 1462 3036 den Poeten voll Mutlosigkeit, Geistreichelei, Skepsis und
419 3021 1473 3090 Sentimentalität! Für mich ist ein Dichter, wer das
430 3070 1459 3131 Leben liebt und neue Möglichkeiten gestaltet, nicht
415 3113 1463 3174 aber bloß Gefühle nutzlos zerpflückt, als untersuchte
417 3153 1460 3208 ein Arzt einen Körper mit scharfer Sonde immer und
423 3199 1463 3248 mmer wieder, bis er traurig und treffend bemerkt:
435 3220 1460 3301 ies ist eine unförmige, blutige, tote Masse. Aber
428 3283 1462 3360 ielleicht jonglierte Schnitzler diesmal nur artistisch und
436 3329 1458 3382 ußerlich mit den wenigen Motiven, die seit kurzem
422 3376 1466 3420 ein ganzes Repertoire bilden. Jedenfalls zeigt ihn sein
430 3414 1458 3460 Ruf des Lebens“ (in Wahrheit ein Ruf zum Trüb¬
426 3451 1462 3534 inn) als Dekadent im schlimmsten Sinne des
425 3492 594 3571 Lortes.“
1529 177 1977 258 box 24/1
1786 1546 2063 1603 Telenhon 1280
2034 1583 2125 1640 #####r
1742 1584 1877 1648 —
2554 1639 2684 1702 53
1930 1659 2615 1761 „SOSEIVER
1739 1743 2859 1799 I. österr. behördl. konz. Unternehmen für Zeilungs-Ausschnilte
1935 1803 2662 1886 Wien, I., Concordiaplatz 4.
2150 1870 2451 1938 Vertretungen
1738 1908 2853 1974 in Berlin, Budapest, Chicago, Ch.istiania, Genf, Kopenhagen,
1742 1968 2847 2013 London, Madrid, Mailand, Minneapolis. New-York, Paris, Rom,
1921 2002 2688 2047 San Francisco, Stockholm, St. Petersburg.
2099 2046 2505 2101 (Quelienangabe ohne Gewähr.)
2669 2067 2777 2133 1824
2156 2078 2975 2171 Liiciutesgeerbe--euh u
1735 2118 2147 2193 Ausschnitt aus:
1952 2175 2239 2251 10. J. 1906
1737 2217 1897 2278 vom:
1795 2263 2875 2351 Eine starke Enttäuschung bereitete dagegen=Schnitzler
1731 2334 2877 2394 mit seinem „Ruf des Lebens“ einem Stück, das seiner un¬
1728 2385 2874 2437 würdig ist. In der Sprache findet sich unglaubliches
1729 2437 2868 2493 Papierdeutsch neben sehr feinen, vereinzelten Wendungen,
1727 2477 2884 2536 in der Handlung fast unausgesetzt theatralisch zugestutzte
1737 2530 2883 2569 Ueberraschungen gröbster Art, Unwahrscheinlichkeiten, verzerrt
1736 2568 2882 2629 bis zur Grimasse. Da muß ein junges Weib, nur um dem
1740 2629 2870 2682 „Ruf des Lebens“ zu folgen, ihren Vater ermorden, einen
1738 2670 2872 2719 griesgrämigen hypochondrischen Alten, der dem Mädel das
1726 2709 2886 2773 Leben versauert und sie in seinen vier Wänden hält. Und
1726 2754 2879 2817 als das Mädel auf diese Art heimlich zu ihrem Liebsten
1734 2805 2880 2869 schleicht (im zweiten Akt), da harrt des Zuschauers eine neue
1734 2850 2891 2901 Ueberrumpelung. Der Liebste ist Offizier bei den blauen
1724 2910 2888 2947 Kürassieren, die morgen in den Tod reiten, und hat ein andres
1731 2943 2882 3015 Lieb bei sich, die Frau seines Vorgesetzten, der plötzlich durch
1721 3001 2877 3066 das Fenster springt und sein Weib niederknallt. Worauf die
1732 3060 2875 3112 andre Liebste mit ihrem Offizier dem Ruf des Lebens folgt.
1727 3087 2877 3159 Diese mörderlichen Knalleffekte beschließt ein langatmiger
1727 3132 2883 3198 dritter Akt, der trübe Resignation bringt und etliche grelle
1727 3192 2879 3241 Schlaglichter auf einen andren Mann wirft, der einst ein
1734 3239 2874 3300 andres junges Ding hat sitzen lassen, ein Weib, das schließ¬
1734 3276 2882 3333 lich den Verstand verliert, was man dem Zuhörer auch nicht
1732 3328 2068 3404 verübeln könnte.
2504 3344 2842 3409 Paul Legband.
