3436 4352
1448 168 2015 266 box 24/3
244 193 1398 294 19. Der Ruf des Lebens
1030 763 2375 813 Beginn des zweiten Aktes, dieser nächtig=stille Kasernhof mit den spärlichen
1034 809 2380 868 Zeichen von Wachsamkeit; im Gespräch zwischen den Menschen des tod¬
1040 850 2377 941 geweihten Regiments, zwischen Oberst und Leutnant, Leutnant und Unter¬
1036 899 2388 968 offizier, ein eigentümlicher Unterton von Weichheit bei allem Ehrfurchts¬
1043 941 2390 1019 zeremoniell; ein süßer Tropfen Menschlichkeit rinnt durch die soldatisch
1039 996 2390 1060 kurze und strenge Rede; von der Sterbensgewißheit sind die Seelen
1041 1052 1992 1119 schon wie gelockert in ihrem Gehäuse; klingen fast.
1109 1088 2382 1178 Eigenartig ist die Sprache dieses Schnitzler=Dramas. Die richtige
1044 1140 2390 1207 schwungvolle, schön flammende Diktion des bürgerlichen Trauerspiels. Eine
1047 1196 2385 1260 in Poesie gebeizte, gesteifte Prosa. Seltsam, wenn ein Leutnant in kamerad¬
1050 1256 2397 1318 schaftlicher Unterredung, aus dem Stegreif, ausruft: „Ach, nie mehr an
1053 1297 2393 1358 blühenden Lippen hängen, vom Duft zitternder Brüste umweht!“ Manchmal
1054 1349 2385 1418 streckt sich der Dialog, bis er fast als Vers erscheint, so stramm rhythmisch
1041 1392 2349 1466 geplättet: „Nun bin ich aber da.“ — „Wie wagtest du dich fort?“ —
1056 1452 1584 1532 „Er ist noch nicht dabeim!“
1115 1483 2380 1574 Man mag in das Schnitzler=Drama manches hineindeuten oder manches
1051 1540 2391 1604 aus ihm herauslesen, was nicht darin steht. Immerhin. Ob gutes Können
1056 1586 2399 1652 des Schriftstellers oder guter Wille des Lesers: es spricht schon für die
1045 1642 2385 1713 hohe Qualität einer Dichtung, wenn sie so sehr wie dieser „Ruf des Lebens“
1058 1695 1910 1765 zum Deuten, Mitfühlen und Mitdichten lockt.
1232 1741 2400 1812 Im wiener Deutschen Volkstheater findet der „Ruf des Lebens eine
1054 1803 2400 1860 liebevolle, zum Teil musterhafte Darstellung. Manches, im zweiten Akt
1049 1838 2386 1914 besonders, kann man sich dramatisch straffer denken, von dunklerer Re¬
1052 1897 2395 1956 sonanz und intensiverer Stimmung. Doch mögen, gegenüber dem schönen
1050 1946 2403 2007 sorgfältigen Ganzen dieser Aufführung, Detaileinwände schweigen. Sehr
1048 1983 2404 2051 angenehm und wirksam Herr Kramer, wenn er auch nicht die konzentrierte
1050 2045 2398 2110 Kraft für die knappe Bübnen=Viertelstunde des Lentnants Max aufbringt,
1053 2096 2395 2161 in die so viel Schicksal, Ekstase, Verzweiflung und Furor hineingepreßt ist,
1059 2151 2406 2212 in der alle Linien des tragischen Geschebens so kübn perspektivisch verkürzt
1052 2193 2406 2245 erscheinen. Trefflich gelang solche Darstellung eines gedrängtesten Schicksals,
1051 2256 2410 2314 eines Extrakt=Schicksals gewissermaßen, dem Fräulein Marberg, die meteor¬
1058 2286 2413 2356 gleich erschien, flammte und erlosch. Seinen schauspielerischen Glanz
1053 2345 2407 2408 empfing der Schnitzler=Abend von den Damen Hannemann und Müller.
1065 2377 2399 2456 Fräulein Hannemann hat einen wundervollen Ton für Herzensnot, das
1068 2449 2395 2521 schönste, stolzeste Leidbewußtsein („blübendes Leid“, empfindet man), und
1053 2482 2401 2546 ihr Wesen, wenn es in Brand steht, flammt weiß und stark in seltener
1059 2532 2409 2604 Leuchtkraft. Ich finde auch einen eigenartigen Reiz in dem Kontrast zwischen
1062 2606 2413 2652 ihrem herben Organ und der weichen Traurigkeit um Mund und Augen.
1055 2632 2414 2693 Ein stolzer Mensch und eine hingebungsvolle Frau: das sind die
1066 2704 2415 2764 zwei wesentlichen Komponenten ihrer schauspielerischen Art. Fräulein
1062 2738 2407 2799 Müller trug die schwere Rolle des schwindsüchtigen, lebenshungrigen
1232 2777 2412 2839 Die eigentümliche Poesie dieses letalen Lebens= und Liebes¬
1066 2792 1235 2864 Mädche
1065 2833 2408 2907 bungert brachte sie sehr fein. Ein flackernder, bektischer Glanz war um
1058 2899 2417 2972 das ganze Persönchen, in ihren Augen, ihrer Stimme (von wenigen Augen¬
1062 3006 1204 3078 716
982 3439 2324 3503 blicken allzu süß=kindischen Gezirpes abgesehen), um ihre ganze huschende,
982 3511 2329 3563 geheimnisvolle, krankhafte Fröhlichkeit. Sie spielte das sehr hübsch, wie
988 3549 2326 3607 dieses junge Geschöpf, vom drohenden Blick des Todes fasziniert, in
978 3613 2330 3659 einem unablässigen angstvoll=wonnigen Tanzrausch hinflattert. Eine Motte,
978 3644 2336 3709 die gebannt ums Dunkel schwirrt. Dabei hatte ihre Sprache manchmal
977 3704 2332 3756 einen ergreifend visionären, körperlosen, kühlen Klang; der Schatten eines
990 3756 2337 3808 Tons. Ich werde die schauernde, gleichsam nächtige Stimme nicht ver¬
987 3801 2334 3874 gessen, mit der sie, den Abschied von ihrem todgeweihten Liebsten erzählend,
977 3845 2354 3903 nach den Worten: „Er war jung vor einer Siunde“ hinzufügte: „Uralt
983 3900 1268 3962 ist er heute!“
