3484 4352
1618 253 2085 345 box 24/1
938 270 1121 335 des
1133 263 1192 334 I.
319 273 1485 380 19. Der Ruf u-zebens
1422 1128 1533 1174 P.
1408 1095 3426 1210 Volksgenossen aufwärtsriß und vorwärtstrieb zu ##ene dulch einen King. Die Höffnungen Frank¬zal
1295 1139 1401 1214 —
443 1124 1149 1209 — —benee
2378 1147 3434 1212 reichs auf die Tunisierung Marokkos sind ein für Stef
3335 1191 3432 1238 men
1412 1179 2378 1251 einer höheren Stufe des nationalen Lebens, bis
2388 1184 3341 1265 alle Mal unmöglich geworden, und wenn Frank¬
443 1205 1407 1282 Das kleinere: sie haben das Berliner Theater, das
3334 1225 3439 1276 Dei
1415 1216 2382 1285 ein Trugbild von heroischer Tugend einen Studenten
2378 1244 3332 1320 reich jemals daran geglaubt hat, sich in Marokko
439 1247 1405 1343 die Bonnsche Kenstübung zu leeren verstand, bis
3341 1266 3438 1326 chen
1409 1258 2379 1338 verleitete und zur Ermordung Kotzebnes verführte,
438 1284 1411 1369 auf den letzten Platz gefüllt. Das größere: im
3347 1309 3432 1365 me
2380 1295 3333 1366 etablieren zu können, wie England in Aegypten,
1409 1303 2370 1356 eine Tat, welche die Regierungen mit Angstge¬
436 1325 1409 1405 dritten Akt verstanden wir alle Russisch; als wäre
3346 1347 3443 1397 s1
1424 1325 2382 1404 fühlen erfüllte und zu reaktionären Bestimmungen
2381 1332 3338 1421 so muß diese Hoffnung jetzt definitiv aufgegeben
438 1361 1413 1454 ein Pfingsten der Kunst angebrochen. Man stand
3347 1384 3446 1441 205
1419 1371 2380 1443 hinführte. Was aber haben dennedie Gemeinden
2395 1379 3341 1459 werden. Es ist ganz und gar unleugbar, daß es
436 1396 1415 1489 diesen Russen skeptisch gegenüber, als sie kamen.
1419 1409 2386 1480 heute verbrochen, daß man ihre Beweglichkeit ein¬
2392 1427 3347 1508 der deutschen Diplomatie unbedingt gelungen ist,
438 1422 1412 1514 Man hörte: „Moskauer künstlerisches Theater“
1417 1440 2384 1532 schränken und das Recht freier Selbstbestimmung in
2392 1483 3346 1562 diese französischen Erwartungen endgiltig zu ver¬
442 1460 1417 1563 Stanislawski und Nemirowitsch Dantschenko Di¬
1428 1481 2390 1559 Dingen des Bildungswesens so gut wie aufheben
450 1512 1419 1594 rektoren; hörte noch mehr Namen, die man noch
1425 1526 2375 1602 will? Ist es nicht eine Ironie, ihnen die Auf¬
2390 1521 3352 1599 eiteln. Trotzdem kann für Frankreich auf der Kon¬
443 1555 1421 1626 weniger aussprechen konnte, und nahm zur Kennt¬
1417 1564 2379 1637 bringung der finanziellen Mittel zuzumuten, aber
2399 1558 3364 1659 ferenz noch mancherlei Gutes herauskommen, aber
459 1595 1413 1674 nis, daß diese in Rußland berühmte Truppe in
1423 1597 2393 1676 sie zugleich mundtot zu machen? Hat man das
2401 1619 3354 1701 nur mit der Zustimmung Deutsch¬
460 1633 1422 1712 Deutschland nur spiele, weil daheim die Zensur
1429 1641 2388 1710 Wort Rankes ganz und gar vergessen: „Nur aus
444 1670 1427 1755 ihnen neuerdings ihr ganzes Repertoire zusam¬
1425 1681 2387 1752 der freien Bewegung der inneren Triebe, das ist der
2399 1693 2602 1764 lands.“
1328 1712 1424 1756 der
1434 1728 2396 1789 beteiligten Interessen und Interessenkreise, wird
451 1716 1288 1799 menhaut. Die Erwartungen waren mäßig
2466 1702 3371 1792 Die sonst in der englischen Presse heute vor¬
456 1755 1419 1826 Erfolg war enorm. Sie spielten des Grafen
1427 1757 2389 1831 das Leben geboren“? Unsere Staatsmänner von
2399 1769 3377 1842 liegenden Berichte und Kommentare lassen alle er¬
467 1789 1426 1875 Alexej Tolstoi Tragödie „Zar Feodor Iwano¬
1442 1794 2400 1868 heute, denen die Leitung des Bildungswesens ob¬
2400 1812 3372 1889 kennen, daß man sich darüber klar wird, die Ma¬
466 1840 1429 1909 witsch“. Es mag, von deutschen Schauspielern ge¬
1431 1833 2390 1910 liegt, sind in einer argen Täuschung befangen.
2408 1852 3372 1936 rokkofrage werde nur noch zwischen Frank¬
456 1875 1428 1957 spielt, eine beträchtlich langweilige Geschichtsrepe¬
1432 1872 2389 1953 Sie haben einen falschen Begriff vom Staat und
454 1902 1432 1985 tition sein; in der russischen Darstellung wuchs
1445 1905 2401 1985 bewegen sich deshalb auf Wegen, die dem Staate
2400 1906 3370 2005 lreich und Deutschland direkt und nicht
463 1946 1433 2031 es sich aus zu Bildern von packender Wucht, von
1437 1950 2394 2039 verhängnisvoll werden müssen. Ob sie wohl die
2407 1961 3376 2044 durch die Herren der Konferenz erledigt werden.
463 1984 1441 2076 überwältigender Größe. Die Russen haben von
1441 1988 2395 2064 Schrift Wilhelm v. Humboldts kennen: „Ideen
2491 1994 3426 2074 Der Berliner Korrespondent der „Tribune“im
457 2020 1434 2119 uns spielen gelernt; sie sagen's seibst. Nun kom¬
1437 2017 2413 2104 zu einem Versuch, die Grenzen der Wirksamkeit
2421 2061 3383 2139 sagt: „Vielleicht läßt sich später nochmals sagen,
1449 2069 2406 2145 des Staats zu bestimmen“? In der Reclamschen
464 2055 1431 2151 men sie und dürften sordern, daß wir von ihnen
464 2095 1442 2183 lernten. Freilich, sie spielen ihr eigenstes Wesen,
1441 2100 2410 2169 Sammlung (1891/92) ist sie leicht zu haben. Da
2411 2105 3378 2192 daß Deutschland sich durch seine Wachsamkeit in
472 2138 1439 2222 ihre eigenste Kultur und Unkultur, ihre eigene
1440 2142 2414 2233 sollten sie erfahren, daß der Staat sich nicht di¬
2421 2150 3386 2234 der Marokkofrage auch die Dankbarkeit Englands
480 2176 1440 2250 Vergangenheit. Sie spielen echt, bis ins kleinste
1448 2175 2407 2254 rekt in Gebiete einlassen darf, die der schöpfe¬
2417 2221 2726 2292 erworben hat.“
1446 2213 2416 2295 [rischen Initiative seiner Bürger zu¬
483 2212 1442 2298 Detail, bis zu den schweren, juwelenbeladenen
2484 2234 3380 2332 Der „Daily Graphic“ sagt heute: „Wenn
1445 2249 2404 2342 gehören, wenn er nicht sich selbst verderben will.
486 2251 1446 2330 Prunkgewändern und den geweihten silbernen Bil¬
1449 2291 2418 2382 Er begnüge sich mit der Oberaussicht, aber lasse so
485 2286 1442 2373 dern. Sie spielen mitten in all dem hösischen
2419 2297 3382 2375 Frankreich nicht die nötigen Konzessionen macht,
493 2330 1447 2413 Prunk ganz naturalistisch ein leidenschaftliches
1457 2332 2416 2415 viel freie Bewegung, als nur irgend möglich, auf
2419 2349 3383 2426 so kann die Verantwortlichkeit für ein Scheitern
776 2367 1447 2435 Sie spielen das ganze Slaventum
1454 2371 2421 2449 den Gebieten, wo es sich um Betätigung von
485 2401 781 2462 Menschentum.
2415 2392 3393 2466 der Konserenz sicherlich nicht Deutschland in
1454 2411 2414 2492 Kräften handelt, die der Staat nicht schaffen, son¬
488 2410 1442 2486 in seiner kindlichen Schlichtheit, in seiner fana¬
1456 2446 2417 2530 dern nur ordnen kann. Durch Vielregiererei schä¬
488 2446 1451 2531 tischen Ueberschwenglichkeit, in seiner weinerlichen
2427 2452 3017 2545 die Schuhe geschoben werden.“
1454 2489 2419 2564 digt er sie, unterdrückt sie und damit sich selbst.
494 2482 1461 2572 Resignation. Sie spielen Menschen einer fernen
1252 2523 1463 2579 in Ruß¬
1531 2524 2426 2604 In dieser Richtung engherzigster Bureautratie
491 2535 1220 2614 Zeit, die heute noch leben könnten
2607 2521 3226 2618 Zur Lage in Russland.
2050 2566 2434 2632 Deshalb sind die
487 2560 1460 2658 land; spielen die Greuel und die Schrecken der
1469 2583 2010 2656 bewegt sich der Entwurs.
2511 2579 3407 2674 Es liegen folgende telegraphische Meldungen
1459 2600 2430 2683 Städte einstimmig aufgetreten, um ihr gutes
485 2599 1462 2681 Vergangenheit mit den heimlichen Winken nach
2238 2637 2435 2693 Ebenso
2432 2643 2545 2727 vor:
1459 2647 2251 2727 Recht dem Staat gegenüber zu wahren.
488 2630 1462 2733 der Gegenwart. „O Gott, warum, warum hast
2498 2657 3396 2740 Paris, 24. Febr. Zar Nikolaus empfing den
1467 2674 2434 2768 sollten die Familien sich erheben und einstim¬
498 2691 1466 2774 Du mich zum Zaren gemacht!“ ruft der willens¬
2437 2728 3391 2796 ehemaligen französischen Preßleiter Jules Hansen,
1473 2714 2438 2795 mig dem Staat erklären, daß er ihnen nicht vor¬
486 2711 1462 2795 schwache Rurickenkel am Schluß der Tragödie. So
2447 2763 3400 2829 einen Dänen und naturalisierten Franzosen. Der
1466 2755 2436 2849 schreiben dürfe, wie sie die religiöse Erziehung
500 2754 1459 2851 ganz unverständlich will's uns nicht scheinen, daß
2117 2798 2439 2853 Zur Selbstver¬
2433 2801 3391 2871 Zar gab der Zuversicht Ausdruck, daß Deutsch¬
501 2796 1473 2878 die russische Zensur just solches Zarenwort jetzt
1470 2808 2105 2884 ihrer Kinder einrichten wollen.
2435 2828 3397 2895 land und Frankreich sich verständigen werden und
1473 2833 2427 2922 waltung der Gemeinden gehört die Wahrung
498 2831 1464 2918 nicht am Ende einer Tragödie wissen will. Den
2433 2867 3409 2956 daß eine lange Friedensära zum Heile Europas be¬
1476 2874 2435 2961 der Gewissensfreiheit der Familien
504 2867 1474 2957 Darsteller dieses Zaren aber (Moskkwin) wird jeder,
1636 2913 2437 2977 Hier liegen abermals die Grenzen der
2443 2910 3402 3004 vorstehe. Hansen fand den Zaren stark gealtert.
502 2911 1471 2992 der ihn gesehen hat, unter die unvergeßlichen Ge¬
1480 2942 1615 2995 hinzu.
2522 2937 3414 3015 Warschau, 25. Febr. Der Generaldirektor
1480 2953 2442 3036 Staatsgewalt. Ein einsichtiger Staatsmann weiß
507 2944 1474 3040 stalten, die ihm das Theater geschenkt, einreihen
2446 2991 3454 3062 der Weichsel=Eisenbahnen Iwanow wurde gesternu
1484 2989 2440 3077 das und läßt die Hände davon. Hätten wir doch
500 2987 1468 3080 müssen. Niemals ist die Hilflosigkeit eines im
2442 3025 3444 3114 in Warschau auf der Straße erschossen; der Täter 1b
508 3020 1464 3116 Grunde gütigen, mit Macht und Edelsteinen be¬
1479 3040 2054 3123 einen Wilhelm v. Humboldt!
513 3061 1483 3152 ladenen Herrschers so wundervoll menschlich dar¬
2448 3090 2621 3150 entkam.
2520 3084 3422 3174 Odessa, 25. Febr. (P. T. A.) In der ver¬
508 3098 1478 3193 gestellt worden, wie hier. Ein Kind, ein Narr,
1668 3104 2256 3194 Castros Grössenwahn.
2456 3144 3422 3220 gangenen Nacht schossen bei der polizeilichen Durch¬
514 3145 1489 3233 ein Märtyrer der gekrönten Schwäche taumelt die¬
1550 3157 2442 3236 Der Gernegroß von Venezuela möchte mit ganz
2448 3168 3423 3251 suchung des Sternbergschen Hauses Anarchisten auf
519 3170 1495 3273 ser Aermste an uns vorbei in den Untergang.
1495 3207 2442 3293 Europa anbinden. Man meldet darüber tele¬
2449 3216 3457 3299 die Polizeibeamten und verwundeten dabei den]9
518 3219 1487 3321 Was uns alle russischen Stücke in deutscher Dar¬
2461 3256 3423 3330 Portier des Hauses, dessen Frau und einen Poli¬
517 3254 1484 3345 stellung nicht restlos geben konnten, dieser erste
1494 3276 1707 3353 graphisch:
2323 3272 2451 3343 Nach
2456 3294 3429 3374 zeibeamten schwer und flohen dann über den Dach¬
1558 3284 2277 3377 Newyork, 25. Februar. (Reuter.)
523 3294 1487 3403 Abend hat's gebracht. Hinter all diesen fremdarti¬
1487 3336 2451 3418 einer Meldung aus Willemstab verkündete Castro
514 3329 1491 3439 gen Worten, Leidenschaften, Kostümen, Geräten
1295 3335 3479 3478 K. P.jetzt, daß er Frantreich bemütigen und sich um raum des Hauses und wechselten Schüsse mit dem1 #
518 3376 1494 3471 #reckte sich mit seinen goldenen Kuppeln aus dem
534 3431 1155 3522 Dunst der Kreml von Moskau.
3388 2675 3456 2726 p0
