3436 4384
276 209 1442 339 19. Der Ruf des Lebens
1594 242 2062 344 box 24/2
1957 1512 2065 1571 ME
1706 1607 3357 1679 zu optimistisch zu sein — auch im Leben schwerlich auffinden. des Obersten Offiz
488 1606 824 1744 0
1709 1644 2951 1708 Außerdem — ich sage absichtlich außerdem — hat der alte Mann
2945 1661 3383 1710 keiner von ihnen leb
854 1602 1353 1734 Feuilleton.
1705 1679 2969 1749 ein böses Gewissen. Vor dreißig Jahren hat er als Rittmeister
2944 1699 3375 1749 aussetzungen arbeite
1716 1710 3374 1794 der biaues Kürassiere als erster das Hasenpanier ergriffen, wir allerdings, daß
757 1733 1424 1806 „Der Ruf des Lebens.“
1714 1761 3375 1827 Der, Ruf des Lebens“ ist in ihm zu mächtig gewesen und hat ments nicht nur die
645 1788 1545 1861 Schauspiel in drei Akten von Arthux Schnitzler.
1703 1795 3380 1877 [.Soldatenehre und Mannesmut übertönt. Das war damals, Untreue seiner Fra#
536 1812 1346 1889 Uraufführung im Berliner Lessingtheaten#
1441 1821 1651 1891 re.
1702 1847 2963 1910 und kein Mensch weiß um seine Schuld. Aber der Ruf des
2938 1853 3373 1907 Obersten, besonders
512 1861 3371 1912 Allgemeine Liquidation unserer dramatisch „Schaffenden“?] Lebens tönt fort in ihm, der sich wimmernd, fluchend an sein die interessanteste Fig
453 1905 1709 1980 Ach, fast scheint es so. An derselben Stätte, an der vor wenig
1707 1920 3383 1986 armseliges Tasein klammert, und er tönt laut in seiner Tochter dieses scharfen Leben
448 1956 1708 2014 Wochen Gerhart Hauptmann eine so betrübende Diskrepanz
1710 1964 3368 2027 Marie, deren Jugend in dieser Krankenstube zu verkümmern den Dichter für kurz
435 2001 1714 2059 zwischen künstlerischen Wollen und Können zeigte, hat gestern
1710 2004 3372 2062 droht und deren heißes Blut sehnsüchtig nach Erfüllung schreit. und Technik des Akte
439 2034 1710 2092 abend auch Arthur Schnitzler eine verdiente — wenn auch vom
1701 2044 2953 2091 Was für ein Mädchen ist die Marie? Wir erfahren wenig
2932 2049 3378 2106 so altmodisch wie nu
440 2077 1704 2128 Publikum liebenswürdig verschleierte — Niederlage erlitten.
1705 2086 2962 2143 von ihr. Nur daß sie ihrem Vater eine treue, opferwillige
2940 2086 3375 2147 der Abwesenheit des
517 2117 1707 2171 Vor einigen Monaten erst hatte uns der Wiener Dichter
1701 2108 2939 2174 Pflegerin gewesen und bis vor kurzem bräutlich davon geträumt
2939 2120 3371 2185 und — verbirgt sich
431 2155 1713 2210 mit dem seinen, ironisch wehmütigen „Zwischenspiel“ stille, ge¬
1700 2151 2949 2214 hat, einst dem Forstadjunkten Rainer als sein Eheweib zu
2927 2157 3373 2225 treten Max und die
434 2195 1706 2250 nußreiche Stunden bereitet und manch geistreiches sinniges
1704 2196 3369 2259 folgen. Diese Hoffnung und ihre — diesem Vater gegen=sein. Sie beschwört ih
431 2227 1710 2291 „Wort des skeptischen Poeten — oder poetischen Skeptikers — war
1700 2239 2949 2293 über wirklich besonders schwer zu erfüllende — Kindespflicht
2929 2238 3371 2293 Pflicht zu entsagen
421 2264 1699 2323 Füber jenen Abend hinaus in uns haften geblieben. Es war
1701 2268 2947 2337 lagen bei ihr im Konflikt. Bis vor kurzem. Eine ganze Nacht
2921 2291 3367 2343 Vorhange hat alles
426 2309 1701 2362 eben mit seinen Vorzügen und Schwächen ein echter Schnitzler
1689 2312 2931 2371 lang hat sie in den Armen des jungen Leutnants von den
2932 2318 3359 2381 anderen ist. Aber
430 2356 1701 2406 gewesen, wie wir ihn unter den Zeitgenossen kennen und
1690 2353 2940 2417 blauen Kürassieren durchgetanzt, und seitdem ist keine Minute
2928 2356 3370 2420 Er springt durch das
436 2391 1696 2443 schätzen. Und gestern? Sollte auch diesen Dichter das heiße
1691 2391 2944 2439 vergangen, in der sie nicht nach ihm ausgeschaut, sich an seine
2920 2394 3369 2465 wortet auf die Phra
438 2428 1702 2484 Verlangen gepackt haben nach den Höhen der Kunst, und hat er
1695 2433 2944 2497 Brust gesehnt, den Tod des Vaters herbeigewünscht hätte.
2922 2432 3372 2505 wohlgezielten Pistol
430 2467 1697 2520 danach gestreht, statt über die bunten, schwirrenden Lebensfragen
1690 2470 3356 2544 Alles andere ist jetzt ja wesenlos für sie geworden, auch der Herrl bleibt. Er will die
424 2505 1691 2565 feinsinnig müde und mitfühlend zu plaudern, diesen Problemen
1697 2506 3377 2578 Adjunkt. Der Ruf des Levens ist an sie ergangen. Ihm zu aus ihrm Versteck
435 2541 1702 2605 das heiße zuckende Leben selbst zu geben, sie künstlerisch zu mei¬
1687 2553 2932 2604 folgen, ist sie im stillen sofort bereit, alles zu opfern. Zum
2916 2556 3380 2614 letzten Stunden vor
425 2586 1696 2638 stern? Dann hat aber auch ihm die Kraft nicht zugelangt. Der
1683 2582 2932 2644 ersten Rendezvons hat ihr der Mut gefehlt, und diese versäumte
2920 2590 3370 2656 doch nur einmal vor
430 2615 1701 2673 Ruf des Lebens“ muß so ziemlich in jeder Hinsicht ein verfehltes
1684 2623 2933 2683 Gelegenheit lastet auf ihr wie eine schwere Sünde, die ihr Lebens¬
2927 2635 3376 2690 mit Hans Rudeck un
437 2653 1682 2714 Stück genant werden. Vor allem ist es gar kein Stück aus
1676 2659 2940 2728 glück für immer vernichten muß. Da hört sie, daß es doch noch
2926 2664 3364 2731 die äußerliche Unwah
429 2707 1689 2761 einem Guß mit einer alles Beiwerk überragenden Handlung.
1685 2698 2930 2756 eine Möglichkeit gibt, den Geliebten zu sehen, bevor er tot¬
2927 2703 3369 2773 sei noch bemerkt, daß
417 2728 1692 2798 Die Grundidee, die in dem suggestiven Titel zum Ausdruck
1679 2740 2932 2805 geweiht in die Schlacht geht. Und nun braucht es wirklich nicht
2927 2753 3369 2812 mierend wiekt, daß
430 2777 2932 2825 kommt — der aber nach Lessing kein „Küchenzettel“ sein soll —mehr der weisen Worte des klugen Raisonneurs und Arztes
2928 2787 3386 2853 schlossene Tür dem 1##
425 2810 2937 2869 wird an einer Reihe von Menschenschicksalen aufgezeigt, die Dr. Schindler, der ihr die „Pflicht gegen sich selbst“ predigt.
2913 2826 3418 2889 man möge den Arzi#
3315 2851 3425 2909 100
421 2861 3405 2938 ganz äußerlich zum Teil unter unmöglichen Voraussetzungen Als ihr Vater, von geheimen Mißtrauen erfüllt, den Stuben=ganzen also wieder####
423 2891 3396 2951 mit einander verbunden werden und deren Träger gar nicht schlüssei in die asche steckt, gießt sie ihm in sein Wasserglas dem Obersten und
422 2925 1693 2975 wie lebende Menschen von Fleisch und Blut anmuten, sondern
1676 2941 3371 3012 den Schlaf, „der für hundert Nächte reicht“. Dumpf statt der was ssie für den 2#
425 2964 1688 3025 wie ad hoc konstruierte Figuren, die alle auch etwas beweisen
1674 2970 2927 3044 Alte zu Boden und wie eine Baechantin stürzt sie hinaus in das
2911 2985 3122 3042 Episode.
408 3000 599 3080 sollen.
1664 3007 2935 3083 Dunkel und in die Arme des Mannes. — Das wäre euso ein;
2979 3012 3359 3082 Der dritte Akt ist
498 3046 2929 3129 Der erste Akt zeigt uns das Krankenzimmer des einund= Einakter, peinlich, kraß und patholggisch, aber von einer gewissen
2906 3045 3364 3130 und herzlich überflüss
424 3075 1680 3141 siebzigjährigen Rittmeisters Moser, der seine Tage — und
1669 3100 2800 3159 Kraft und Einheitlichkeit. Duch das Stück geht weiter.
2906 3088 3348 3165 des Stückes — der
420 3116 1687 3195 Nächte— damit zubringt, das frische Leben zu hassen, den Tod
1735 3123 2921 3193 Der zweite Akt führt uns in das Kasernenzimmer dess Leut¬
2915 3142 3314 3201 — Tr. Schindler.
412 3164 1684 3231 zu fürchten und seiner sechsundzwanzigjährigen Tochter Marie,
1661 3158 2910 3228 nants Mar von den blauen Kürassieren. Die Nacht vin dem
2917 3174 3360 3243 ##urchtbaren, das gesch
423 3204 2925 3276 genau so wie einst ihrer Mutter, das Dasein zur Hölle zu Auszug in den Tod. Um eine dunkle Schmach des Regements!
2908 3222 3302 3278 Tochter vergiftet —
414 3236 620 3294 machen.
640 3243 3362 3314 Einen bösartigeren, grantigeren nichtsnutzigeren, jvor dreißig Jahren — von der aber niemand außer dem Puoli=jund das ganze Regime
420 3297 3371 3353 widerlicheren alten Kerl dürfte man auf der Bühne und — ohne kum etwas Genaues weiß = zu fühnen, haben auf Amsegung die jetzt nichts vom L#
3162 3400 3314 3466 RR
