3484 4352
1633 184 2088 268 box 24/5
328 186 1480 271 19. Der Ruf des Lebens
1350 1262 1401 1333 8
1262 1331 2258 1406 sich gestern entschieden befestigt. Und noch eine
1265 1384 2262 1461 künstlerische Persönlichkeit brachte dieser Abend,
1257 1425 2251 1491 die sofort interessierte: Marie=Luise Buch¬
1251 1474 2264 1524 kremer. In ihrer Hand. lag die führende
1255 1516 2271 1580 Rolle der Marie. Abwohl die psychologische
1249 1567 2259 1612 Zeichnung dieser Gestalt in keiner Weise über¬
1259 1605 2263 1670 zeug“ brachte die Künstlerin durch starke Kon¬
1253 1648 2227 1703 zentration auf wenige Linien eine große ge¬
1259 1683 2268 1751 schlossene Wirkung heraus. Keine störenden Ein¬
1248 1736 2247 1794 zelheiten, alles fest auf eine Richtung gestellt
1253 1781 2248 1839 und in Sprache und Bewegung wohltuende
1250 1809 2258 1865 Klarheit und Nuhe. Diese beiden Darstellerin¬
1255 1868 2253 1925 nen, die sich aufs Glücklichste zu ergänzen schei¬
1249 1900 2131 1951 nen, lassen Gutes für den Winter hoffen.
1291 1950 2243 1997 Biberti fand für den milden, alles ver¬
1255 1988 2244 2048 stehenden Arzt schlichte, verhaltene Herzenstöne,
1255 2038 2244 2087 die unendlich wohltuend wirkten, und Koh¬
1245 2074 2246 2135 lund zeigte seine Vielseitigkeit in einer scharf
1253 2124 2234 2171 umrissenen Charaktertype eines bösartigen
1247 2163 2246 2214 Alten. Eine Studie von großem Reiz war Carl
1244 2198 1581 2264 Weiß' Oberst
1682 2213 2239 2263 das Gespräch am Fenster
1249 2254 2247 2315 prachtvoll akzentuiert und gesteigert. Aus den
1253 2287 2240 2368 farblosen Gestalten des Forstadjunkten und der
1241 2339 2249 2384 beiden jungen Offiziere machten Fritz For¬
1247 2383 2241 2431 berg, Kurt Hildebrand und Robert
1236 2409 2249 2476 Ernst was nur daraus zu machen ist. Bettyf
1236 2469 2236 2539 Feist (Frau Richter) endlich wußte im dritten
1242 2513 1827 2571 Akte wirklich zu ergreifen.
1289 2536 2241 2607 Die ganze, auf einen Ton gestimmte, wohl
1242 2591 2236 2669 abgerundete Aufführung macht den Darstellery
1248 2633 2239 2722 und der Regiekunst Albert Kehms alle Ehrg.
