3248 4352
18 3819 108 3929 2
31 3895 251 4034 pen?
1288 161 1761 283 box 24/4
900 174 1113 250 bens
600 181 671 257 d
-15 183 1149 293 19. Der Ruf es Ltusns
225 538 685 643 HE
1689 825 2766 948 Filedtel i Ofiratz.
339 717 1265 962 Königlich städt.
14 885 187 1020 u
20 1010 183 1106 kope
22 1096 192 1192 ieter
293 1083 2751 1198 Telephon Nr. 186. Direktion: Leopold Schmid. Telephon Nr. 186.
2 1174 202 1264 Lehr-
2 1262 194 1370 lmpen
455 1241 2567 1383 Dienstag, den 25. Jänner 1010.
30 1365 192 1495 077
2032 1427 2789 1537 Zweiter ungerader Tag.
1338 1429 1620 1554 Nr. 99.
39 1464 197 1539 232
270 1436 811 1564 Im Abonnement.
2236 1533 2780 1695 Novität!
1082 1567 1928 1700 Zum letztenmale.
278 1575 816 1699 Novität!
26 1982 191 2086 es Hans)
40 2077 193 2198 alt
582 2206 2471 2317 Schwank in 5 Aufzügen von Arthur Schitzler.
48 2239 187 2327 alerel.
1153 2340 1891 2452 Regie: Albert Paulmann.
1362 2422 1693 2532 Personen:
2356 2477 2763 2585 Herta v. Franken.
284 2503 693 2592 Der alte Moser —
1554 2502 1956 2600 Irene, seine Frau
1087 2495 1488 2594 Albert Paulmann.
2364 2562 2744 2634 Franko Ostwald.
278 2567 794 2633 Marie, seine Tochter —
1552 2574 1751 2635 Max
1085 2569 1459 2646 Traude Albano,
1553 2554 2193 2666 Albrecht junge Offiziere —
2357 2610 2687 2674 Robert Lissen.
1095 2616 1441 2684 Fanny Alberty.“
284 2579 1006 2703 Frau Richter, Mosers Schwägein
2348 2654 2731 2734 Otto Schimonek.
1558 2657 2059 2724 Sebastian, Unteroffizier
287 2663 790 2731 Katharina ihre Tochter
1098 2654 1475 2737 Johanna Althoff.
2357 2702 2725 2775 Karl Hoffmann.
1556 2666 2242 2778 Ein wachhabender Soldat — —
282 2713 789 2778 Doktor Schindler, Arzt
1091 2708 1424 2779 Adolf Lermer.
2359 2757 2693 2836 Emil Suflay.
1094 2764 1443 2826 Oskar Neruda.
1562 2763 1902 2848 Ein Küraffür
281 2743 936 2848 Eduard Rainer, Forstadjunkt
988 2776 1498 2895 — Franz Schönwald.
277 2807 577 2892 Der Oberst —
1963 2800 2346 2900 Soldaten, Kinder.
990 2876 2052 2959 Spielt etwa in der Mitte des vorigen Jahrbunderts.
1059 3022 1976 3110 Repertoire der Woche:
287 3082 2781 3177 Donnerstag, den 27.: „Drei kleine Mädel“, „Das Teufelsmädel“. Im Abonnement, I. ungerader Tag, Nr. 101.)
281 3136 2776 3226 Freitag, den 28.: „Die große Gemeinde“ (Erstes Gastspiel des k. k. Hofschauspielers Herrn Korff.) Außer Abonnement,
292 3210 2776 3254 Dorrecht, II. ungerader Tag, Nr. 31. Samstag, den 29.: „Ein idealer Gatte“ (Zweites Gastspiel des k. k. Hof¬
291 3241 2784 3338 schauspielers Herrn Korff.) (Außer Abonnement, Dorrecht, II. gerader Tag, Nr. 32.) Sonntag, den 30.: „Ein
820 3301 2231 3360 Herbstmanöver“. (Im Abonnement, I. gerader Tag, Nr. 102.)
1133 3387 2763 3458 (inklusive Zuschlag für den Altersversorgungsfond der Bühnen- und Orchester¬
289 3420 2771 3502 Dreise der Plätze mitglieder): Eine Loge im Parterre oder I. Rang (für 4 Personen) 10 K 40, h
293 3492 2759 3554 eine Loge im II. Rang (für 4 Personen) 8 K 40 h, ein Togensitz im Parterre oder I. Rang 4 K 10 h, ein Logen¬
292 3544 2770 3615 sitz im II. Rang 3 K 10 h, ein Parkettsitz in den ersten zwei Reihen 2 K 50 h, ein Parterresitz, dritte bis inklusive
278 3592 2769 3646 achte Reihe, 2 K 10 h, ein Parterresitz, neunte bis inklusive zwölfte Reihe, 1 K 70 h, — ein numerierter Galeriesitz 84 h.
295 3630 2774 3702 Stehplätze: Parterre 1 K 04 h, Garnisonskarten (vom Feldwebel abwärts) und Studentenkarten 64 h, Galerie 42 h.
294 3702 2794 3770 Der Besuch der Logen von mehr als 4 Personen ist auch fernerhin, jedoch nur gegen Lösung einer ganzen Parterrekarte
934 3741 2119 3804 gestattet. Dutzendbillets für das Stehparterre 9 K 48 h.
310 3832 2773 3967 Kassaeröffnung ½7 Uhr Anfang 7 Uhr. Ende nach ½10 Uhr.
