3484 4256
1544 224 2030 315 box 24/3
241 229 1436 327 19. Der Ruf des Lebens
143 1201 3216 1288 hende Entfremdung des Brautpaares kann sie nicht weltmännischen Lumpen verhindern zu können. Die des milden Stifters nicht besitzt, als sie dem Kriegsgotte
153 1231 3215 1288 r täuschen, daß John seine Martha wirklich Aufführung von Robert Mischs „Kindern“ bewie=,ihre Hekatomben darbringt: der wird in der Flammen¬
161 1277 1091 1342 Um beide wieder zu vereinigen, erzwingt die
1086 1289 3215 1382 daß wir nun endlich von Gymnasiasten und christ dieses Stuckes lesen, bis ihm die Augen über¬
143 1314 1095 1384 ige Dame eine Verlobung Johns mit ihr selbst,
1089 1336 1712 1406 Schülerdramen genug haben:
1687 1353 3205 1423 es ist also höchste jehen. Der Dichter scheint uns dorthin zu führen,
145 1376 1102 1432 r Arger über das falsche Verhältnis zu Martha
1088 1382 2147 1455 Zeit, das Milien der Kindergärten für die
2138 1408 3213 1464 10o Gorti uns heimisch gemacht hat. Man mochte
147 1425 2139 1459 Führt. Und in diesem einfältigen Liebhaber sollen! deutsche Bühne auszunutzen bezw. wie eine Zitrone
2132 1441 3206 1509 sagen: jeder Stuhl aus dem Nachtasyl wird
149 1452 3215 1508 ich der Verfasserin Absicht eine Art Übermenschen so lange auszuquetschen, bis keine Spur von Saft und benutzt. Aber Tscherikoffs Stück ist doch wieder ganz
146 1493 3216 1546 n! Über die ganze Handlung fließt eine breites Kraft mehr übrig bleibt. Ganz anders geartet war anders. Es fehlt der sanfte trostreiche Gegensatz, den
175 1537 1090 1621 von Hausbackenheiten und unnötigen Wieder¬
1080 1565 2155 1640 Paul Ernsts „Eine Nacht in Florenz“, zu welcher des
2127 1570 3217 1640 der Priester Lukas in das Nachtasyl hineinbringt. Es
139 1602 1092 1647 en. So kommen z. B. im zweiten Akte nach¬
1086 1599 2145 1669 Unterzeichneten Einakter „Im Eskorial“ gegeben wurde.
2136 1616 3217 1673 sehn aber auch die dumpfe Zerschlagenheit jener russischen
153 1634 2130 1721 er fünf Perionen in die Wohnung der Frau Dr. Einen tolleren und groteskeren Fastnachtsspuk hat die
2128 1666 3214 1740 Volkstypen. Tscherikoffs Gestalten leiden an einer
159 1679 2132 1761 und jede von ihnen redet ein Langes und Breites deutsche Bühne wohl noch nicht gesehen, wie diese über¬
2130 1708 3204 1784 gewissen Selvstbespiegelung des Elends, sind sentimental,
147 1706 1088 1793 eren Einrichtung. Es wird wirklich Zeit, daß
1089 1744 2137 1806 mütige Groteske, die mit verwegener Hand das Grausen
2140 1737 3210 1828 deklamieren und verraten dadurch den deutschen Ursprung.
151 1764 1096 1843 en Damen, die so unvorsichtig sind fürs Theater
1080 1789 2131 1859 des Todes und das Überschäumen des Lebens durch¬
2129 1797 3207 1865 Die Handlung besteht im wesentlichen darin, daß der
147 1812 1107 1891 eiben, etwas genauer auf die Finger paßt. Daß
1082 1830 3207 1896 einanderschüttelt. Schade nur, daß die Komik sich anf! Dichter mit furchtbarer Steigerung, gleichsam mit immer
154 1861 1088 1920 ücklich geseierter 75. Aufführung die Lustige
1071 1867 3208 1947 den Höhepunkten überschlägt und ein scheinlodt gewesener] särker dröhnenden Paukenwirbeln, alle Greuel des
209 1903 1081 1967 ihrem ersten Hundert mit aller Lustigkeit
1076 1916 3213 2004 und wieder lebendig werdender Schneider an die Leicht-Trussisch-japanischen Krieges an uns vorüberziehen und
211 1942 1084 2013 wird nicht wundernehmen. Als Neuheiten
1077 1974 3217 2036 gläubigkeit des Publikums allzu verwegene Zumutungen das Volk sich gegen all diese Unmenschlichkeiten, die von
159 1988 1097 2061 in Gebiete der komischen Oper, nach deren Re¬
1075 2003 3215 2087 stellt. Auch wandert der Autor insofern zu sklavisch in den Herzen der Mütter, Frauen und Bräute die Söhne,
151 2037 1085 2100 on allgemeine Sehnsucht empfunden wird, hatten
1074 2057 2152 2127 Shakespeares Bahnen, als er uns auch seine Zoten!
2128 2061 3202 2114 Männer und Jünglinge reißen, aufbäumen läßt. Das
162 2086 1088 2146 bei anmutige, mit vielem Beifall ausgenommene
1073 2097 3205 2170 nicht ersparen zu dürfen glaubt, denen wir keinen Stück geht auf die Nerven; den zerfleischten, am Stachel¬
180 2124 1087 2195 Wolf Ferraris „Vier Grobiane“ und Gorters
1074 2147 3211 2221 Geschmack mehr abgewinnen können. Sehr bedeutend draht hängenden Petruschka wird man nicht wieder los.
164 2157 335 2227 8 Gift“.
1074 2179 2141 2252 setzt mit dem ersten Alie -Schnitzlers„Ruf des
2125 2192 3203 2263 Ein herzzerreißendes Drama dieser Tschertkoffsche Krieg,
140 2193 1097 2293 icht weniger als zehn Novitäten bescherte uns in
1073 2231 3209 2294 [Lebens“ ein, und es ist Ferüdezu erstaunlich, der mit tiefer Erschütterung angehört wurde. Das
156 2267 3206 2325 Schauspielhause in den letzten Monaten Anton wie zwingend der Verfasser verstanden hat, den Vater=Schauspielhaus, das bekanntlich mit dem „Nachtasyl“
149 2305 3207 2390 nn. Bei Gelegenbeit des Mehnertschen Gast-mord der Marie zu motivieren. Im weiteren Verlaufe einen seiner größten Triumphe gefeiert hat, hatte alle
153 2346 3211 2449 kam in Engels „Hochzeit von Poel“ das nieder-ist es Schnitzler leider nicht gelungen, die einfach große Ausdrucksmittel in Tätigkeit gesetzt, um auch Tschertkoffs
160 2389 2133 2475 Element wirksam zur Geltung. Das Thema] Linie der Entwickelung inne zu halten. Es entsteht ein
2134 2420 3212 2492 „Krieg“ zu-ähnlicher Geltung zu bringen und leistete
166 2439 2147 2522 n den Verwandien der ersten Frau angefeindeten, unruhiges Zickzack, und der Eindruck der psychischen
2121 2467 2982 2532 Ldarftillerisch wieder einmal Ausgezeichnetes.
145 2480 2145 2566 r endlich durchringenden zweiten Frau behandelt Notwendigkeit geht verloren. Immerhin ist hervorzu¬
2202 2491 3200 2561 Von den im Zentraltheater aufgeführten zahl¬
151 2529 3210 2629 ngeschickt das aus dem Englischen des Pinero heben, daß der Dichter das Grundmotiv: den Schreireichen Operetten hatte wohl Vergeltsgott“ von
141 2560 1083 2640 te Schauspiel „Ordnung im Hause“. Eine
1076 2597 2142 2638 nach dem Leben an allen seinen Gestalten zur Durch¬
2209 2591 2267 2644 181
2264 2585 2807 2662 den dauerndsten Erfolg.
2784 2598 3205 2665 Im volkstümlichen
145 2613 1075 2693 namaskandal inszeniert mit sensationellen Mitteln
1074 2633 3210 2701 führung bringt. Schnitzler wandelt ersichtlich in Hebbei= Färkenbergthealer übte Richard Vossens zu Unrecht
167 2657 1086 2733 Börsianerstück „Das goldene Kalb“,
1065 2671 3190 2747 schen Bahnen und will dessen schwersinnige Probleme verschollenes Schauspiel „Zwischen zwei Herzen“
166 2711 3213 2799 aber an seiner Wirkung durch allzuweites auf das moderne Leben verwenden. — Wer militaristischergreisende Wirkung aus, ferner wurden gegeben des
148 2737 1086 2827 reten des weiblichen Elementes Einbuße. In
1072 2770 3208 2846 gesinnt ist, für den ist das Drama: Krieg von Unterzeichneten, nach Hebbels gleichnamigem Epos gear¬
148 2795 2140 2883 arat von Bernstein ist es die verheiratete Frau, [Alexander Tschertkoff (Pfeudonym für zwei
2118 2812 3207 2892 veitetes niederdeutsches Schauspiel „Mutter und
152 2844 2136 2926 n einer Unterschlagung und Wechselfälschung Bremer Dichter) nicht geschrieben. Wer aber überzeugt
2130 2864 2763 2945 Kind“ und Fitgers „Hexe“.
157 2881 1090 2957 en Geliebten vor Schande und Untergang reiten
1066 2898 2136 2970 davon ist, daß eine kriegerische Menschheit mit dem
2630 2903 3132 2993 Wilhelm Henzen.
136 2920 2140 3021 d nach Fehlschlagen aller Mittel zur Preisgabe Wesen des Christentums in schärfstem Widerspruch stehl;
153 2970 2176 3064 eigenen Person schreitet, den Selbstmord des ja, daß sie so lange ein wahres Christentum im Sinne
