3436 4352
1571 360 2041 452 box 24/5
899 371 1078 441 des
1073 364 1142 439 L.
264 375 1435 489 19. Der Ruf „ Lebens
1356 885 1505 964 GE
1343 1062 1460 1171 CZ
739 1199 1558 1332 esberger Allgemeine Zeilant
932 1283 1487 1389 Königsberg i.Pr.
967 1553 1431 1755 AEMA
2211 1824 2288 1919 7100
1757 1900 3379 1974 vor dreißig Jahren durch übereilte Flucht vor dem Feinde auf sich lud.seiner Kurzal
1767 1957 3383 2014 (Historischer Hintergrumd der in B#en und Umgebung spielenden Vorgänge trotz der zusan
761 1941 1469 2049 Neues Schauspielhaus.
1775 1992 3384 2063 ist offenbar der österreichisch=preußische Krieg 1866.) Die Schuld an dieser doch ein Schni#
605 2007 1606 2100 Schnihlex=Feier: „Der Ruf des Oebeno“.
3193 2028 3382 2099 Da wen
1768 2040 3096 2101 Flucht aber trägt jener vergiftete Greis, der damals als Rittmeister mit
545 2054 1768 2135 Dem Ruf des Lebens, der während dieses Monats eine Reihe jüngerer
1774 2057 3380 2142 den bauen Kürassieren im Felde stand und als erster sein Pferd wendete. leitet, größtente
3090 2113 3391 2176 Abend gleichwe
432 2113 1771 2193 Dramatiker in unser Neues Schauspielhaus zitiert — z. T. sogar in eigener
1773 2124 3101 2182 Und schließlich findet auch die arme Schwindsuchtsleiche (Nr. 3) ihren wohl¬
444 2145 1776 2232 Person — darf auch der 60jährige Schnitzler folgen. Er scheint heute so
1763 2162 3372 2236 begründeten Platz in diesem vielfach verschlungenen Reigen der Morituri braucht man #
436 2196 1772 2282 jung wie ehedem —, vielleicht darum, weil er nie so recht jung gewesen ist.
1772 2205 3378 2271 und Moribundi, diesem lyrisch=dramatischen Totentanz: als verlassene Brautjerwähnen, wer
3095 2242 3370 2310 „sihzt“. Also
439 2244 1772 2328 Sein Schaffen hat keine auswärtsstrebende Entwicklungslinie, keine Sturm¬
1770 2251 3098 2315 eines Forstadjunkten, der von ihr zu der Vatermörderin herüberwechselte,
3088 2294 3382 2362 wie angegossen
1779 2305 3091 2358 die ihr Herz wiederum dem Leutnant Max schenkte; und als Geliebte eines
434 2283 1766 2362 und Drangperiode. Die Schleier müder Melancholic und stiller Resignation
3098 2326 3382 2396 Militärmilieu.
448 2335 1771 2416 breiten sich über fast alle seine Werke, deren Entstehungsdaten man beliebig
1767 2348 3101 2402 anderen jungen Offiziers, der Maxens bester Freund ist und sich später nach
3099 2378 3386 2438 nant, Peppl
434 2371 1779 2467 vertauschen könnte, ohne das Gesamtbild wesentlich zu ändern. Sie dämpfen
1768 2377 3096 2459 der großen Sühneschlacht als einziger Ueberlebender des todgeweihten Re¬
3092 2422 3391 2480 gleich ganze
435 2415 1775 2513 auch die grelle, mitunter allzu grelle Theatralik des etwa anderthalb De¬
1767 2435 2478 2512 giments (seinerseits) freiwillig entleibt.
3086 2461 3381 2514 Lob. Gildme
1866 2468 3099 2531 Welche Verwickelungen! wird man nach dieser groben Inhaltsskizze
439 2453 1778 2543 zennien alten Schauspiels, das Direktor Rosenheim dem jubilierenden Dich¬
3101 2509 3369 2569 Ton zynischer
441 2506 1770 2586 ters in einer außerordentlich sein abgetönten, stilgerechten Wiedergabe auf
1772 2523 3097 2587 sagen. Welches Theater! Welche Häufung errechneter Zufälle! Drei
3093 2543 3378 2608 menschen Lust
452 2557 1771 2633 den Geburistagstisch gelegt hat. (Künstler kann man ja am besten nur mit
1771 2556 3099 2626 Leichen auf, zwei hinter der Szene, und dieser ganze komplizierte Apparat
3090 2587 3391 2645 ahnen, mit der
1771 2607 3093 2682 sich überkreuzender Zusammenhänge — ist das noch der weiche, feinnervige,
444 2614 1079 2688 ihren eigenen Gaben beschenken.)
3087 2629 3369 2692 schicksalgewollt
557 2620 1773 2700 Ob dem Geburtstagskind und seinen Gratulanten mit der Ausgrabung
1783 2654 3095 2706 versonnene Schnitzler, der sich so etwas ausdenken konnte? Aber man
3096 2677 3375 2729 Marie, seine
436 2680 1772 2783 just dieses Werke ein besonderer Gefallen geschieht, bleibt allerdings minde¬
1782 2698 3094 2751 müßte ihn nicht kennen, den österreichischen Spintisierer und Seelenkünder,
3101 2718 3392 2776 die vollkommen
1779 2728 3108 2806 den „Jausen=Hebbel“ wie ihn einmal Alfred Kerr treffend genannt hat,
458 2731 1773 2811 sten zweiselhaft. In dem Ruhmeskranz eigener Schöpfung, den das Neue
3091 2749 3366 2817 den Ausbruch
1781 2783 3093 2851 wenn man nicht mit Grund annehmen sollie, daß sich hinter dieser Theaterei
457 2779 1775 2859 Schauspielhaus dem Gefeierten um die ergrauten Schläfen flicht — „Reigen“,
3102 2800 3383 2854 in holden Oph
1780 2827 3098 2891 echtes dichterisches Erleben, hinter der Hans=Müller=Maske — eben Arthur
440 2805 1775 2892 „Anatol“, „Ruf des Lebens“ — ist doch wohl das vom leichtsinnigen Melan¬
3103 2830 3394 2903 Ruth Baldo
457 2859 1772 2932 choliker handelnde Dialogvierktee das unverwelklichste Blatt. „Der Ruf
1779 2868 3107 2929 Schnitzler verbirgt. Ein tieferer Blick in das Schauspiel lehrt denn auch,
3095 2884 3382 2949 Adjunkt, Fra¬
450 2903 1772 2981 des Lebens“ könnte stellenweise von Hans Müller sein. In jedem der
1784 2899 3109 2976 daß dem Dichter die äußeren Vorgänge nur Vorwand sind, um nach alter
3095 2928 3372 2985 hauptsächlich o
1774 2950 3105 3020 Weise über sie und ihre Ursachen zu philosophieren, mit Worten, Begriffen,
447 2941 1783 3031 drei Akte gibt's eine Leiche, im letzten sogar eine recht schöne, theatermäßig
3096 2973 3377 3039 fführungskraft
1788 3002 3103 3055 Gefühlen zu songlieren, als Arzt, Psychologe, Militärkenner, Poet, die
453 2985 1779 3066 hergerichtete. Die erste ist ein bozhafter Greis, den seine eigene Tochter
3104 3007 3388 3077 als Tante, äu
1784 3046 3096 3104 Prooleme Dasein und Sterben, Glück und Liebe, Standes= und Herzens¬
445 3026 1786 3113 vergiftet, weil sie sich von dem ohnehin dem Tode Verfallenen, dessen Pflege
3085 3042 3376 3121 Daguerrotypie
1769 3077 3108 3143 ehre, Zufall und Schicksal, kleine und große Welt zu wälzen, kurz, hinter
455 3084 1777 3144 ihr obliegt, nicht länger vom Leben absperren lassen will, vom Leben, das
3101 3090 3382 3170 von ihrem „kra
1779 3121 3107 3178 den Sinn dieses irrsinnigen Lebens zu kommen. Wie immer bei Schnitzler
449 3128 1774 3197 sie mit tausend Stimmen lockt. Die zweite Leiche ist eine Oberstenfrau,
3102 3142 3396 3199 Sauer schlie
1779 3171 3101 3232 wird dabei viel Kluges, Feines und Tiefes gesagt. Und die heimliche
450 3168 1782 3240 die von ihrem Mann aus Eisersucht erschossen wird. Die dritte ein junges
3100 3192 3392 3255 zur Belebung
1783 3210 3115 3270 Gedankenlyrik der zum Teil recht langgesponnenen Dialoge, die melancholische
459 3212 1784 3283 Mädchen, dem unglückliche Liebe und unheilbare Krankheit ein frühes Grab
1791 3253 3106 3312 Geste, mit der Schnitzler sein geistiges Seciermesser handhabt, mildert er¬
458 3274 650 3349 bereiten.
1794 3293 3109 3360 heblich die Brutalität der krassen Tatsächlichkeit. Aber ein greifbares
572 3279 1788 3373 Die drei Paralleltragödien sind durch eine Kette seltsamer Zufälle
1782 3338 3107 3398 Ergebnis wird durch all das Grübeln und Disputieren nicht
452 3339 1797 3409 miteinander verbunden. Was die Vatermörderin hauptsächlich zu ihrer
1992 3378 3125 3450 — Worte, Worte, Worte! Die blutdürstige Ketten¬
1780 3391 1982 3462 gezeitigt
452 3381 1796 3455 Tat trieb, ist die Liebe zu einem jungen Offizier, zu dem sie nach ihrer
1793 3433 3118 3483 tragödie schließt mit einem Fragezeichen und die einzige
465 3419 1790 3504 Selbstbefreiung eitt. Dieser Leutnant Max wiederum veranlaßte, als Neben¬
1784 3464 3122 3511 Erkenntnis, die wir daraus gewinnen, ist die alte Erfahrung: daß das
456 3469 1795 3551 buhler, den Racheakt des Obersten. Er muß nun die Pistole gegen sich
1783 3507 3124 3575 Leben manchmal Theater, aber das Theater selten Leben ist. In manchem
457 3520 1796 3574 solbst richten und damit dem Heldentode vorgreifen, der ihn in Kürze auf
1794 3554 3126 3614 Betracht ist dies Schauspiel ein ochter Schnitzler; aber mit seinem allzu
468 3575 1783 3634 dem Schlachtfelde ebenso sicher erreicht hätte, wie alle seine Kameraden.
1788 3599 3133 3662 unvermittelten Wechsel von Licht Schatten, seinem ziellosen Hin= und Her¬
461 3606 1783 3668 Die blauen Kürassiere, denen er angehört, sind nämlich mit Mann und
1774 3634 3178 3717 pendeln zwischen nackter Theatralik und verhüllender Reflexion, seiner schwer= ?
461 3645 1786 3721 Maus dem Untergang geweiht. Keiner darf lebend zurückkehren. Ihr
463 3690 3136 3773 Blut, so will's der Oberst, soll die Schande abwaschen, die das Regiment punktverschiebenden Unausgeglichenheit der handlungbewegenden Kräfte,
