3436 4352
1592 351 2073 458 box 24/5
755 375 834 442 II
903 365 1448 466 des Lebens
293 370 910 484 19. Der Kuf
934 1476 3095 1575 Thema von der Süße des Lebens und von der Bitter= ein stiller, treuer Brakenburg, Herr Hofbauer als
2048 1520 3095 1596 stelenkundiger Arzt und Fr. Godeck als mütterliche
981 1544 2028 1641 keit des Todes. Wie in dee stärksten seiner Romane, im
2037 1567 3099 1658 Wulderin zeigten klare sichere Form. Herrn Otto liegt
199 1571 742 1670 Der Ruf des Lebens.
982 1604 2028 1668 „Serben“, schreit hier Sehnsucht auf, die Seinsucht nach
2041 1623 3108 1694 der elegische Don der Seufzer wenig; Frau Imle
987 1645 2034 1720 dem Verweilen auf der freundsich-sonnigen Erde. Man¬
198 1647 977 1728 Artu==Schnitzler. — Aufführung im
2046 1676 3109 1745 ist voll süßer Melodie. Das Leichtseitige, Sprühende,
303 1707 511 1768 Schallpn
984 1704 2042 1765 cher echt menschliche Zug, aber schade, daß alles, was
2048 1724 3108 1789 das Reale und Realistische des Lebensdranges der Kurz¬
980 1746 2039 1816 auftritt, neben aller Menschlichkeit so ausdringlich eine
200 1743 982 1834 nitzder mit grellem Theatergeräl in den
2045 1775 3114 1854 lebigen tritt hinter Klang und Wohllaut und ätherischer
986 1797 2041 1880 „Rolle“ in der Hand hält und statt der gedämpsten,
203 1822 970 1879 wenn er all den Theatralikern seit Birch¬
2049 1827 3120 1899 Symbolik aber etwas zu stark zurück. Herr Olden als
988 1843 2032 1922 leisen Sprache Schnitzlers der Theaterschrei allzu oft
188 1858 979 1935 en wollte: Das kann ich auch. So viel
2042 1859 3108 1956 Oberst war diesmal ohne unangebrachte Nonchalance
994 1894 2034 1966 aufgellt. Der letzte Akt zeigt nach aller Kolportage¬
210 1918 976 1981 keinem andern Schnitzler. Ein altöster¬
2044 1911 3111 1982 kalt und hart wie Eisen. Herr Orell als Spielleiter
991 1949 2036 2025 romantik und Theaterei ein sanftes Abströmen der
200 1964 991 2041 fassierregiment wird in den sicheren Tod
2054 1978 3114 2037 kleibeie das Stück Altösterreicherkum vor 66 sehr charak¬
991 1987 2038 2060 Handlung in Unhandlung, Symbolik und Senlimen¬
194 2018 979 2089 die Schmach zu fühnen, die es einmal
2056 2007 3112 2090 teristisch ein. Nicht gelungen war nur die Ruhe und
991 2052 1187 2124 tulität.
188 2074 979 2136 en kud. Letzte Nacht vor dem Ausmarsch.
2061 2061 3113 2146 der ansdringliche Aufenthalt der spielenden Kinder in
1070 2060 2042 2154 Für die Darsteller ist vieles dankbar und sie griffen
211 2112 993 2195 der den Besuch der Oberstin empfängt,
2050 2117 3118 2196 der ketzten Szene. Das muß entweder vorüberschweben
996 2148 2035 2206 auch tüchlig zu und horchten auf den „Ruf des Lebens“,
201 2161 989 2236 iebte ist. Rächersilhouette des Obersten
2049 2167 3112 2236 oder wenn es bleibt, so weit im fernen Hintergrund
988 2200 2056 2280 der hier über Krankheit und Krieg vielstimmig und
192 2218 980 2285 chuß und Tod der treulosen Frau. In
2061 2215 3114 2296 sein, daß die Stummheit der spieleuden Kinder (Jugend
1001 2238 2055 2314 für jede Gestalt anders erklingt. Fr. Weiser gibt
202 2259 1001 2334 ht genießt der Leutnant noch (so von
2053 2270 3126 2335 lärmt und schwatzt doch!) nicht auffällt. Das Publikum
1000 2293 2058 2366 gleich in den ersten Gesten und Worsen der Ge¬
208 2310 993 2379 ) die Lebe eines reinen Mädchens, das
2054 2306 3117 2404 gab nach dem ersten Akt ein voll rauschendes, einhelliges
1000 2341 2050 2423 drücktheit und Verbitterung der pflegenden Tochter ein
205 2353 995 2439 tt ihres sich wild aus Leben klammern¬
2061 2370 3134 2444 „Bravo“, nach dem zweiten ein zögerndes und nach
1000 2390 2050 2470 ganzes Schicksal, Ihr und Herrn Pindo, der den
188 2403 989 2474 erkümmerte, bis sie dem von rohestem
2066 2419 3132 2485 dem dritten schwieg es sich minutenlang aus Schnitzler
1003 2431 2060 2504 bösartigen, jugendneidigen Patienten ausgezeichnet gab,
193 2460 991 2517 s Erfüllten Eist ins Glas gießt, um
2069 2465 3130 2537 hätte als Zeuge dieser Verlegenheitspaue gewiß noch
1005 2490 2052 2553 war der überaus starke Erfolg des ersten Aktes zu dan¬
198 2505 997 2584 ashize L##e zu umarmen. Nicht genug
2064 2516 3150 2597 schnell etwas hinzugeschrieben, denn diese Stille nach
1004 2537 2066 2600 ken. Die Erzählung von der Massenpanik der flüch¬
218 2562 1001 2632 Gistmord wid die Handlung auch durch
2063 2558 3141 2633 so viel Plage war peinlich. Nach einiger Zeit erst er¬
999 2574 2057 2657 tenden Schwadron flackerte in dem atemlosen Auf¬
201 2602 1005 2687 stand „ausgefüllt“: Der Alte, der von der
2058 2607 3131 2682 innerte man sich, daß man die Darsieller so nicht ver##
1004 2630 2057 2707 schreien des lebenshungrigen Kranken unheimlich auf.
202 2662 993 2728 marterten Tochter stiebt, hat einst als
2066 2663 3126 2739 abschieden darf und es wurde geslatscht und Gewissen¬
1000 2680 2065 2756 Das stumme Spiek, mit dem Fr. Weiser diese Er¬
212 2702 997 2772 e Schmach jenes Regiments verursacht,
2074 2715 3141 2787 hafte zählten noch ein dreizehnmaliges Hochgehen des
1013 2737 2060 2805 zählung des Vaters begleitet, war so plastisch, daß
222 2768 1002 2832 jetzt vor dem schuldigen, achtzigjähri¬
2072 2752 3135 2823 Vorhanges. Es war also, wenn es ein Durchfall tar,
1015 2780 2065 2864 man Worte zu hören meinte. Herr Andersen glüht
207 2816 1008 2868 das Leben lassen muß. Also unausgesetzt
2071 2823 3104 2887 ein Durchsall mit Beifall. Dr. Alfrad Möllgr.
1000 2816 2081 2898 als Leu nani von So datenseuer, Fri. Dürr als die das
202 2855 999 2924 dlung und dazwischen ein e was kümmer¬
2540 2868 2741 2946 r.—
206 2874 2101 2999 n echter Schnitzher: das echt wienerische] Leben preisende, todesmutige Frau, Herr Kainz als
