3436 4352
1103 247 2332 309 well enough to picture it in a manner wholly convincing but who,
1095 283 2338 362 perhaps because of that imperfect knowledge, was able to ex¬
1090 335 2340 401 press his passionate conviction that the bitterest of all thoughts
1098 379 2353 449 is the thought that one may be deprived of the opportunity of
1102 425 2356 494 knowing it. The sentence, uttered by one in the grip of such a
1097 464 2356 530 fear, which gives the key to the emotion of the piece is this:
1111 527 2360 596 *Only those who have much to remember lie quietly in their
1107 572 2359 637 graves'; and it is piainly the utterance of a man who possessed
1097 615 2363 675 the two qualities which make life seem most precious. He was
1100 683 1692 734 young and he was an artist.
1193 694 2365 772 The first act of the play is by far the best because it is the
1101 755 2361 811 simplest and rhe most clear cut. With a sense of reality never
1106 800 2357 873 recaptured during the succeeding two acts it presents the pie¬
1108 850 2371 924 ture of a young girl chained to the bedside of a slowly dying
1100 894 2361 958 father and struggling between the artificial sense of duty to her
1100 942 2361 1006 parent and the natural sense of her right to life. Without, the
1117 979 2374 1063 noise of the passing throng summons her to a participation in
1106 1021 2363 1088 the experiences which seem in imagination so unutterably im¬
1104 1077 2374 1158 portant; within, the old man, intuitively conscious of her strug¬
1115 1125 2372 1203 gle, suggests with the logic of age that many years will remain
1110 1199 2384 1231 after he is dead; but to her it seems that if this one night
1114 1242 2380 1279 and the lover who awaits her is missed all l'fe will be missed,
1124 1272 2373 1332 and the author who understands the father with his head but
1115 1305 2380 1387 understands her with hir heart sends her to her adventure and
1122 1350 2376 1433 her lover. From then on, it must be confessed, the play grows
1127 1416 2381 1485 steadily less convincing as a picture of real life; the theme
1124 1450 2382 1524 pursued through various intricacies and reintroduced in new
1119 1493 2385 1564 surroundings becomes less and less sharply defined, and the
1124 1538 2386 1613 ineidents grow more and more thoatrical. Vet, withnlthe
1126 1585 2386 1640 theatricalism is of a not wholly unpleasant kind, for it is not
1118 1647 2375 1713 the result of insincerity and trickery but of a genuine feeling
1136 1687 2390 1740 which cannot quite adequately express itself; and thus, though
1136 1729 2385 1802 verisimilitude sometimes fails, the genuineness of the emotion is
1127 1793 1934 1860 always clearly and interestingly evident.
1219 1878 2399 1928 The author has nowhe.e actually thought his way through,
1139 1927 2388 1977 and his sincerity is not of a predominantly intellectual sort.
1135 1959 2389 2011 Because his conviction that the call of life is higher than the
1146 2008 2400 2078 call of duty is not the reasoned conclusion of a Nietzschean
1137 2058 2401 2122 philosopher but the instinctive protest of ardent youth against
1145 2117 2391 2173 all that stands between him and his imperious need for experi¬
1146 2164 2403 2211 ence, he is capable even of a relenting conclusion which pays
1142 2198 2403 2270 the tribute of a perfunctory bow to conventional ideals of re¬
1145 2253 2405 2306 morse and atonement; but for the same reason even its theatri¬
1151 2303 2406 2362 calities are touched with poetic passion. Dudley Digges, who
1152 2341 2403 2410 directed the production for the Actors Theater, has, so it seems
1151 2387 2404 2445 to me, caught perfectly the spirit of the piece and wisely re¬
1150 2431 2405 2489 frained from any attempt to pitch it in too realistic a key. He
1137 2493 2404 2543 has permitted the actors, among whom Eva Le Gallienne, Egon
1138 2534 2404 2590 Brecher, and Rosalind Fuller deserve especial praise, the slightly
1145 2589 2396 2635 romantic and the slightly theatrical gestures with which the
1138 2621 2416 2676 eager imagination of the author certainly endowed them, and
1140 2672 2397 2736 he has correctly assumed that in the play so presented the sin¬
1154 2713 2403 2778 cerity of feeling would be evident behind the artificialities of
1145 2766 2403 2825 expression.“ The Call of Life“ remains one of those works,
1145 2824 2406 2881 rarer in the drama than in any other literary genre, whose very
1143 2872 2405 2919 imperfections constitute an interesting revelation of the mind
1141 2918 2411 2968 of the author. Certainly it is one of the plays of the season
1154 2960 1547 3024 most worth seeing.
1231 2991 2406 3054 The enterprising group at the Cherry Lane Theater has
1153 3042 2403 3094 undertaken a revival of the ballad-opera“ Polly'’ which John
1152 3104 2399 3152 Gay wrote as a sequel to his  Beggar’s Opera.' Rowdy and in¬
1156 3143 2412 3203 consequential like its predecessor, it has no song quite so famous
1154 3200 2411 3250 as“ could be happy with either were t’other dear charmer
1152 3235 2413 3296 away'' and no divertissement so excruciating as“ The Happy
1147 3283 2407 3346 Hen,? but it is made of the same stuff and inspired with the
1145 3323 2398 3390 same resistless flow of animal spirits. Its old tunes, now vehe¬
1150 3372 2410 3452 ment with the boisterous merriment of the tavern and now
1146 3428 2406 3487 wistful with the far-away pathos of the folk ballad, recall in its
1153 3485 2414 3534 full vigor the life of a vanished age, and the rank flavor of its
1158 3536 2038 3574 cynical humor is as pungent as ever it was.
1225 3559 2396 3624 At the Schildkraut Theater in the Bronx Rudolph Schild¬
1146 3611 2411 3683 kraut is acting in the original Viddish the fantastic comedy,
1151 3661 2408 3707 The Bronx Express,'' which once appeared briefly on Broad¬
1158 3715 2413 3763 way. Its racily local humor can often be appreciated even by
1151 3754 2416 3808 those who, like myself, do not understand the language; the
1146 3798 2405 3855 dream scenes which require that the suggestion of a subway
1159 3853 2417 3912 car shall be always present are set with great ingenuity. Mr.
1156 3896 2278 3947 Schildkraut, as always, gives an excellent performance.
1249 3947 2418 3998 Stolen Fruit' (Eltinge Theater) is a highly emotional
1157 3986 2411 4036 play taken from the Italian and acted by Ann Harding and
1149 4048 2427 4095 Rollo Peters. In spite of an excellent performance it seemed
1153 4101 2409 4145 to me curiously unreal.“ The Crooked Friday' (Bijon Theater),
1152 4134 2429 4193 offered as a vehicle for the English actor Dennis Nielson-Terry,
1162 4176 2426 4233 put a yet severer and, indeed, insupportable strain upon credulity.
1909 4226 2391 4279 Josern Woon Kauren
