3436 4352
1486 183 1965 294 bo: 24/3
168 189 1440 295 19. Der-Rufdes-Lebens
305 1179 3289 1326 #ir richten sich die konzentrischen Angriffe. Aber] Funktionäre von Körperschaften und einzelne andere Per= matur und Rüstung spiegelten sich im heil
2455 1307 3300 1375 echte Dramenkunst war, verlor Wien seine
1387 1329 2479 1410 Denn in Wien hat immer nur die Kritik Gefolgschaft
2455 1373 3306 1447 in der deutschen Bühnenwelt, Unsere The
303 1359 1396 1429 widert der Künstler: „Lebendige Stunden? Sie leben
1390 1389 2466 1460 gefunden, die im großen Ganzen dasselbe Kunstempfin¬
2469 1420 3310 1478 effektvolle Machwerke und nur zur Betäubun
314 1401 1398 1493 doch nicht länger als der letzte, der sich ihrer erinnert.
1395 1431 2461 1515 den wie das Publikum hatte. Ludwig Speidel war —
2464 1455 3298 1529 Gewissensbisse, zur Verhöhnung der Kritz
310 1465 1394 1555 Es ist nicht der schlechteste Beruf, solchen Stunden Dauer
1434 1480 2463 1550 — wie Sarcey in Paris — nur der Erlauchteste und
2469 1503 3299 1589 zuweilen eine jener Dichtungen, die das Ba
313 1498 1401 1580 zu verleihen, über ihre Zeit hinaus.“ Ich erinnere mich
1393 1529 2474 1601 Größte der Menge, der ihr in schönster Form ihr dunkles
2470 1555 3304 1626 kum durch hundert Aufführungen approbier
324 1555 1390 1631 noch ganz genan der verdutzten Gesichter, als darauf der
1393 1581 2474 1657 Fühlen deutete. Aber es war ihr Gefühl, war das
2471 1606 3290 1687 sie immer mit gleichem Mißerfolg; gaben
309 1605 1398 1687 Vorhang fiel, höre noch ganz deutlich das surrende
1397 1626 2469 1712 Empfinden des Publikums. Der Wiener hat einen gesun¬
318 1655 1397 1731 Hin und Wider der Meinungen, wer eigentlich Recht
2468 1655 3287 1734 um zu zeigen, daß es nicht ihre Schuld
1393 1687 2477 1761 den, robusten Instinkt für das Theater. Seine Tradition
2468 1708 3305 1787 Blumenthal und Kadelburg, das Boulevar#
326 1704 1400 1796 hättte, der wertschaffende Künstler oder der leben¬
1400 1740 2477 1821 reicht bis in die Barock=Kaisezeit. Berlin ist unsicher
2469 1753 3306 1840 Posse spielten. Und .. .. sie hatten nicht
318 1761 1397 1849 erhaltende Freund. Denn die Wiener wollten nicht ein¬
1401 1781 2475 1857 und tastet wie der arrivée. Hier herrscht nicht Tradition,
2482 1801 3305 1881 aber scheint sich wieder eine Wandlung in
320 1801 1402 1882 sehen, daß beide Recht hätten, daß die bittersten Tragödien
1399 1843 2486 1920 sondern Autorität. Hier ist die Kritik eine Macht. Und
2468 1843 3306 1937 schen Produktion vorzubereiten. Man hat
329 1858 1402 1940 des Daseins jene seien, die sich nicht durch ein salo¬
1407 1877 2480 1965 mit der Charakterlosigkeit des unsicheren Emporkömm¬
2480 1898 3310 1983 kein Drama ohne Sittlichkeit bestehen kön
320 1902 1405 1992 monisches Urteil über die Schuld des einen und die
1407 1934 2479 2018 lings schließt sich dieses Publikum leicht an alles an,
2474 1950 3320 2044 Macht, die unantastbar über den Mensch
319 1962 1409 2044 Unschuld des anderen aus der Welt weisen lassen; sie
1400 1984 2489 2075 greift es, selber ein Neuling, begierig nach dem Neuesten.
2479 2027 3305 2077 Wille zum Stil, zur bewußten Verein.
317 2010 1411 2089 wollten nicht einsehen, daß die tiefsten Zwiespältigkeiten
1410 2032 2487 2108 Shaw und Wilde hießen seine Evangelisten. Mit ihnen
2476 2059 3302 2127 eines Ganzen ist zu einer harmonischen
323 2066 1410 2141 des Lebens ewig fortwirken und in der Wirklichkeit die
1409 2077 2494 2171 lockte sie Max Reinhart ins Schauspielhaus. Hätte er
2488 2114 3285 2196 erwacht. Neue Dichter sind gekommen,
331 2113 1320 2210 Gegenkräfte einander ewig unversöhnt bekämpfen.
1406 2133 2488 2215 mit der Erneuerung der klassischen Kunst seine Bühnen¬
2487 2167 3306 2248 wieder in die Mitte ihrer Dichtung stell
423 2138 1416 2246 Und dennoch lag in der Banalität dieses Empfindens
1411 2189 2495 2260 wirksamkeit lbegonnen, so wäre ihm wohl keiner gefolgt.
2494 2214 3309 2285 Handlungen um dieses Zentrum scharen.
339 2212 1413 2303 eine tiefere Ahnung vom Wesen der dramatischen Kunst.
1419 2232 2492 2316 Als er aber mit der Erweckung Shakespeares begann,
2493 2263 3305 2327 Gefühle leben in ihren Menschen. Diese
339 2264 1416 2354 Denn unsere Lust an der Schaubühne wurzelt in dieser
1416 2298 2017 2385 war er schon eine Autorität.
2489 2284 3312 2395 finden aber in Berlin keinen Beifall. Ma
343 2318 1412 2405 augenblicklichen Versöhnung aller widerstreitenden Gegen¬
1491 2317 2491 2413 Für die seine Geistigkeit der neuen Kunst, die von
2496 2355 3315 2434 das andere Werk aufgeführt, weil Ber#
344 2368 1424 2449 sätze, beruht in der momentanen Harmonie des Alls.
1408 2394 2500 2477 den britischen Inseln kam, für die großartige satirische
2500 2417 3312 2487 Neue aufgereift. Bei uns in Wien kenntn
347 2416 1420 2512 Jede echte Tragödie bringt durch ihren Ausgang das
1420 2439 2496 2519 Kraft des Dänen Gustav Wied, für die psychologischen
2498 2467 3313 2540 Männer nicht, denn unsere Bühnenleiter
338 2465 1419 2557 Gefühl der Erlösung. Und wie am Schlusse von Ibsens
1425 2497 2494 2568 Verstecktheiten, die uns das russische Drama enthüllte,
2495 2509 3300 2602 deckerfreude verloren. Und dennoch steh
345 2512 1429 2603 LLebenswerk, wie am Ende seines Epilogs Wenn wir
1418 2536 2502 2629 für alle diese Kunst, die mehr durch ihren geistigen Ge¬
2499 2566 3307 2646 noch zuchtlose — Uppigkeit unserem Em
346 2567 1431 2656 Toten erwachen, klingt am Ausgang jeder Tragödie
1414 2589 2498 2665 halt als durch die Wucht ihres Gefühls wirkte, war
2497 2615 3309 2703 als die Skepfis Oskar Wildes, die Ironi
345 2617 1433 2717 großen Stils ein Pax vobiscum. Aber um diesen Aus¬
1421 2639 2500 2723 Berlin der empfängliche Boden. Der Wiener aber liebt
2496 2675 3312 2755 uns die breite Sinnlichkeit des Rheinlän
345 2673 1432 2754 gleich der Widersprüche heraufzuführen, muß der Dichter
1425 2695 2503 2778 das erschütternde Gefühl, das schmetternde Pathos, er
2505 2728 3291 2802 näher als die asketische Geilheit unseres
344 2719 1439 2809 eine unverletzbare, über allen Menschen wirksame Macht
1425 2736 2506 2838 liebt die bunte Farbe und die sinnfällige Handlung.
2505 2778 3287 2855 Dieser neuen Kunst ist's bestimmt,
354 2772 1431 2872 anerkennen: eine Sittlichkeit. Der souveräne Naturalis¬
1431 2774 2502 2880 Er will ein bildhaftes, balladeskes Theatergeschehnis,
2504 2811 3301 2903 Mäzenatentum zu finden. Sie ist jung,
340 2820 1428 2913 mus verweigerte jedoch dieser höheren Gewalt das Ak¬
1430 2843 2512 2942 Der Berliner zieht das Epigrammatische vor. Doch wer
2506 2848 3311 2958 aufwärts. Mit ihrem Aufstieg wird Wi
342 2868 1426 2964 kreditiv. Darum blieben seine besten Werke schöne Dich¬
1434 2895 2508 2979 ein bißchen in die Technik der Künste geblickt hat, weiß,
2512 2928 3302 3000 als Theaterstadt wieder emporsteigen.
345 2920 1430 3012 lungen, ohne gute Dramen zu sein. Die Wiener aber
1426 2947 2506 3020 daß aus der Ballade das Drama, aus dem Balladen¬
2500 2985 3315 3069 kommt, der es wagt, diese Neuen aufzufi
346 2975 1435 3056 entzogen sich der Einwirkung dieser im Technischen doch
1424 2983 2520 3088 dichter der Dramatiker entstehen kann; aus dem blinkend
2514 3024 3314 3117 kommt, der nicht nach Norden blickt, sonder
359 3020 1440 3093 halb mißlungenen Kunstwerke, die im Grunde Novellen
1434 3054 2518 3133 geschliffenen Epigramm kann nur der geistvolle Dialog,
361 3080 1295 3166 in Dialogform waren; sie „gingen nicht mit“.
2517 3087 2941 3175 ein Eigner zu sein.
1442 3097 2408 3179 der Epigrammatiker, nie ein Theatraliker werden.
437 3097 1437 3214 Das Bemühen der Kritik, ihnen den dichterischen
1507 3146 2546 3236 Und weil die hohe Kunst der jüngsten Epoche keine
347 3176 1439 3272 Wert dieser Stücke fühlbar zu machen, blieb vergeblich.
