3484 4352
1575 211 2063 299 box 24/1
296 195 1461 321 19. Der Ruf des Lebens
2432 1080 3414 1166 Seine Brank, dn Verzogin Sophie Char=“
3297 1122 3420 1182 werc
918 1123 2339 1186 [h. Ader BaruntFeluhenden Hulil. —
2327 1143 3314 1199 llotte von Oldenburg, lernte der Prinz ge¬
3300 1164 3423 1236 sche
1373 1175 2340 1239 glückliches Vaterland blicken können. Denn auch
2332 1179 3313 1245 legentlich der Vermählung seines Bruders in Ber¬
394 1186 1379 1258 geziemt es sich auch, an diesem Jubiläumstage
3306 1219 3420 1279 Ma
2340 1224 3311 1282 lin kennen, und nach mehrmaligem längeren Zu¬
1379 1216 2339 1285 für Wilhelm II. gilt wohl das Wort, das einst
384 1226 1381 1297 zuerst von ihr zu sprechen, ihr den ersten Gruß
2330 1255 3320 1319 sammenweilen während der Kieler Woche und bei
3299 1256 3425 1331 rad
1371 1263 2335 1342 Fürst Bismarck an seinem 80. Geburtstage ge¬
384 1280 1203 1351 und die erste Huldigung darzubringen.
2330 1309 3308 1356 einem Jagdausfluge in Prerow im September er¬
3311 1320 3413 1377 wir
1375 1312 2335 1380 sprochen hat: „Mehr als mein Leben, gelten mir
474 1322 1374 1393 In unserer, durch neue, vielfach unreife, ver¬
2345 1336 3316 1400 folgte vor den Hochzeitsfeierlichkeiten des jungen
3294 1356 3409 1427 Da
1375 1357 2347 1429 die Meinen, doch über der Familie steht mir das
2343 1390 3318 1439 Herzogs von Koburg=Gotha in Glücksburg am 10.
393 1374 1375 1434 wirrende Ideen zersetzten Zeit, in der seit Jahr¬
1364 1394 2309 1493 Vaterland und über dem Vaterland nur Gott!“
2326 1415 3320 1482 Oktober des vorigen Jahres die Verlobung. Die
398 1425 1376 1494 hunderten bestehende moralische Werte plötzlich „um¬
2337 1444 3323 1511 Braut, die älteste Tochter des Großherzogs Fried¬
386 1471 1376 1554 gewertet“ werden und in unklaren Köpfen heil¬
2340 1486 3322 1561 rich August von Oldenburg, aus seiner ersten Ehe
1476 1492 2238 1577 Die Hochzeitskeier in Berlin.
3356 1528 3427 1597 st
382 1521 1391 1598 lose Verwirrung anrichten, ist es von nicht hoch
2342 1547 3320 1592 mit der im Jahre 1895 verstorbenen Prinzessin!
1445 1536 2342 1610 Den Festlichkeiten zur silbernen Hochzeit des
2345 1568 3316 1643 Elisabeth von Preußen, der Tochter des „roten“
396 1578 1382 1643 genug einzuschätzender Bedeutung, daß die Ehe un¬
1374 1590 2341 1637 Kaiserpaares und zur grünen Hochzeit des Prinzen
2342 1598 3332 1666 Prinzen Friedrich Karl, ist am 2. Februar 1879
388 1621 1378 1694 seres Kaiserpaares in ihrer fleckenlosen Reinheit
1383 1630 2343 1690 Eitel=Friedrich mit der Herzogin Sophie Charlotte
2348 1643 3338 1711 in Oldenburg geboren, also fast viereinhalb Jahre!
1374 1674 2349 1748 von Oldenburg liegt folgendes Programm zu
388 1667 1385 1734 als ein leuchtendes Vorbild für alle Schichten der
2330 1677 3408 1755 älter als ihr Verlobter. Infolge langer Kränk= siche
382 1715 1573 1783 Bebölkerung gelten kann. Der impulsive, äußeren! Grunde:
2702 1731 2906 1799 K
1230 1761 1393 1830 M
2350 1785 3340 1846 drei Akte —, mit all den Schrecknissen von Mord,
1372 1796 2347 1873 Schwester, die er gar so gut behütet hat, und er
2342 1834 3332 1881 Ehebruch, Todesritt, Vergeltung, Reue? Aendern
371 1828 1186 1915 N0 an, Berliner Theaterbrief.
1381 1838 2349 1906 sagt: „Ich seh' sie ja noch vor mir, wie sie mir
2353 1867 3328 1928 sie etwas in der Welt? Kommen keine Blumen
1376 1885 2358 1937 oft gegenüber gesessen ist am Abend, bei der Lampe,
397 1871 1387 1971 Schnitzler: „Der Ruf des Lebens“. — Die Russen.
2351 1894 3329 1964 mehr aus der Erde, weil sie über das Land hin¬
1373 1914 2356 1976 in dem Zimmer da, und hät mich so angeschaut
458 1928 1340 2010 —[önünserem: Berliner Bureau.)
2341 1928 3320 2011 gehaucht wurden von ängstlichen Menschenherzen?
1388 1945 2352 2021 mit ihrem stillen Lächeln, mit dem gewissen gott¬
881 1965 1373 2028 Berlin, 25. Februar.
2356 1966 3327 2039 Spielen keine Kinder mehr? Haschen sich Liebende
1644 1999 2347 2044 als wollt' sie mir noch für was
1379 2009 1607 2066 ergebenen
485 1998 1390 2071 Aus der vergessenen Oper „Joconde“ klingt
2353 2024 3317 2082 nicht mehr? Geht alles nicht weiter, wie vordem,
1860 2035 2352 2100 ich hätt' mich am lieb¬
1385 2037 1832 2104 danken; — und ich —
411 2053 1383 2105 ein einzig Verslein einer Romanze in unsere Zeit
2354 2050 3332 2120 ob nun so ein junges Blut seine Seele aushustet
1377 2075 2344 2141 sten vor ihr auf die Knie hingeworfen, sie um
411 2084 1386 2153 herüber: On pense, on pense encore — à celle
2348 2093 3323 2149 und so ein frischer Bengel sich erschießt oder nicht?
1383 2107 2350 2165 Verzeihung zu bitten, daß ich sie so gut behütet
3308 2128 3425 2184 will
726 2126 1288 2200 et l’on revient toujours-
404 2141 750 2190 qu'on adore —
2349 2134 3324 2197 Und verlieren die Lebenden das Recht ans Leben,
1386 2144 2331 2209 hab' vor allen Gefahren — und vor allem Glück.“
902 2166 1375 2224 Wenn Arthur Schnitz¬
3299 2165 3420 2230 brich
2343 2177 3322 2244 weil irgendwo ein Toter sich unter dem Rasen
408 2172 866 2231 ses premiers amours
1381 2184 2356 2252 Hier liegt der Schlüssel zum „Ruf des Lebens“.
3303 2211 3431 2269 wirf
407 2195 1389 2270 ler die Romanze zu übersetzen hätte, er würde viel¬
2345 2195 3320 2276 streckt, der vielleicht erst Platz machen mußte, da¬
1377 2229 2352 2288 Und wie Schnitzler von dieser Idee nicht losge¬
399 2234 1311 2306 leicht reimen: Was einmal Glück gebracht
2348 2245 3322 2311 mit die Stärkeren Licht und Lust bekamen? So
1388 2263 2352 2323 kommen ist, bis er sie neu und anders gewendet,
399 2290 1392 2346 denkt man Tag und Nacht — An ersten Jugend¬
2354 2289 3332 2346 raunt's hier hinter den wunderlichen Akten und
1418 2304 2360 2367 so ist er auch von der Handlung der Liebelei
959 2312 1388 2384 Er schreibt (er will
408 2322 899 2389 mai — Und „Liebelei“.
2346 2329 3332 2383 lächelt sogar ein wenig. Und wo es raunt und
1393 2337 2357 2409 nicht losgekommen. Ein Mädel mit der großen
403 2342 1396 2427 schreiben) ein robustes Theaterstück und nennt's —
3310 2363 3448 2436 Mä
2350 2373 3318 2426 lächelt und die Achseln zuckt, da ist es gut, in¬
1741 2378 2355 2430 dort wie hier. Ein Liehster,
1394 2391 1767 2451 Lebenssehnsucht —
3325 2400 3419 2450 ten
412 2396 1387 2465 da der Titel: Es lebe das Leben! schon in festen
2345 2398 3331 2455 teressant und hat seine besondere jungwiener Note.
1393 2422 2364 2483 dem das kleine Bürgermädel im Grunde nur ein
1286 2428 1396 2485 Es
3311 2437 3435 2508 sein
696 2432 1284 2509 „Der Ruf des Lebens“
2352 2449 3326 2511 Aber dazwischen knallt's, wie aus Vorstadtromanen;
414 2452 672 2504 Händen ist
1396 2460 2359 2524 liebes Spielzeug sein kann; dort ein verwöhnter
402 2465 1388 2526 wird vergiftet im ersten Akt. Und gleich der
2361 2473 3324 2539 und man spürt ordentlich, wie der Theatraliker
1386 2487 2357 2565 junger Mann aus gutem Hause ohne rechten Be¬
408 2514 1398 2593 Vater von der Tochter. Es wird erschossen im
2361 2512 3336 2594 dem Dichter einen Fußtritt gibt: laß mich ran;
1389 2528 2364 2594 ruf, hier ein junger Leutnant von den blauen
403 2530 1393 2614 zweiten Akt. Und gleich die Frau vom Ehemannn.
2354 2565 3266 2622 ich will Dir den „großen Erfolg“ machen ..
1386 2562 2362 2647 Kürassieren. Und der Leutnant, wie sein Vetter
421 2577 1392 2655 Es gibt ein Opfer der Schwindsucht im dritten
2364 2588 3332 2654 Ein alter Rittmeister, von seelischer Schuld der
1392 2599 2367 2680 aus der „Liebelei“, gefesselt an eine verheiratete
3317 2566 3440 2691 20
407 2622 1401 2690 Akt. Und gleich ein junges hübsches Mädel. Kurz:
2354 2619 3333 2698 Feigheit bedrückt, stirbt unter Schmerzen langsam
1390 2655 2365 2711 Frau. Wie sein Vetter vom Mann überführt.
3323 2675 3434 2723 den
407 2672 1408 2744 Herz, was begehrst du! Freilich: das Herz des
2364 2684 3339 2737 hin. Sein Hirn verkalkt. Er wird zum raffinier¬
1381 2672 2356 2753 Wie sein Vetter im zweiten Akt zum Tode be¬
3325 2717 3431 2764 des
406 2710 1407 2775 altfränkischen Theaterbesuchers, der für sein Geld
2354 2719 3347 2785 ten Quäler seiner einzigen Tochter. Er spürt ihren
1394 2724 2365 2790 reit, im letzten Akt erschossen. Die Aehnlichkeit
3313 2747 3438 2815 treu
415 2746 1405 2819 auch etwas anderes haben will als Worte, Worte,
2362 2754 3340 2819 Lebenshunger, ihren Liebesdurst, und mit sata¬
1402 2767 2366 2838 wäre leicht noch weiter zu verfolgen. Wie an einer
3323 2794 3433 2843 Won
420 2788 1399 2849 Worte und leise hinter den Worten tastende und
2363 2785 3345 2849 nischer Bosheit hält er sie an seinem Krankenstuhl
1391 2799 2362 2885 Kette liegt Schnitzler am „Liebelei“=Gedanken; aber
3327 2831 3448 2886 vor
415 2830 1401 2892 huschende und zerfließende Gefühle. Und doch, in
2358 2835 3347 2891 fest. Sie soll nicht genießen, soll aushalten bei
1398 2832 2362 2906 er rüttelt und reißt an der Kette und will aus
408 2864 1398 2926 diesem so erschrecklich robusten und muskulösen
2364 2852 3339 2934 ihm, soll sich winden unter seiner tückischen Rede,
1395 2885 2371 2945 dem weichen Frieden des Stimmungsstückes mit
426 2889 1405 2971 Stück, in dem ein Mädchen vergiftet, ein Oberst
2358 2914 3341 2966 unter der Folter seiner Grillen. Da dringt der
1393 2926 2365 3000 seiner Sentimentalität und Resignation hinauf bis
422 2948 1401 3009 erschießt, ein junges Regiment in den Tod reitet,
2361 2938 3347 3002 Ruf des Lebens zu ihr. Eine schwindsüchtige
1403 2952 2370 3022 zur Tragödie und den packenden Geschehnissen.
414 2976 1407 3040 eine Schwindsüchtige verröchelt, ist das Feinste und
2356 2989 3338 3045 Base, die ihres Lebens köstliche Neige mit gie¬
416 2989 2365 3090 Beste ein Unterton der Sehnsucht, der Wehmut,] Darum kommt Gift, Revolver Schwindsuchtstod
3327 3028 3444 3085 wehl
2360 3025 3342 3078 rigen Zügen trinkt, bringt ihr die Kunde, der
1391 3033 2373 3119 auf die Bühne. Darum müssen im Mittelakt
3325 3056 3436 3119 eine
424 3059 1403 3127 der Resignation, der deutlich vernehmbar für jedes
2363 3054 3349 3122 heimlich geliebte Mann, ein hübscher Junge in
1391 3075 2366 3160 gleich zwei Lauscher das furchtbare Geheimnis
426 3087 1409 3156 literarische Ohr aus dem erfolgreichsten Schnitzler¬
2368 3095 3439 3163 blauer Kürassieruniform, wird morgen in den TodSchl
1399 3114 2377 3188 erfahren; darum wird Schnitzler so unschnitzle¬
427 3133 1406 3200 schen Stück herüberklingt, das ihm (mit Recht)
2368 3125 3458 3208 reiten mit seinem Regiment. Nur diese Nacht ist pen
1406 3159 2362 3215 risch; und der Erfolg, den der erste Akt versprochen,
419 3168 1405 3234 den Namen gemacht hat: aus der „Liebelei“. Dort
2363 3188 3337 3246 er noch in der Stadt, nur diese Nacht lebt er
1405 3194 2365 3257 bleibt aus. Und trotzdem, hinter all diesen un¬
3325 3200 3421 3273 in
430 3203 1405 3274 in dem weichlich schönen, verträumten Wiener
2358 3204 3352 3282 noch. Das Leben ruft. Da mischt sie dem Vater
1808 3223 2385 3295 — wie selten, bei Schnitzler
1393 3240 1830 3313 wahren Figuren, die
432 3254 1403 3318 Stück fühlt's der alte Musikus Weiring, daß sein
1424 3295 3350 3331 — auch unwahr reden, Papier sprechen und in den Schlaftrunk stark, überstark, daß es sein To¬
430 3288 1406 3376 Töchterchen, die Christine, ihren Liebesfrühling er¬
1930 3287 3448 3351 stehen schöne, stille,destrunk wird, und der Hand der Leiche entreißtdürf
1398 3325 1953 3386 Phrasen sich verstricken —
3327 3336 3444 3389 am
418 3330 1408 3384 lebt, dem kein Ehe=Sommer folgen wird. Und
1404 3330 3342 3407 müde Gedanken. Was soll's mit all den großen! sie den Schlüssel, öffnet ihr Gesängnis und stürmt
420 3371 1413 3430 da ihn die Frau Nachbarin aufhetzen will gegen
432 3425 3441 3484 das Mädel, denkt er seiner früh gealterten] Worten — das ist so ungefähr der Sinn dieser in die Freiheit, ins Leben ... In der Kaserne,ben
2236 3452 2361 3528 2
2774 3437 2877 3537 7
1361 3458 1625 3574 G
