3484 4224
304 213 1468 319 19. Der Ruf des Lebens
1278 1297 1649 1401 Telephon 12.801.
1266 1408 1567 1495 Dt Wen
602 1430 1381 1533 — „OUSEHVER
551 1525 1643 1614 1 österr. behördl konz Unternehmen für Zeitungs-Ausschnitte
679 1586 1511 1679 Wien, I., Concordiaplatz 4.
875 1655 1304 1738 Vertretungen
547 1700 1627 1790 in Berlin, Budapest, Chicago, Christiania, Genf, Kopen¬
539 1764 1635 1836 hagen, London, Madrid, Mailand, Minneapolis, New-Vork,
580 1801 1587 1887 Paris, Rom, San Francisco, Stockholm, St. Petersburg.
883 1850 1313 1903 (Quellenangabe ohne Gewähr).
529 1888 913 1963 Ausschnitt aus:
729 1952 1629 2059 74. 4. Ssmdenblatt. Wies
519 1984 680 2052 vom:
504 2055 1794 2189 — Aus Prag, 23. d, wird uns telegraphiert: Das Schonspiel
364 2078 1786 2242 von Artur Schnitzler „Der Ruf des Lebens“, das bei der Berliner
364 2162 1785 2287 Uraufführung umgearveitet worden ist, erlebte heute im Neuen
360 2198 1817 2340 Deutschen Theater bei der Erstaufführung einen großen
351 2253 1457 2381 Ersotg. Der anwesende Dichter wurde zehnmal gerufen.
1644 197 2042 294 box 24/4
2163 1263 3382 1361 nicht der Wille derjenigen, die die Opfer zu bringen dukt einer wie
2145 1324 2298 1387 haben.
3122 1339 3383 1397 einer gerade
2263 1357 3345 1436 Was wir jetzt in Konstantinopel erlebt blickt. Es
2147 1410 3388 1482 haben, den unüberlegten Putsch einer Hofklique,gen des Wir
2142 1456 3390 1539 die kopflose Emeute einer Kammerdiener=Partei, gesetze zurück
2409 1572 2891 1692 Feuilleton.
2282 1706 3011 1806 Der Ruf des Lebens.
2372 1789 2893 1867 Zur heutigen Aufführung.
2223 1838 3077 1912 Der Ruf des Lebens ertönt aus allen Werke
2140 1891 3073 1962 Schnitzlers. Er ist der große Dichter und Verkünd
2142 1945 3055 2005 des Gebotes, das aller Kreatur von Anbeginn was
2135 1988 3054 2052 ihrer Natur nach mit allen Fibern sich zu bewec
2134 2031 3081 2095 und zu weiten und nicht zu ruhen, als bis alle
2149 2075 3085 2139 Streben erfüllt ist. Diese Bewegung kennt kein Halt
2141 2114 3075 2174 Selbst die Wurzel in ihrer lichtlosen Grube tast
2142 2170 3068 2237 unaufhaltsam weiter, durch hartes Gestein, went
2132 2201 3055 2259 nicht anders geht. Wie erst der Mensch, der all
2143 2248 3049 2296 hende! Oder doch auch blinde? Aber der Dich
2137 2294 3075 2347 kennt nicht nur das Gesetz des Werdens und Sein¬
2142 2330 3084 2400 sondern auch des Vergehens und er pflichtet nich
2137 2369 3103 2444 dem Spruch des alten Predigers bei: „Besser ein
2137 2427 3088 2482 lebendiger Hund als ein toter Löwe“. Auch sein
2128 2462 3097 2523 Personen haben ihr tragisches Maß in sich und ver¬
2133 2494 3102 2588 stehen zu sterben, wenn sie dem Ruf des Lebens nicht
2135 2554 2554 2612 mehr folgen können.
3081 2565 3138 2631 6
2219 2582 3150 2655 Um die Gewalt des Lebensrufs darzutun, hatsm
2125 2629 3157 2706 Artur Schnitzler ein ungeheures Wagnis unternom= Ei
2120 2685 3089 2745 men: er führt ein Mädchen durch Untreue, Mord
2125 2728 3165 2792 und Buhlerei, um ihm zum Schluß noch den Wegs sein
2131 2775 3153 2837 ins Leben zu weisen. Marie Moser hat den Forst=sch
2117 2818 3303 2879 adjunkten Eduard Rainer kennen gelernt, der sich hat und r
2117 2856 3341 2905 von seiner Braut Katharina wandte um Marie zulkommt nun
2130 2900 3390 2988 folgen. Marie glaubt Eduard zu lieben, da lernt sielliebten verabsch
