3436 4384
1582 235 2057 340 box 24/2
294 228 1563 343 19. Der Rufdes Lebans
2483 1377 2657 1508 K
1672 1498 2908 1564 dem Kasernenzimmer des Leutnants Max. Wenn der
481 1512 1272 1613 ug Feuileton.
1678 1549 2906 1612 Oberst seinen Offizieren das Wort abnahm, sich dem Tode
595 1576 789 1659 —
1686 1598 2901 1657 zu weihen und so als Held dasteht, tat er es wohl, weil —
1682 1635 2907 1700 seine Frau ihn betrügt; eben mit Leutnant Max. Marie
781 1625 1341 1722 Der Ruf des Lebens.
1691 1680 2901 1744 stürzt ins Zimmer und — hinter den Vorhang; denn eben
514 1689 1229 1784 Die Erstaufführung von Art
1307 1705 1669 1780 Schnitzlers
1681 1719 2915 1810 tritt Max mit der jungen Gattin des Obersten ein. Er
426 1737 1583 1821 „Ruf des Lebens“, die am Sam
1684 1765 2903 1834 soll für sie und mit ihr leben, was er seines Schwures
456 1798 1674 1854 sing=Theater stattfand, hat trotz des äußeren freilich
1673 1821 2897 1881 wegen ablehnt. Da steht der Oberst, den Fenstervorhang
424 1841 1661 1909 bestrittenen Erfolges dem tiefer Blickenden eine so herbe
1684 1856 2890 1936 zurückschlagend, vor beiden und nähert sich seiner Frau, die
433 1882 1663 1943 Enttäuschung bereitet, wie sie uns nur ein Dichter, den
1678 1903 2569 1967 Rechte geheimnisvoll in den Mantelfalten.
442 1930 1664 2002 wir hochschätzen, zuzufügen vermag. Das Schwächliche, ja
1871 1950 2688 2033 Bringt mit der Mordpistol sie um,
437 1978 1668 2035 Morbide dieser Zerfaserungspoesie, welche Leben und
1865 1988 2476 2068 Entsetze dich, o Publikum!“
427 2018 1657 2079 Sonne so gern mit herzlicher Freude grüßte, während ihr
431 2065 1671 2136 sogleich die Schleier des Todes und der Tränen dazwischen¬
1669 2048 2899 2136 Als Leutnant Max der Geliebten im Selbstmord folgen
429 2108 1653 2171 flattern, tritt immer unangenehmer zutage. Um so mehr,
1668 2117 2898 2164 will, stürzt Marie hinter ihrem Vorhang hervor. Beide
435 2157 1669 2212 als uns der Dichter diesmal äußerlich robust=dramatisch
1675 2146 2899 2228 durchtaumeln Brust an Brust die Nacht, worauf Max
426 2196 1668 2261 gekommen ist, wobei er Revolver Gift und die Lauscher
1679 2193 2339 2260 seinem Leben ein Ende macht.
433 2224 1664 2288 hinter den Vorhängen nicht schonte. Vatermord, Gatten¬
1756 2234 2886 2309 Aber Marie kann, wie uns der letzte, nur reflektie¬
432 2265 1669 2332 werd, Selbstmord und Schwindsucht spielen ihre Rolle.
1674 2273 2890 2348 rende Akt zeigt, trotz der Vergiftung des Vaters nicht
428 2321 1655 2394 „Drei Leichen sehen wir auf der Bühne, von der vierten
1671 2320 2895 2399 leben. Nach Schnitzler vermögen es nur die Todgeweihten,
435 2365 1656 2417 hören wir nur. Und der, ach, so weise Schnitzler=Arzt
1674 2371 2898 2423 welche den Opiumtrank des Sterbens bereit mit der Hand!
428 2409 1662 2476 spricht schließlich im letzten Akte, der unkünstlerisch die
1672 2416 2899 2468 erfassen, oder gleich den Schwindsüchtigen im Körper
433 2459 1651 2526 Summe des Ganzen zieht, die höchste Erkenntnis etwa in
1673 2462 2891 2515 tragen. Dafür ist uns Mosers Nichte Katharina ein Be¬
431 2488 1582 2548 den Worten aus: „Wer lebt, lebt; wer tot ist, ist tot.“
1667 2509 2895 2562 weis. Die scheinbar Gesunden stehen dem Leben von dem
526 2543 1659 2623 An der Seite des alten Moser, der trotz seiner Krank¬
1671 2540 2883 2623 sie ständig reden, ewig fern. Immer ist für sie Entsagung
429 2588 1662 2650 heit fieberhaft am Leben hängt, lebt seine Tochter, welcher
1667 2600 2891 2662 und weichliche Sentimentalität der Schluß, ein Boden, auf
423 2635 1660 2699 dieser Rabenvater keine Freude gönnt. Einzig seiner
1659 2632 2895 2710 dem die geknickten Lilien, be# ufelt von Tränen, vorzüg¬
428 2682 1652 2731 Pflege soll sie sich widmen und ihm ihre Jugend opfern.
1667 2671 1974 2750 lich wachsen.
426 2730 1657 2785 Moser ist einst als Rittmeister aus der Schlacht geflohen,
1754 2705 2885 2793 Ich muß gestehen, selten ein mir so durch und durch
419 2767 1649 2824 indem er so sein Regiment der blauen Kürassiere in
1660 2761 2881 2815 unsympathisches Stück gesehen zu haben. Der Dichter zer¬
416 2803 1652 2860 Schande stürzte, was aber nur er und seine Tochter weiß.
1659 2812 2880 2862 fasert unsere Empfindungen als Unwahrheiten und Vor¬
417 2864 1660 2912 Da soeben wieder Krieg ausgebrochen ist, haben aber sämt¬
1661 2856 2879 2917 urteile, um doch wieder zu ihnen zurückzukehren und sie
414 2894 1657 2960 liche Offiziere und Unteroffiziere des Regiments (??), um
1653 2888 2883 2955 zusammenzuleimen. Fast scheint es, als fehlte ihm jede
420 2939 1623 3003 die Schande von ihrer Fahne wieder abzuwaschen, ge¬
1657 2935 2884 2993 naive Lebensfreude und =gesundheit, das reiche lachende
428 2984 1646 3040 schworen, daß keiner lebend zurückkehren solle. Einen von
1660 2984 2890 3048 Dasein anders zu genießen als durch die krankhafte Auf¬
413 3023 1644 3092 ihnen hat Marie in den wenigen Stunden kennen gelernt,
1657 3029 2894 3075 stachelung im Angesicht des nahen Todes. So kann man
413 3074 1652 3118 während deren sie sich einst von ihrem Vater wegstahl.
1656 3072 2887 3136 diesmal auch nicht von Charakteren, sondern nur von
421 3119 1649 3178 Dem Alten gibt sie nun den Schlummertodestrank und
1645 3117 2881 3186 Theaterfiguren reden, die statt der von Schnitzler beabsich¬
414 3164 1647 3221 eilt, dem Rufe des Lebens folgend, zu dem Geliebten, um
1656 3163 2880 3220 tigten stilisierten Sprache einfach ein Journalisten= und
411 3205 1651 3284 die letzte Nacht vor dem Auszuge des Regiments mit ihm
1657 3202 2887 3266 Papierdeutsch im Munde führen. Was soll uns aber dieser
419 3245 850 3330 zusammen zu sein.
1655 3253 2888 3307 rührsame Hexenkessel eines jammernden Poeten voll Mut¬
503 3287 1645 3351 Nun hat Schnitzler den zweiten Akt, der gleich dem
1643 3301 2879 3360 losigkeit, Geistreichelei, Skepfis und Sentimentalität! Für
419 3326 1643 3387 dritten hinter dem Eingang des Dramas weit zurücksteht,
1659 3326 2880 3405 mich ist ein Dichter, wer das Leben liebt und neue Mög¬
408 3371 1636 3425 aus Erinnerungen an den „Rosenmontag“, „Zapfenstreich“
1643 3385 2873 3443 lichkeiten gestaltet nicht aber bloß Gefühle nutzlos
424 3426 2882 3505 und die „Liebelei“ stillos zusammengesetzt. Er spielt in zerpflückt. Als untersuchte ein Arzt einen Körper mit
2914 1499 3386 1570 scharfer Sonde imme
2913 1553 3372 1624 und treffend bemerkt:
2920 1598 3376 1662 Masse. Aber vielleich
2910 1640 3378 1710 artistisch und äußerlich
2919 1690 3375 1753 kurzem sein ganzes 9#
2923 1730 3363 1797 ihn sein „Ruf des L#
2918 1770 3368 1855 Trübsinn) als Dekade
