3248 4352
1541 161 1985 247 box 24/4
638 182 727 249 Ri
226 176 1383 280 19. Der des Lebens
1429 476 1800 568 Telephon 12 801.
869 656 910 695 —
930 571 1559 723 „OBSERVER“
703 719 1810 777 1 österr. behördl. konz. Unternehmen für Zeiturns-Ausschnitte
844 764 1688 858 Wien, I., Concordiaplatz 4.
1048 849 1467 908 Vertretungen
712 899 1791 958 in Berlin, Budapest, Chicago, Christiania, Genf, Kopen¬
715 949 1799 990 hagen, London, Madrid, Mailand, Mien polis, New-York,
741 973 1764 1028 Paris, Rom, San Francisco, Stockholm, St. Petersburg.
1031 1020 1493 1089 (Quslienangabe ohne Gewäh#l.
704 1038 1761 1173 Ausschnitt aus: Shiitfer Zeitung
944 1155 1184 1234 11 2 1
713 1176 944 1239 vom:
815 1299 1728 1366 [„Der Ruf des Lebens.“ Schauspiel von Artur
966 1363 1724 1416 Zum ersten Male am 9. Feber 1910.]
724 1356 1730 1476 ## in „Vorspiel auf dem Theater“ sich zu
729 1452 1730 1509 diesem Werke denken, so müßten Bühnenschriftsteller,
735 1499 1726 1570 Arzt und Dichter sich in die Rollen teilen. Diese
727 1545 1733 1609 drei Beruse in Schnitzler vereinigt, haben das Kunst¬
729 1595 1726 1670 werk zu Stande gebracht. Der Arzt, der „dam Nr.
747 1648 1723 1729 renden zum Leidenden und vom Leidenden zum Ir¬
1735 1645 2713 1737 schiedenheit auf, mit der Herr Riemann sich dem
750 1714 1717 1766 renden“ eist, hat auf seinem Wege all die Gestalten
1731 1720 2715 1782 Oberst gegenüberstellte; in der zweiten zeigte er fein,
737 1778 1719 1833 geschaut, die uns der Dichter vorführt. Ueberall hat
1730 1772 2707 1840 wie die Locungen der jungen, schönen Frau seinen
750 1814 1720 1878 er gesehen, wie mächtig der Lebenstrieb im Menschen
1728 1821 2710 1873 Mut und seine Festigkeit allmählich überwanden.
753 1865 1727 1932 waltet, wie er reißt und webt und zieht und hält.
1730 1874 2713 1928 Frl. Reimers, der die Episodenfigur der Obersten¬
752 1920 1719 1968 Das Leben hat den Rittmeister Moser gerufen, als
1738 1907 2711 1983 frau zugefallen war, spielte mit großer Wärme und
750 1956 1721 2016 er an der Spitze seiner Reiter die Schlacht erwar¬
1730 1965 2715 2031 echtem Gefühl. Die norigen Mitwirkenden, Frl.
742 2007 1724 2078 #tete und ihn plötzlich die Angst packte; wie er da sein
1737 2006 2723 2087 Böhm und die Herren Rubel (bis auf die un¬
743 2067 1720 2109 aufbäumendes Roß umriß und davonjagte, die ganze
1735 2064 2725 2129 leidliche Deklamation in der Szene mit Marie im
749 2112 1728 2172 Reiterei hinter sich herziehend. Und jetzt noch nach
1742 2099 2717 2177 1. Akt), Jäger, Sille, Burger und Mand:
749 2162 1726 2218 30 Jahren hält der 79jährige sich mit klammernden
1741 2163 2351 2225 wurden ihren Aufgaben gerecht.
752 2207 1729 2275 Händen am Leben fest und hofft sein neunzigstes
1818 2202 2724 2274 Für die Spielleitung zeichnete Herr Direktor
750 2258 1726 2318 Jahr zu erleben. Des Lebens Ruf erklingt vor allem
1737 2256 2727 2327 Klein; wie viel von der innerlichen Auffassung
748 2306 1725 2371 der 26jährigen Marie, die ihre Jugend an dem Kran¬
1738 2292 2726 2367 der Rollen auf seine Rechnung zu setzen ist, entzieht
759 2358 1731 2425 kenbette des alten, lebenszähen Vaters (Moser) ver¬
1747 2355 2730 2430 sich unserer Beobachtung; in Aeußerlichkeiten erwies
752 2405 1727 2455 trauert. Er erklingt mit solcher Wucht, daß sie
1743 2418 2721 2473 er sich teilweise als ungeschickt, so insbesondere mit
755 2447 1728 2520 durch die Strenge des Vaters, der ihr keine Minute
1745 2446 2738 2522 der elektrischen Lampe mit fast durchsichtigem Glas¬
1742 2501 2723 2575 schirm, die sehr blendete und die Schauspieler im
751 2541 1728 2604 sten getrieben, sich den Weg zum Geliebten über die
1747 2562 2214 2619 Dunkeln erscheinen ließ.
754 2599 1731 2653 Leiche des Vaters hinweg bahnt. Das Bewußtsein
1819 2612 2734 2675 Der Besuch war ziemlich gut; die Einführung
751 2636 1735 2716 ihres Rechtes auf Leben, Freude, Jugend ist so stark,
1747 2656 2538 2739 literarischer Abende ist sehr zu begrüßen.
752 2698 1728 2766 daß auch eine zweite Leiche ihr das Glück, den tod¬
2498 2694 2690 2773 Dr. B.
758 2739 1733 2808 geweihten Geliebten zu umarmen, nicht rauben kann.
758 2798 1745 2853 Dem Ruf des Lebens endlich folgt die schwindsüchtige
758 2846 1746 2902 Katharina, die die kurze Frist die ihr gegeben ist.
764 2887 1743 2959 in einem Taumel von Leidenschaft durchjagt. Zu
753 2929 1751 3011 diesen Beobachtungen des Arztes gesellte sich die
757 2988 1750 3046 Bühnenvertrautheit des Theaterschriftstellers und
766 3031 1759 3116 stellte wirksam Vatermord an den Schluß des ersten,
755 3081 1749 3152 Gattenmord an den Schluß des zweiten und den
759 3141 1757 3199 Tod der Schwindsüchtigen an den Schluß des dritten
760 3187 1757 3252 Aktes. Aber der Dichter verklärte den allmächtigen
757 3233 1760 3298 Trid zum Leben und schuf vor allem den dritten
760 3283 1749 3360 Akt, der voll wundersamer Poesie ist. Dieser letzte
762 3322 1826 3392 Akt, der das Schicksal Katharinas erzählt und zu; S¬
766 3373 1753 3455 Ende führt, ist wie ein Märchen; wenn er auch an
762 3429 1746 3477 theattalischer Wirksamkeit den beiden ersten nach¬
771 3486 1804 3560 steht, so ragt er an poetischer Stimmung weit über! 9
774 3532 1008 3592 sie hinaus.
858 3568 1753 3641 Der Oesterreicher Schnitzler mußte mit diesem
767 3603 1760 3677 Werke erst im Auslande sich Geltung verschaffen
782 3670 1754 3735 (1. Aufführung 24. Feber 1906, Lessingtheater Ber¬
769 3717 1752 3788 lin) und das Stück, das in Wien spielt, fand in
769 3766 1750 3817 Oesterreichs Hauptstadt erst drei Jahre später Ein¬
770 3816 1758 3887 gang (11. Dezember 1909, Deutsches Volkstheater,
776 3880 1750 3934 Wien). Unsere Bühne, die in letzter Zeit einen
771 3901 1760 3984 kleinen Aufschwung genommen hat und sich mit
777 3963 1763 4029 Erfolg bemüht, das verlorene Vertrauen des Pub¬
770 4004 1767 4087 likums wieder zu gewinnen, brachte das Stück in
777 4055 1385 4117 ziemlich vorteilhaftem Gewande.
