3484 4256
224 204 1369 303 19. Der Ruf des Lebens
939 1881 1309 1979 Telephon 12.801.
1095 2019 1161 2059 1
400 1996 1077 2165 „OBSERVER“
237 2113 1332 2233 I. österr. behördi konz. Unternehmen für Zeitungs-Ausschnitte
366 2186 1206 2308 Wien, I., Concordiaplatz 4.
574 2274 1017 2357 Vertretungen
255 2288 1341 2409 in Berlin, Budapest, Chicago, Christiania, Genf, Kopen¬
261 2351 1337 2449 hagen. London, Madrid, Mailand, Minneapolis, New-Vork,
282 2388 1293 2507 Paris, Rom, San Francisco, Stockholm, St. Petersburg.
589 2443 1025 2518 (Quslienangsbe ohne Gewähr).
261 2505 752 2606 Ausschnitt, aus:1919
986 2525 1227 2647 g. Berlin
760 2564 995 2651 Der
264 2626 747 2729 vom: 26. 4. 1322—
599 2803 981 2905 —erentsut verriehen.
246 2846 1083 3013 # Aliesshpinters Schene d
718 2888 1116 2973 m Dichter nach der
205 2925 1107 3094 Pene metden ientenseee n
185 2972 402 3048 hiuf
210 2961 1110 3128 Pren ie den ere eeene
207 2996 1117 3174 Pernie u eretenet un dere un
206 3042 1126 3199 gersen Piee ven tece eee un
226 3071 1134 3255 gersechen vernen Ar mater Kenene
233 3126 1140 3276 Prersent ielerererierte vee eun
229 3140 1186 3339 mre Rertee ie. aeen Wek¬
247 3269 591 3372 zehnmal gerufen.
1526 190 1993 289 box 24/4
2421 469 2796 559 Telephon 12.801.
1928 568 2545 723 „OBSERVER“
1699 684 2802 781 1 österr. behördl. konz. Unternehmen für Zeitungs-Ausschaltte
1848 766 2684 862 Wien, I., Concordiaplatz 4.
2045 835 2480 911 Vertretungen
1714 886 2804 970 in Berlin, Budapest, Chicago, Christiania, Genf, Kopen¬
1713 921 2799 1003 hagen, London, Madrid, Mailand, Minneapolis. New-Vork,
1759 961 2770 1064 Paris, Rom ben Frangisgo, Sföckheich Big Ptersburg.
2067 1014 2438 1073 (Gustientafabe eade E#h
1719 1090 2077 1163 Ausschnitt, aus
1980 1116 2205 1200 APh.1909
1723 1187 1863 1260 vom:
1865 1298 2547 1401 Theater und Kunst.
1912 1389 2466 1480 Der Ruf des Lebens.
1784 1452 2638 1539 Schauspiel in drei Akten von Arthur Schnitzler.
1925 1499 2491 1582 Aufführung im Neuen Theater¬
1815 1548 2700 1645 Vor einem vollen Haus ging gestern die
1715 1597 2693 1675 jüngste Tragödie Arthur Schnitzlers in Szene. Von
1725 1652 2698 1715 Anfang an wußte sie durch das mächtig pulsierende
1717 1688 2701 1762 Leben, durch die interessanten Charaktere zu fesseln
1724 1724 2700 1816 und durch ihre dichterischen Schönheiten zu er¬
1723 1763 2711 1851 greifen. Man fühlte sich in dem Bann eines
1729 1816 2699 1896 Dichters, der nicht zögert, dem Hörer zu mißfallen,
1727 1867 2700 1943 wenn es ihm nur gelingt, ihn zu überzeugen, eines
1724 1917 2714 1987 Dichters, der in weiterem Maße als je vorher die
1731 1956 2717 2033 „Kühnhen gehabt hat, das auszusprechen und Ge¬
1731 1996 2717 2064 stalt werden zu lassen, was die Wissenden sonst
1723 2037 2754 2116 einander zuraunen oder mitleidig verdecken. Min —
1722 2081 2720 2159 würde fehlgehen zu glauben, daß Schnitzler eta#
1735 2122 2718 2205 ein Tendenzdrama hat schreiben wollen. Er kündet:
1730 2160 2714 2238 den Rüf des Lebens und zeigt an einer ganzen
1737 2212 2714 2287 Reihe von Personen, wie verhangnisvoll er wird,
1740 2258 2715 2326 ob nun dieser Ruf wirklich erklang, oder nur
1731 2311 2711 2384 die Täuschung einer erregten Phantasie ge¬
1727 2359 1955 2442 wesen ist.
1854 2381 2718 2453 Die mächtigste Wirkung hatte der zweite
1731 2429 2718 2490 Akt, der eine ganze Reihe wirkungsvoller Ge¬
1743 2467 2720 2550 schehnisse in rascher Steigerung auseinanderhäuft
1744 2519 2729 2586 und auch schauspielerisch die dankbarsten Handhaben
1737 2562 2714 2623 bietet. Aber auch der dritte letzte Akt hielt das
1751 2606 2729 2677 teilnahmsvolle Interesse wach. Er ist naturgemäß
1745 2659 2722 2710 inur ein Ausklang und eine Perspektive zu jener
1742 2691 2718 2766 Sühne, die der Dichter nach den Gewalttaten des
1753 2735 2716 2808 ersten und zweiten Aktes absichtlich vermied. Es
1754 2785 2732 2849 bedarf wohl auch nichts mehr. Denn es braucht
1751 2821 2723 2896 uns im dritten Akt nichts bewiesen zu werden, was
1751 2865 2725 2947 #wir nicht nach dem zweiten Akt schon wissen. In
1745 2917 2725 3002 der gegendie Blchaußgabe etwas veranderten
1762 2983 2737 3050 Gestalt des dritten Aktes tritt die Erscheinung der
1762 3028 2728 3090 Katharina stärker in den Vordergrund
1763 3050 2738 3140 während Marie nur noch die Aufgabe hat, sich
1766 3113 2348 3192 vor sich selbst zu rechtfertigen.
1860 3136 2737 3218 Das Stück war fast durchwegs gut beseßzt.
1754 3211 2739 3255 Vor allen ist Fräulein Medelsky als Marie zu
1767 3249 2730 3313 nennen, die die verbissene Resignation vortrefflich
1771 3287 2742 3354 zum Ausdruck brachte und den halben Atem der
1771 3329 2729 3383 fieberhaften Erwartung mit großer Wahrheit dar¬
1770 3371 2740 3435 stellte. Frl. Fels gab der Katharina, der dem
1770 3412 2734 3480 Tode geweihten Schwindsüchtigen, deren Sinnlich¬
1772 3460 2735 3517 keit durch ihre Krankheit erhöht wird, einen visi¬
1772 3503 2741 3567 onären Ausdruck, den sie erfolgreich mit dem kind¬
1772 3552 2744 3607 lichen Ton des Töchterleins abwechseln ließ. Frl.
1763 3590 2751 3662 von Helling stieg in der einzigen Szene, die sie
1766 3643 2742 3692 als Oberstenfrau hat, zu beträchtlicher leidenschaft¬
1766 3673 2759 3730 licher Stärke empor. Frl. Klein, die Blutsver¬
1776 3729 2762 3786 wandte des alten Weiring, hatte natürliche, innige
1773 3761 2752 3824 Töne. Von den Herren ist zunächst Herr Onno
1775 3806 2755 3883 als Leutenant Max zu nennen, dessen todessichere
1775 3847 2762 3913 Entschlossenheit von Schleiern der Wehmut um¬
1775 3893 2751 3950 hüllt war. Herr Max Schütz greinte den alten
1788 3924 2759 4000 Moser mit treffender Charakteristik und erreichte
1789 3983 2755 4035 einen Höhepunkt in der Erzählung seiner Fahnen¬
1783 4022 2768 4084 flucht. Die Vorzüge ihres Könnens und Verstehens
1783 4060 2754 4130 erwiesen die Herren Manning (Dr. Schindler,)
2198 4111 2762 4157 Faber (Oberst' Balder
