3436 4352
240 163 1482 282 19. Der Ruf des Lebens
1554 179 2017 279 box 24/2
1018 952 1735 1020 die Moskauer Gäste zu sagen haben,
1755 976 2486 1042 gende, einem Einzelnen zuerteilte
1020 996 1735 1079 spricht doch aus der Darstellungsart
1761 1033 2475 1099 Rede=Abschnitte aufweist. Diese zu
1025 1059 1744 1132 ihrer modernen Stücke. Tschechows
1751 1071 2486 1143 gliedern, die Worte des andern in
1029 1101 1735 1172 „Onkel Wanja“, so undramatisch die¬
1755 1126 2482 1199 sie eingreifen zu lassen und beide an¬
1018 1159 1735 1225 ses melancholische Lied des flügel¬
1761 1177 2477 1238 einander zu entzünden, ist eine Auf¬
1019 1212 1733 1272 lahmen russischen Pessimismus von
1748 1221 2469 1295 gabe, die die von den Herren Stanis¬
1016 1250 1725 1331 heute verklingt, ist insofern bedeu¬
1754 1283 2461 1347 lewski und Wladimir Nemirowitsch¬
1010 1304 1735 1372 tungsvoll, als hier die vom Wort
1750 1330 2458 1387 Dantschenko geleitete Regie in einer
1020 1342 1728 1425 in die Geberde oder geradezu ins
1740 1373 2469 1437 beispiellos glänzenden, alle Kritik ent¬
1023 1404 1735 1471 Schweigen verlegte Psychologie der
1746 1430 2466 1491 waffnenden Weise gelöst hat. Hier
1012 1445 1725 1525 modernen Dramatik auf die äußerste
1744 1475 2463 1528 vornehmlich werden wir von den
1015 1498 1729 1573 Spitze getrieben ist. Noch vor wenigen
1748 1522 2473 1583 Russen lernen müssen, wenn wir
1011 1555 1724 1619 Jahren würde sich unsere eigene Dar¬
1742 1567 2471 1640 nicht etwa wieder einmal die guten
1007 1593 1732 1668 stellungskunst vor dieser scheinbar
1736 1621 2470 1688 Lehren und Errungenschaften des
1014 1652 1717 1710 glatten und platten Fläche vorgekom¬
1746 1665 2460 1735 heute schon so tapfer geschmähten
1005 1703 1716 1762 men sein wie der Storch in der Fabel,
1742 1724 2460 1776 Naturalismus in Bausch und Bogen
1013 1743 1715 1811 der von einem Teller trinken soll und
1738 1760 2301 1823 über Bord werfen wollen.
1011 1793 1726 1868 das, obgleich doch der dramatische Na¬
2109 1815 2456 1876 Friedrich Düsel
1005 1850 1722 1910 turalismus bei uns seine literarische
1004 1888 1720 1967 Heimat hatte. Inzwischen freilich hat
1789 1920 2375 1984 SHeine in der Muserk
999 1941 1720 2011 der puritanische Andeutungsstil hier¬
1809 1970 2455 2034 Gelegentlich von Heines Todes¬
1005 1987 1712 2066 zulande solche Fortschritte gemacht,
1730 2009 2447 2077 tag ist natürlich wieder davon die
1007 2046 1716 2106 daß wir uns schon wieder nach dem
1726 2064 2457 2128 Rede gewesen, daß er der meisckompo¬
1012 2087 1713 2160 Fluß und der Fülle des Pathos
1730 2111 2453 2173 nierte Dichter ist. Gibt doch Böhme
1002 2138 1713 2209 sehnen. Während sich bei uns so die
1726 2157 2459 2215 die Zahl der Vertonungen des Lie¬
993 2195 1716 2251 Extreme jagen, erfreuen sich die Mos¬
1729 2209 2452 2275 des „Du bist wie eine Blume“ mit
985 2239 1713 2304 kauer einer glücklichen Mitte. Unüber¬
1731 2268 2457 2328 etwa 300 an! Und eines steht fest:
997 2283 1708 2358 trefflich in der zeichnenden (nicht stri¬
1730 2300 2458 2375 daß Heine nicht den kleinsten Teil sei¬
1000 2343 1708 2407 chelnden!) Geste und im stummen
1731 2357 2451 2421 ner Volkstümlichkeit wirklich den Mu¬
991 2384 1712 2455 Spiel, wissen sie doch auch dem dich¬
1735 2409 2444 2476 sikern zu verdanken hat. Das deutsche
992 2441 1711 2503 terischen Wort in seinem Ausdrucks¬
1730 2457 2443 2514 Bürgertum um die Mitte des 19. Jahr¬
992 2478 1713 2553 willen überall nachzuhelfen, indem
1729 2507 2439 2561 hunderts wäre sicher zu ehrenfest und
993 2534 1709 2607 sie die Sätze, wie es bei uns eine
1725 2552 2436 2627 vielleicht auch zu philiströs gewesen,
985 2588 1706 2656 Zeitlang Mode war, nicht etwa zer¬
1725 2597 2438 2666 um Gefallen zu finden an den koket¬
988 2635 1703 2696 hacken und zerreiben, sondern im
1725 2651 2432 2714 ten, ironischen, witzigen Liebesliedern,
992 2678 1711 2749 Gegenteil erst recht auflockern und
1722 2698 2441 2778 mit denen Heine den Ton der Roman¬
982 2736 1699 2797 entfalten. Geradezu meisterhaft und
1719 2754 2441 2815 tik anschläg“, um ihn zu persiflieren,
983 2780 1703 2852 vollendet aber muß uns ihre Kunst
1721 2792 2444 2873 wenn die Komponisten den Scherz
988 2832 1700 2893 erscheinen, wenn wir beobachten, wie
1716 2848 2434 2918 nicht ernst genommen und die Ge¬
981 2880 1701 2949 sie nun dieses Spiel der Einzelnen
1714 2904 2436 2975 dichte nicht gutgläubig umgestimmt
982 2937 1700 2987 ineinandergreifen lassen. Ich habe in
1714 2947 2441 3015 hätten. Was Heine so „leicht kom¬
988 2980 1706 3050 den vier Akten des Tschechowschen
1715 2988 2431 3063 ponierbar“ macht, ist gewiß nicht
979 3020 1690 3099 Stückes auch nicht eine einzige tote
1713 3050 2435 3114 nur der melodische Tonfall und die
987 3076 1701 3145 Gruppe oder Stellung bemerkt, alles
1717 3095 2425 3170 Anmut seiner Verse; nicht nur die
977 3127 1687 3190 webt und lebt sich ungezwungen in¬
1703 3148 2435 3212 volksliedartige Strophenbildung und
981 3168 1691 3243 einander und schafft sich selber die
1711 3182 2420 3257 Syntax, sondern gewiß auch der
979 3229 1686 3291 natürlichsten, ebensten Uebergänge, ob¬
1714 3235 2433 3306 Umstand, daß seine dichterische
975 3270 1691 3332 gleich der Dialog der dramatischen
1703 3281 2425 3363 Sprache keiner sehr starken An¬
969 3315 1691 3394 Beweglichkeit wenig entgegenkommt,
1715 3330 2423 3410 schauung entspringt und also auch
965 3373 2417 3445 vielmehr oft lange zusammenhän= kein sehr starkes Nachschauen verlangt.
952 3423 1365 3542 □2 Minheit 00.
2284 3456 2400 3541 60
2539 1933 2732 1996 Musik
