3436 4384
921 224 1004 284 d
297 206 1452 327 19. Der Ruf Lebens
1610 227 2076 318 box 24/2
202 1255 1015 1348 r jeder Wiederkehr desselben die Macht¬
1038 1261 2136 1340 schwächen. Im ganzen stehen zehn Kompagnien
193 1323 1012 1376 keiches dort unten nicht wesentlich ver¬
1041 1345 2127 1407 mit sechs Geschützen, etwa 1000 Mann, den Auf¬
1086 1443 2145 1502 Marie Moser, ein Mädchen von sechsundzwanzig
184 1420 820 1507 er Ruf des Lebens.“
1048 1484 2133 1548 Jahren, ist wie eine Besessene diesem Ruf gefolgt.
191 1492 770 1573 Schauspiel von Artur Schnitzler.
1049 1531 2127 1589 Auf die äußerste Spitze getrieben sind alle Umstände,
193 1550 894 1647 ufführung im Lessing'Theäter.
1053 1574 2139 1640 die sie dazu drängten. Als Überspannung wirkt hier
1045 1635 2142 1700 alles, nicht als innerlich erhöhtes Gefühl. Wer ist
185 1642 1006 1718 a in der Mitte des vorigen Jahrhunderts
1041 1680 2131 1728 diese Marie Moser, daß sie sich vermessen darf ihrer
184 1703 1014 1772 rreich.“ — So verkündet der Theater¬
1050 1726 2129 1780 drei Todsünden, der Untreue, der Buhlerei und des
232 1755 1013 1811 Schnitzler hat sein Drama in die
1055 1774 2127 1824 Mordes, sich zu rühmen? Wir sind nicht volle Zeugen
180 1798 1013 1876 stundvierzig verlegt. Die außerorbent¬
1045 1811 2134 1880 ihrer wilden Leidenschaft. Wir erleben nicht mit, wie
193 1858 1012 1917 nge des Stückes wären durch die Er¬
1049 1862 2129 1932 ihre Entschlüsse keimen und reifen. Sie lebt unmutig
202 1890 1002 1963 Tage leichter erklärt worden. Sie be¬
1042 1923 2130 1974 neben einem Vater, den trübe Erinnerungen, hohes
198 1957 1015 2009 Gebiet der Ekstasen. Doch weder aus
1044 1959 2139 2037 Greisenalter und verzweifelte Lebensangst unleidlich ge¬
194 2006 1016 2068 Zeitepoche noch aus den Erlebnissen
1037 2015 2138 2079 macht haben. Sie erträgt ein kleinliches Geschick wie
183 2047 1010 2096 den Personen ergibt sich die Ekstase
1042 2066 2132 2128 andere bedrückte Mädchen auch. Sie hat keine besonderen
181 2088 1006 2163 gezwungen. Scheinglut brennt in ihr.
1041 2118 2133 2169 Züge; und ihr sollte man den Empörertrotz zumuten, der
190 2151 1000 2207 nöchte man hinhorchen, wie man einem
1043 2160 2128 2229 vor Vatermord nicht schaudert und dem Leutnant
189 2192 998 2242 n folgt. Hintendrein kommen die Be¬
1037 2206 2132 2280 von den blauen Kürassieren zufliegt? Ein starker
202 2242 1009 2314 über die Schnitzlers Kraft nicht mit
1037 2262 2126 2307 Dramatiker hätte ihre Gewissenskämpfe bis in die
183 2281 442 2347 heben kann.
1042 2301 2138 2356 Wurzeln bloßgelegt. Ibsen läßt uns aus der Ver¬
188 2328 1002 2405 Gott, zu dem wir nicht beten, aber an
1036 2355 2121 2403 gangenheit eine Frau Alwing. ihren Willen und die
186 2381 996 2440 glauben müssen“, spricht einmal ein ab¬
1042 2402 2133 2461 tragische Ironie, wie ihr Wille zerbricht, begreifen.
176 2432 1009 2503 atender Arzt in Schnitzlers Drama; und
1041 2451 2133 2516 Aus Vergangenem möchte auch Schnitzler er¬
179 2479 1015 2534 t, ob Schnitzler nicht selber gerade zu
1034 2496 2124 2549 läutern, wie die Personen in seinem Drama zur
174 2535 1006 2594 ebetet hatte, an den er nicht mit rechter
1029 2547 2125 2618 notwendigen Tat fortschreiten müssen. Aber Marie
174 2589 1004 2641 ubt. Mich ergriff das Gedankliche im
1038 2599 2123 2663 Moser, ihr Leutnant Max und selbst ein romantisch
176 2627 999 2697 ens“, nicht so sehr die anschauliche Mocht;
1042 2646 2121 2698 verflogenes Dirnchen, die junge, kranke Katharina,
173 2678 1005 2737 schluß erschien s mir, als schlüge das
1025 2682 2127 2740 die in einen frühen Tod tänzelt, handeln, wie wenn
190 2728 1009 2786 angeschlagenen Themas in ungewollte
1036 2737 2138 2805 sie nicht durch ihre eigentümlichen Erlebnisse über¬
199 2771 1007 2837 Jedenfalls entließ mich die Dichtung
1041 2777 1459 2842 hitzt worden wären.
194 2818 1004 2889 rglichen Resignation: Was ist aller
1073 2835 2124 2904 Die Phantasie ihres Schöpfers quält sich ab, für die
198 2858 853 2930 Sturm im „Ruf des Lebens“?
1026 2890 2123 2955 ungemeinen Taten Voraussetzungen zu schaffen, die
2716 1226 3282 1313 za den Waffen
2165 1304 3270 1375 greifen, und wenn Herr Oberst von Deimling wieder
2159 1368 3263 1423 zu dem Ergebnis kam, daß man zurzeit auch nicht
2171 1438 3262 1494 doch wieder als erklügeltes Raffinement sich dar¬
2169 1493 3268 1564 stellen. Man kann sich mit diesen Voraussetzungen
2169 1548 3255 1610 nur befreunden, wenn man zugeben will: Unter
2166 1597 3257 1662 Tausenden von Möglichkeiten könnte die eine im „Ruf
2167 1641 3263 1704 des Lebens“ auch wohl möglich sein. Sie könnte,
2167 1688 3266 1742 aber sie müßte nicht möglich sein. Denn sie spielt
2170 1742 3260 1809 sich in der Hauptsache nicht ab. Schnitzler möchte
2157 1801 3262 1851 uns dramatisch überzeugen. Aber er erzählt uns nur
2171 1835 3263 1905 von einem seltsamen Fall; mit vielem Geschick im
2171 1890 3263 1947 einzelnen, mit gedankenreichen Betrachtungen, mit
2159 1935 3262 1984 lyrisch bewegten Worten über Leben und Lebenswert.
2165 1977 3261 2044 Mehr ein Räsoneur, der sich in Dialogformen aus¬
2165 2024 2944 2080 spricht, als der geborene Dramatiker.
2210 2069 3251 2144 Letzte Stunden sind es, die Marie Moser mit ihrem
2166 2108 3254 2184 Leutnant verbringt. Letzte Stunden für der Leutnant.
2166 2172 3245 2241 Die blauen Kürassiere müssen in den sicheren Tod.
2161 2214 3254 2275 Für sie gilt das Wort nicht: Es trifft nicht jede Kugel.
2168 2270 3263 2329 Sie sind entschlossen, ihr Regiment von einem Makel
2170 2326 3264 2383 zu reinigen. Sie haben sich insgesamt dem Tode
2165 2359 2355 2423 geweiht.
2201 2417 3251 2477 Eine Exaltation, die nicht glaubhaft wird. Der
2162 2462 3248 2529 Dichter selber muß sich erst an ihr berauschen. Die
2156 2511 3245 2573 Exaltation entspringt einer förmlichen Legende, die
2148 2565 3243 2608 in den Lüften schwirrt. Vor dreißig Jahren hat eine
2155 2603 3239 2668 Schwadron blauer Kürassiere kopflos Unheil ange¬
2149 2660 3243 2724 richtet; dafür muß nunmehr das „ganze Regiment“
2163 2703 2530 2760 sich „entsühnen“.
2191 2745 3235 2816 Hört denn im Krieg jedes Zweckbewußtsein auf?
2157 2802 3236 2858 Es geht nicht an, aus solchen Prämissen weitere
2159 2846 3247 2915 Folgerungen zu ziehen. Man verlöre sich ins Blaue.
2163 2896 3242 2967 Im Nebel verrinnen die weiteren Begebenheiten, und
