3436 4320
831 163 1024 234 des
1475 165 1985 267 box 24/1
201 163 1383 269 19. Der Ruf  Lebens
1270 717 1345 782 K
2550 738 3321 816 villes dars lesquelles cette cultur
485 756 2565 863 nois, tout pousse mienx, que les Viennois pren-[ deux donzaines de jeunes gens qui savent ce
2564 779 3330 865 depuis longtemps. Et un art nai
121 793 499 878 non seulement
1521 809 2570 899 que c’est que le théätre, qui se sont distingués
497 839 1525 904 nent plus aisément racine à Berlin que les Ber¬
2567 833 3333 914 ment n’importe od7.,. A merveil
126 859 491 915 ahauteur mais
1531 847 2572 930 Comme hömmes de théätre, c’est le vieux
486 878 1527 949 linois à Vienné. Mais cela n’est pas exact. Avant
2566 876 3324 956 faut pas oublier que les nouvea
122 902 487 962 irestdt à latete
1527 887 2568 973 Ludwig Barnay qui a été appelé cette année à
496 911 1520 996 tout, on peut faire partout un théätre de pre¬
2563 929 3309 1010 quelque temps dans des langes.
119 941 493 1010 er vint. II prit
1526 950 2558 1024 la direction du Théatre Royal. Un vieillard qui
494 970 1522 1032 mier ordre, et on n'a pas besoin pour cela de
2612 965 3330 1042 Berlin voit ses théatres nouveau
138 981 496 1051 admirable uti¬
1523 984 2572 1070 se trouve en face des temps nouveaux, de l’art
487 1003 1540 1079 Tessor de la puissance économique d'une
2572 1017 3334 1079 leur vigueur et les acclame d’e
125 1024 500 1101 pour des chefs¬
1521 1035 2575 1095 nouveau, des générations nouvelles, sans étre
488 1054 1532 1140 grande ville. Meiningen P’a prouvéenson temps,
2568 1064 3303 1136 semble qui date de deux ou trois
120 1058 489 1141 al, Otto Ernst,
1524 1087 2573 1145 préparé à les comprendre, un homme de la
498 1081 1526 1169 Moscou le möntre à présent. Et à Vienne, sous
2567 1094 3328 1172 directeur économe a complété p
116 1106 505 1190 il avait autre¬
1543 1117 2567 1191 viellle école, qui n'a pas la capacité de s’adapter
501 1141 1538 1205 ladirection de l’autochtone Burckhardt, le Burg¬
2576 1136 3295 1208 acieurs est admiré à cause C
126 1163 496 1222 fadaises et tous
1534 1158 2575 1233 aux besoins modernes. Sa nomination a causé
498 1176 1527 1238 theater avait pris un développement moderne.
2574 1190 3328 1269 Les jeunes acteurs viennois qui s
124 1204 497 1268 veau artistique
1541 1202 2585 1278 une grande surprise, mais on a bientôt compris
500 1230 1533 1302 Ibsen, Hauptmann, Schnitzler ort été joués, et
2571 1206 3329 1311 servatoire et qui sont engagés in
114 1243 504 1324 cettes. Quant à
1534 1233 2583 1328 ce que l’on avail voulu faire. e Les choses restent
511 1272 1536 1344 on avait essayé de rajeunir le répertoire classi¬
2571 1281 3326 1334 dans de grands théätres berlinois
136 1277 503 1361 quant à Haupt¬
1537 1297 2580 1374 en l’état y, et elies resteront en l’état. II s’était
501 1304 1533 1390 que. Tout cela avait été possible et rien ne s’op¬
2576 1319 3314 1392 paradis. Les directeurs berlinois
138 1326 500 1407 t un gros livre,
1542 1329 2579 1417 si profondément retiré dans la retraite, il avait
497 1357 1538 1432 posait à un progrès continu. Au contraire, les
2580 1359 3323 1421 oser confier de grands röles à d
113 1377 503 1445 Nesvrais auteurs,
1534 1371 2579 1446 considéré si pleinement que son labeur quoti¬
496 1401 1544 1464 fonctionnaires impériaux autrichiens eussent
2585 1395 3335 1479 Ils foni jouer leurs meilleurs act
119 1414 513 1485 nistré 1e Burg¬
1546 1419 2582 1494 dien était terminé, qu'il avait déjà écrit ses
504 1453 1536 1517 6té mienx disposés et respectneux pour le Prus¬
2584 1437 3331 1529 mière devant la presse. Dans les
114 1468 500 1532 ant quelconque
1547 1467 2588 1543 mémoires il yaquatre ans. M. Barnay ne se
516 1480 1545 1560 sien de caractère Schlenther, que ses propres
2590 1491 3273 1559 qui suivent, viennent les einc
121 1506 518 1576 ce, qui n'aurait
1539 1522 2010 1588 transformera plus.
514 1531 1539 1603 fonctionnaires ne T'avaient été pour Burckhardt
2579 1545 3321 1602 et septièmes remplaçants, et le. #
123 1551 512 1617 ucierait pas plus
1589 1547 2586 1637 Cette position isolée du Théätre Royal à Berlin
513 1580 1546 1642 donton n'avait jamais pris l’essoren bonne part.
2581 1582 3332 1650 leur tour. Le public s’en aperçoit
123 1588 508 1671 omposerait son
1542 1604 2583 1689 a pour conséquence qu'il reste assez de place
504 1625 1548 1686 Mais Schlenther n'a pas de caractère etil atout
2589 1617 3328 1690 tisfait quand ## seul des célebre
130 1636 507 1700 de la caisse. M.
1547 1657 2592 1729 pour les autres théätres; il y a de la place
515 1664 1544 1733 simplement interrompu le développement du
2579 1658 3337 1730 fait de jolies Cconcmies sur les
119 1685 505 1755 province. II pos¬
1540 1691 2584 1765 pour Brahm, pour Reinhardt et peur tous les
2591 1713 3345 1783 teurs. Les jeuncs gens de Vienn
512 1716 842 1789 Burgtheater.
135 1717 513 1786 T’avait suffisam¬
1541 1724 2597 1801 antres. C’est pourquoi, à Berlin, ceste concur¬
551 1742 1544 1813 En faisant cela, il a retenu en méme temps
2597 1750 3327 1821 siasmés de cei., ils vantent Ba
120 1753 519 1836 doiten conclure
1551 1776 2595 1854 rence vivace est possible, c’est pourquoi ces
499 1792 1548 1859 le développement de la vie théátrale vien¬
2593 1800 3328 1871 façon et insultent Vienne, ou
114 1814 511 1877 ntre son propre
1553 1819 2589 1892 efforts, ces recherches, ces peines laborieuses,
503 1835 1555 1901 noise, il a empéché en général le progrès
2596 1831 3326 1921 pas des débulauts maladroits d
121 1856 507 1920 kela énigmatique.
1554 1853 2598 1951 hátives et diverses sont possibles, c’est pour¬
2601 1872 3324 1957 gore toutes les inexpériences de
517 1883 1550 1949 des scènes viennoises, car le Burgtheater joue
126 1893 504 1966 niait son passé,
1553 1897 2602 1983 quoi ce changement de mode et de style, qui
522 1916 1546 1992 à Vienne un röle tout particulier. C’est ce qu'on
2626 1925 3329 1996 Max Reinbardt a de nouveau
116 1948 513 2009 lourdes pièces,
1546 1948 2611 2024 ressemble à unc véritable vie artistique est pos¬
2598 1969 3328 2046 représentations classiquesavecl
511 1949 1558 2037 pourrait appeler la scène nationale allemande
113 1985 526 2056 rne éloignée du
1560 2017 1730 2080 sible.
521 2014 1546 2076 de l’Autriche. C’est peut-étre le seul théätre
2603 2007 3322 2084 décoration, par sa misc en scène
115 2031 516 2096 utes les inclina¬
1598 2035 2599 2114 Si on veut le formuler, cet état se résume
521 2069 1561 2124 vraiment national qu'ily ait en Allemagne, et
2588 2045 3330 2137 nuit d’été, et il a représenté cet
119 2076 524 2136 Etionnaires impé¬
516 2103 1556 2190 pour les traditions, pour l’autorité, pour l’in¬
1560 2095 2601 2168 ainsi. A Vienne, il existe un art grand, vieil et
2605 2096 3335 2181 il est entré au-Théätre Alleman
124 2110 522 2182 tant de souples¬
2605 2147 3324 2217 de Venise, de Shakespeare, et Ka
1556 2134 2605 2208 riche; il est déjà acquis, il a déjà imprégné tout
521 2140 1561 2215 Huence sur la culture générale, il ne peut étre
117 2161 527 2223 Prussien de vieille
2600 2190 3323 2262 bronn, de Kleist, avec une mise
521 2182 1558 2246 comparé qu'à la Comédie-Française. A Vienne,
1564 2162 2601 2264 le peuple d’un goüt sür. Vienne est silencieuse,
122 2201 531 2279 ir pris un homme
1560 2230 2608 2302 marche lentement de nouveau en avant, f’est
2614 2221 3360 2296 velle. Les décors étaient de pes
533 2228 1562 2300 en tout cas, il est l’étalon avec lequel on est
116 2250 521 2323 Squi sans faiblesse
1555 2272 2615 2349 pas agitée par les idées fugitives qui ne vivent
2609 2271 3336 2344 les costumes, lesmenbles, les ac
518 2266 1555 2350 habitué à mesurer depuis le temps des ancétres.
116 2296 521 2359 t devant lui. Et
1560 2320 2601 2387 qu'un jour, et croft d’une façon organique,
2613 2316 3333 2384 beaux et de style. Berlin était
513 2290 1565 2373 A Vienne, les gens sont élevés depuis leur en¬
115 2339 536 2399 sionné de voir au
2612 2370 3331 2434 Mais cequi pour Berlin est,e
1577 2361 2091 2435 comme un vieil arbre.
528 2361 1569 2435 fance & trouver juste bon le meilleur des meil¬
120 2374 529 2460 ignenx, marchant
2609 2410 3289 2468 nouveau- et extraordinaire,e
526 2391 1571 2472 leurs. C’est avec ces goüts affinés et élevés
1605 2402 2610 2485 A Berlin, un art doit naitre, étre congu, étre
119 2418 336 2489 erreur.
2611 2436 3327 2531 suffisant et tout naturel. Pers
534 2443 1570 2525 jusqu'à la subtilité, qu'ils vont dans les théätres
1568 2463 2613 2539 fondé. Tout est là: richesse, puissance politi¬
118 2452 519 2529 ilfaut rendre res¬
2610 2497 3325 2557 pris, à Vienne, quant au Burgth
528 2494 1573 2586 privés et ils ne réfféchissent pas que ces schnes
1562 2498 2618 2578 que, puissance économique; il n’v a que l’art
118 2517 527 2579 eencore des viell¬
2605 2535 3329 2626 se leve ct découvre des décors d
541 2533 1574 2619 doivent travailler sans une subvention annuelle
413 2558 528 2617 Doc¬
1568 2548 2616 2617 qui reste à faire. Sur ce pavé berlinois, de
117 2561 337 2627 comme
2612 2558 3311 2647 pruntéc aux vienx maitres et à
545 2596 895 2675 d’un million.
1575 2585 2622 2668 grandes choses qui méritent l’admiration sont
428 2598 534 2656 16 à
108 2597 309 2667 Gais guc
2615 2629 3314 2697 princière. On ne serait étonné
582 2602 1568 2697 A Berlin au contraire, le Théátre Royal vit
432 2644 545 2708 re-
1572 2633 2615 2716 déjà faites. L’art etles artistes seulement sont
128 2647 321 2709 ie Burgt
2620 2677 3323 2734 était personnifié par un acteur
541 2668 1570 2739 sans rapport avec les grandes masses du public.
1579 2678 2611 2742 rares. Gerhardt Hauptmann est un Silésien,
121 2678 532 2749 1#, la Petite Dorrit,
2617 2707 3320 2785 les acteurs commeitaient les pl
533 2715 1562 2793 IIn’ya que la cour, avec ses offliciers, ses fonc¬
1576 2724 2625 2804 Franz Wedekind un Munichois, Schnitzler et
395 2734 536 2788 omani
119 2722 395 2811 pée dans ler
2615 2745 3350 2832 dans les vers classiques, si les
533 2752 1578 2830 tionnaires et sa noblesse, qui le fréquente. C’est
1572 2765 2624 2831 Hofmannsthal sont Viennois. Un grand drama¬
115 2764 548 2847 àBerlin on donne
545 2801 1578 2864 une mince surface de population. Le théätre de
2620 2801 3323 2859 nobles dans Katchen von Hei
1575 2800 2623 2885 turge qui serait Berlinois: il n’en existe pas. Et
117 2814 542 2883 er met à la scène la
2625 2841 3324 2914 leurs armures comme un smo
542 2842 1575 2911 la cour de Berlin n'a en matière d’art ni pres¬
1580 2851 2625 2922 cette ville géante,qui journellement voit de nou¬
114 2858 551 2932 ant et le drame de
2621 2895 3321 2967 nama. Ces nuances n’entrent
533 2884 1578 2954 tige ni autorité. I est mème de hon goüt et mo¬
1581 2904 2622 2976 velles fondations, de nouvelles banques, de
118 2914 535 2974 es pierres, tandis
2627 2939 3330 3003 compte à Berlin. A Vienne, 1#
550 2928 1579 2994 derne de plaisanter le Schauspielhaus, et les
1582 2933 2634 3016 nouveaux magasins, de nouveaux palais de
111 2948 548 3028 Fmannsthal et Ger¬
2632 2975 3327 3051 yeux sont préparés pour les pl
549 2983 1578 3047 Berlinois vont plutôt trop loin dans cet ordre
1575 2986 2631 3045 I bière, de nouveaux moyens de transports, voit
547 2999 1584 3082 didées. Evidemment les Hohenzollern font
2628 3018 2867 3093 monies.
1580 3022 2624 3108 aussichaque jour de nouveaux théätres sortir
110 3020 542 3099 ie est T’arrêt. Milis
2665 3042 3324 3142 Berlin possede la plus gran
543 3066 1588 3141 dans leur théätre une politique artistique diri¬
1579 3066 2631 3140 du sol, des temples d’art, naturellement, dans
132 3076 549 3149 B plus intéressunt
539 3092 1591 3180 gée contre tous les mouvements de l’esprit mo¬
2623 3103 3310 3174 aujourd'hui, en Allemagne,
1585 3120 2634 3187 lesquels T’art vrai, véritable, élevé, naitra, sera
110 3127 542 3181 hardt, est un Vien¬
2627 3124 3318 3221 haute; s’il en était autrement
542 3136 1594 3217 derne, une politique fermée, réactionnaire. Les
1594 3168 2101 3245 cultivé, sera respecté.
115 3162 540 3232 Flus ennuyenx des
2638 3175 3326 3264 davantage du Torquato Tasso
547 3173 1588 3259 ceuvres que l’on cultive là, ce sont des drames
124 3205 549 3294 chlenther, est un
1628 3194 2630 3281 Cette situation a aussi ses charmes. C’est
2627 3243 3331 3310 au Burgtheater dé Vienne au
543 3223 1588 3316 patriotiques en vers cliquctants et cuirassés,
1590 3248 2634 3319 aussi quelque chose de beau de voir e faire) de
544 3270 1598 3341 comme M. de Wildenbruch les écrit, et les tri¬
2634 3282 3321 3358 Schildkraut. Ce Tasso est le ver
1588 3287 2630 3362 la culture intellectuelle, à condition peurtant
550 3328 1582 3387 vialités innocentes que fabrique M. Blumenthal.
134 3333 3312 3451 e sur le sol berli- 1 Et bien qu'il y ait à l’heure actuelle environ 1ou’on ne regarde nas en méme temps d’autres I de la saison. Depuis Frédéric
