3484 4352
1558 207 2017 302 box 24/3
235 213 1402 316 19. Der Ruf des Lebens
2250 870 2404 932 1201
986 945 2404 1022 hingeträumt, nur gewartet. Sie war verlobt — mit einem Forst¬
990 1005 2399 1086 adjunkten, einem braven, netten, jungen Philister. Und glaubte, ihn
1008 1056 2400 1124 sogar zu lieben. Sie glaubte aber nur; ihre wirkliche Liebe schlummerte
996 1102 2407 1163 noch. Ein Funke genügte, um ihre ganze Sehnsucht aufzustacheln.
992 1150 2398 1211 Und dieser Funke war ein Leutnant, ein „blauer Kürassier“ mit
1002 1199 2400 1270 dem sie ein einziges Mal getanzt hat. Nach ihm geht ihr Ver¬
1004 1259 2412 1311 langen, zu ihm ruft ihr Leben. Aber sie kann nicht. Die Pflicht
1007 1314 2409 1366 hält sie am Krankenbett des alten, schrecklichen Vaters. Vielleicht
998 1366 2404 1412 wäre sie weiter ihrer Pflicht treu geblieben. Vielleicht hätte die
1002 1394 2400 1458 Macht der Begriffe über die Gewalt der Leidenschaft gesiegt. Aber
1000 1455 2411 1520 da kommt der entscheidende Augenblick. Die blauen Kürassiere
1001 1501 2401 1563 rücken in die Schlacht, reiten zum Todeskampf hinaus, zum sicheren
1003 1546 2413 1602 Tod. Denn sie haben es geschworen, die Ehre ihres Regiments,
1005 1585 2415 1649 das vor dreißig Jahren sich mit Schmach bedeckte, durch seine
1011 1644 2409 1713 Flucht die Niederlage der Armee entschied, durch den Heldentod
1000 1693 2406 1750 reinzuwaschen. Blühende, junge Menschenkinder gehen freiwillig in
998 1750 2412 1808 den Tod, um die Schuld von Menschen, die schon längst gestorben
1014 1803 2416 1857 sind, zu sühnen, um eines Phantoms wegen. Und worin bestand
1015 1839 2416 1907 diese Schuld? Daß jene Menschen leben wollten, vor dem Tode
1013 1891 2409 1951 Angst hatten, sich für den Staat, für die Allgemeinheit nicht hin¬
1007 1941 2404 2008 schlachten lassen wollten! Der Rittmeister Moser war es, auf
1013 1997 2421 2057 dem diese Schuld lastete. Denn er war der erste, der die Flucht
1006 2046 2419 2099 ergriff. Kein Mensch hat es erfahren. Nur seine Tochter weiß
1014 2101 2412 2151 es. Ihr hat er es gesagt, als er vom Todesritte der blauen
1009 2130 2424 2196 Kürassiere hörte. Mit dämonischer Schadenfreude. Der alte, böse
1019 2191 2418 2255 Mann lebt, und der junge, so unendlich geliebte Max, der Kürassier¬
1019 2236 2415 2311 leutnant, muß in den Tod ziehen! Die dumpfe Resignation Maries
1009 2281 2426 2347 wird zur Empörung. Sie will nicht mehr dulden, warten. Vielleicht
1012 2340 2421 2407 wird es zu spät werden. Zu spät. Das ist die größte Tragik
1012 2398 2411 2458 des Lebens. Ein unbesönnenes Wort des Arztes — und die Em¬
1018 2444 2425 2495 pörung wird zum Verbrechen: die Tochter ermordet ihren Vater.
1024 2495 2421 2551 Flieht, ohne den röchelnden Greis nur anzusehen, zu ihm, der ihre
1026 2527 2430 2584 Sehnsucht, der Rufer ihrer Seele ist. Und dann? Es ist doch zu
1017 2583 2416 2649 spät. Das Glück ist vorbei. Max geht in den Tod. Er hatte sich
1022 2628 2420 2694 in tolle Abenteuer geworfen, um die Glut des Blutes zu stillen,
1013 2676 2421 2753 hat die Frau seines Obersten verführt. Der Oberst rächt sich. In
1021 2724 2422 2799 der Nacht vor dem Auszuge der Kürassiere trifft der Oberst seine
1019 2774 2429 2827 Frau im Zimmer des Leutnants, tötet sie und zwingt Max, die
1018 2820 2424 2890 Schuld auf sich zu nehmen, das heißt, sich selbst zu töten. In dieser
1015 2878 2424 2936 Nacht aber schenkt dem Todgeweihten auch Marie ihre heiße Liebe.
2005 2921 2426 2987 Neben Marie ihre
1018 2926 1904 2986 Genießen und sterben, Wonne und Tod.
1022 2984 2436 3038 Base Katharina, gleichfalls dem Tode geweiht, und sich in Liebe
1027 3040 2431 3086 und Genuß verzehrend. Und dann klingt alles in Töne tiefsten
1029 3072 2424 3134 Leides, unstillbaren Schmerzes aus. Blühender Sommer, lockender
1028 3124 2429 3184 Himmel, aber in Weh vergehende Menschen. Was bleibt übrig?
1020 3171 2431 3240 Resignation? Oder etwa die mystischen „Zusammenhänge“? Was
1027 3216 2423 3296 ist unser Weh, was ist unsere Freude? Nichts als ein Gleichnis.
1017 3273 2428 3333 Nur das Leben blüht, schreitet lächelnden Antlitzes über Leichen
1024 3319 2435 3377 hinweg. Und das ist die Weisheit, die Schnitzler durch den Doktor
1022 3365 2432 3419 Schindler im Stücke verkünden läßt. Traurige Weisheit? Oder
1024 3423 2444 3495 vielleicht eben deshalb hoffnungsvoll? Kein Sinn, kein Zweck,
