3484 4224
912 212 984 286 d
1128 214 1260 284 Lei
298 223 1449 325 19. Der Ruf68ns
1208 676 1576 778 Telephon 12.801.
726 783 1339 940 „OBSERVER“
541 850 720 928 —
497 907 1597 997 I. österr. behördl. konz. Unternehmen für Zeitungs-Ausschnltte
633 976 1476 1070 Wien, I., Concordiaplatz 4.
842 1051 1277 1125 Vertretungen
511 1099 1604 1178 in Berlin, Budapest, Chicago, Christiania, Genf, Kopen¬
510 1147 1607 1238 hagen, London, Madrid, Mailand, Minneapolis, New-Vork,
559 1191 1565 1262 Paris, Rom, San Francisco, Stockholm, St. Petersburg.
850 1234 1272 1298 (Quellenangabe ohne Gewähr).
509 1300 954 1390 Ausschnlit-aus509
925 1290 1672 1442 Naues Wiener Journa
509 1412 655 1466 vom:
572 1489 1686 1563 Aus Prag, 23. d. M., wird uns telegraphiert: Im
411 1530 1693 1614 hiesigen Neuen deutschen Theater sand heute die erste Aufführung
415 1604 1685 1658 des Schauspiels „Der Ruf des Lebens“ von Artur
426 1634 1694 1710 Schnitzler in Oesterreich statt, welches im Februar 1906 im
411 1692 1696 1769 Berliner Lessing=Theater seine Uraufführung erlebt hatte. Der
419 1737 1700 1814 dritte Akt wurde für die heutige Premiere von Schnitzler nach
417 1793 1694 1860 den Erfahrungen der Berliner Premiere ein wenig umgearbeitet,
417 1854 1685 1921 gekürzt und abgestimmt. Das vollbesetzte Haus nahm das Stück
418 1896 1693 1960 mit außerordentlich starkem Beifall auf. Schnitzler wurde nach
421 1933 1698 2011 jedem Akt wiederholt vor die Rampe gerufen. Auch die Darsteller
422 1987 1687 2050 wurden durch lebhaften Beifall ausgezeichnet. Der ganze Abend
433 2033 1700 2099 trug das Gepräge der Rehabilitation eines lange zurückgesetzten
415 2083 1695 2160 Werkes, das, wie bereits zu erkennen ist, nunmehr auch die
418 2131 1702 2183 Runde über die anderen österreichischen Bühnen machen wird.
417 2175 1717 2249 Direktor Weisse vom Deutschen Volkstheater wohnte in Gesell¬
409 2232 1189 2306 schaff des Autorssper Aufführung bei.
1228 2419 1615 2499 Telephon 12.801.
506 2547 622 2600 —
732 2509 1344 2650 „OBSERVER“
504 2639 1604 2701 l. österr. behördl. konz. Unternehmen für Zeitungs-Ausschnitte
650 2698 1493 2778 Wien, I., Concordiaplatz 4.
853 2775 1287 2848 Vertretungen
515 2826 1605 2888 in Berlin, Budapest, Chicago, Christiania, Genf, Kopen¬
511 2879 1601 2930 hagen, London, Madrid, Mailand, Minneapolis, New-Vork,
564 2931 1575 2974 Paris, Rom, San Francisco, Stockholm, St. Petersburg.
856 2960 1290 3013 (Quellenangabe ehne Gewähr).
506 3006 879 3080 Ausschnitt aus:
688 3049 1676 3148 2. Neue-sbgeie Presse. Wien
514 3134 654 3176 vom:
786 3198 1471 3284 chnitzlers Première in Prag.
811 3242 1408 3318 restium der „Neuen Freies Presse“.)
600 3261 1684 3365 Prag, 23. April. Schnitzlers Schauspiel „Der Ruf
523 3322 1683 3414 des Lebens“, nach den Erfahrungen der Berliner Première
522 3364 1689 3464 umgearbeitet, gelangte heute im Neuen Deutschen Theater zur
529 3402 1689 3502 Aufführung. Bühnenkluge Retouchen, zumal in den im
530 3448 1680 3540 Original etwas langatmigen und blutarmen Dialogen des
522 3478 1683 3580 dritten Aktes kamen der Wirksamkeit des Werkes ungemein
532 3521 1693 3634 zu statten und ließen dessen Gedankenreichtum um so plastischer
538 3579 1694 3666 hervortreten. Die Darstellung, vom Dramaturgen Dr. Eger
532 3601 1699 3703 sinnvoll abgetönt, kulminierte im ersten Akt. Hermine Me¬
549 3646 1702 3746 delsky, der Burgschauspielerin reich begabte Schwester, gab
532 3693 1701 3785 die Marie, eine Luise Millerin im Vormärzstil. Neben ihr
543 3740 1700 3836 erzielten die Damen Fels, Klein und Helling, sowie
550 3779 1694 3879 die Herren Max Schütz, Rittig, Manning, Onno
546 3820 1694 3914 und Faber den Dank des Dichters und des Publikums.
547 3869 1570 3958 Schnitzler, der anwesend war, wurde stürmisch gefeiert.
636 3895 1710 3987 Der Vorstellung wohnte auch Direktor Weisse bei, der
552 3923 1731 4047 die Absicht hat, das Werk im Wiener Deutschen Volkstheater
560 4012 1118 4105 zur Aufführung zu bringen.
1608 205 2056 292 box 24/4
2842 433 3213 528 Telephon 12.801.
2844 539 2989 607 Dee
2244 583 2966 661 „OBOLIVER
2129 658 3188 726 österr. behördl. konz. Unternehmon für Zeitungs-Ausschnitte
2245 711 3086 808 Wien, I., Concordiaplatz 4.
2446 780 2859 856 Verfrefungen
2110 827 3183 922 in Berlin, Budapest, Chicago, Christiania, Genf, Kopen¬
2121 887 3194 960 hagen, London, Madrid, Mailand, Minneapols, New-Vork,
2147 924 3138 995 Paris, Rom, San Franciseo. Stockholm, St. Petersburg.
2548 963 2690 1014 W
2401 962 3185 1075 Nbübe Wiener Tagblatt
2100 1007 2486 1097 Ausschnilt, aus:
2100 1092 2543 1175 vom: 24APK 1969
2234 1160 3192 1261 — Aus Prag, 23. 5, wird uns telegraphiert: Artur
2151 1230 3184 1319 Schnitzlers hochinteressantes Schauspiel „Der Ruf
2148 1277 3175 1353 d# welches vor drei Jahren nach einem
2159 1326 3170 1420 kurzen Bühnendasein vom Dichter zurückgezogen worden
2146 1368 3180 1458 war, hat heute in seiner von Schnitzler einheitlich durch¬
2144 1421 3167 1507 geführten Umarbeitung die Neuaufführung am hiesigen
2160 1451 3165 1550 Neuen deutschen Theater erlebt. Von Prag aus dürfte
2145 1505 3164 1593 das Werk die Runde über eine Reihe erster Bühnen machen.
2150 1540 3165 1640 Zunächst dürfte es am Wiener Deutschen Volkstheater ge¬
2156 1598 3168 1682 geben werden; Direktor Weisse war bei der heutigen
2149 1652 3168 1716 Premiere anwesend. Ungemein gewonnen hat das Stück
2144 1692 3158 1771 durch Veränderungen im Dialog, aus dem viele mit dem
2138 1736 3163 1824 balladenhaften volksstückmäßigen Stil des Ganzen nicht
2147 1779 3169 1870 leicht zu vereinbarende Aphorismen über Schicksal, Schuld,
2136 1835 3156 1900 Tod und Leben entfernt sind. Alles hat nun einen ein¬
2149 1879 3173 1970 heitlichen, schönen und tiefen Klang. Die an tragischen
2140 1924 3162 2008 Szenen reiche Haupthandlung packte das Publikum. In
2140 1971 3202 2067 erster Linie erntete Herr Onno als Darsteller des jungen —
2126 2008 3168 2098 Lieutnant Max stürmischen Beifall. Sehr innerlich war
2137 2064 3169 2149 Fräulein Medelsky, welche aus der Marie eine in der
2138 2102 3167 2196 Stimmung an die „Liebelei“ erinnernde Mädchenfigur
2133 2148 3160 2232 schuf und doch die Gestalt mit dem feinen Reiz des
2128 2194 3168 2287 Symbols umgab. Der Dichter, welcher der Vorstellung
2121 2245 3154 2310 beiwohnte, wurde nach allen Aktschlüssen demonstrativ ge¬
2124 2300 3155 2379 rufen. Er mußte immer und immer wieder vor dem
2124 2320 2581 2407 Publikum erscheinen.
2408 2393 2491 2424 „
2163 2388 2331 2491 Wene
3157 2411 3356 2504 eeuh dum
2849 2598 3212 2700 Telephon 12.801.
2344 2701 2969 2858 „OBSERVER“
2112 2825 3214 2924 1. österr. behördl. konz. Unternehmen für Zeitungs-Ausschnltte
2253 2898 3095 2994 Wien, I., Concordiaplatz 4.
2450 2975 2890 3053 Vertretungen
2121 3023 3206 3081 in Berlin, Budapest, Chicago, Christiania, Genf, Kopen¬
2127 3075 3201 3146 hagen, London, Madrid, Mailand, Minneapolis, New-York,
2175 3117 3158 3173 Paris, Rom, San Francisco, Stockholm, St. Petersburg.
2453 3158 2892 3213 (Quellenangabe eige Gew###.
2344 3165 3145 3261 Iustriertes Wiener Extrablaiz
2110 3215 2499 3297 Ausschnift aus:
2316 3247 2825 3359 LAPR 190: Wien
2114 3328 2257 3409 vom:
2316 3439 3238 3527 — Aus Prag, 23. d. M. wird uns telegrasiert
2215 3502 3232 3571 Artur Schnitzlers Schauspiel „Der Ruf des
2216 3540 3238 3630 Lebens das für die Berliner Uraufführung
2222 3586 3226 3651 umgearbeitet worden ist, hatte heute im Neuen
2226 3625 3228 3686 Deutschen Theater bei der Erstaufführung in
2222 3674 3239 3744 Oesterreich einen sehr großen Erfolg. Der anwesende
2216 3710 2840 3789 Dichter wurde zehnmal gerufen.
