3436 4384
277 226 1427 331 19. Der Ruf des Lebens
1583 234 2041 326 box 24/2
2294 116 2438 177 Fen
2330 174 3246 247 Laper, Here mit dem 1 Kar, 2- Dyt als Obeit, mit Paten
2310 224 3264 300 vom 7. März 1900 in der Schutzkruppe für Südwestafrika
2313 260 2686 333 angestellt., 1
2866 329 3057 529 15
3060 489 3238 580 5/5
2550 506 3150 591 +
2348 559 3252 653 * Lessing=Theater. Zum ersten Male: „Der
2302 629 3254 699 (Ruf des Jebenß“, Schauspiel in 3 Akten von
2317 689 3260 746 Artur Schtsitzler Der Antimilitarismus ist jetzt
2311 732 3260 770 modern. Er Bendet sich hauptsächlich gegen den alten
2316 771 3251 827 Horazischen Spruch, daß es süß und ehrenvoll ist, für
2309 812 3255 865 das Vaterland zu sterben. Dieses antimilitaristische
2312 858 3252 917 Thema erörtert Schnitzler in seinem neuesten Stück.
2311 896 3254 954 Mit den einer egoistischen Lebensanschauung und
2308 944 3258 989 rein materialistischer Denkweise entnommenen Beweis¬
2305 991 3252 1029 gründen plaudert er geistreich über die Fragen, ob
2320 1025 3250 1080 man nach dem Tode noch von vorher vollbrachten
2315 1072 3255 1119 Heldentaten etwas habe, und ob es den Toten nicht
2315 1116 3257 1162 absolut gleichgültig sein könne, was nach seinem Scheiden
2306 1157 3255 1207 hier auf Erden geschehe. Der Heldenschatten des
2316 1194 3254 1262 Achilles in der Unterwelt beneidet ja den letzten der
2305 1241 3251 1295 Menschen, der noch im rosigen Licht wandel. Der
2310 1290 3253 1337 Ruf des Lebens pocht mächtig an die Brust der Männer,
2310 1332 3259 1392 die lebenskräftig sich den tödlichen Kugeln und Schwertern
2306 1362 3258 1419 der Feinde entgegenwersen. Der zäh am Leben hängende,
2296 1430 3255 1481 nahezu 80jährige alte Rittmeister Moser hat einst¬
2304 1456 3260 1527 mals, dem Ruf des Lebens nachgebend, sein Schlacht¬
2306 1514 3251 1573 roß zur Flucht gewendet und damals die Ehre seines
2309 1548 3251 1601 Regiments preisgegeben und, wie man behauptel, den
2303 1587 3244 1655 Ausgang der Schlacht zuungunsten seines Landes ent¬
2311 1641 3243 1702 schieden. Er bezweiselt noch jetzt diesen ursächlichen
2307 1690 3256 1748 Zusammenhang und wertet die Begriffe der militärischen
2300 1727 3243 1776 Ehre und Pflicht sehr gering. Jetzt, nach 30 jähriger
2309 1769 3248 1813 Friedenszeit, will das in seinem Personalbestande er¬
2309 1824 3259 1897 neuerte Regiment die alte Schmach von seiner Fahne
2292 1845 3244 1908 abwaschen. Der Oberst desselben hat den Kaiser ge¬
2303 1902 3249 1967 beten, es dorthin im Kampse zu stellen, wo sicher der
2307 1947 3257 2019 Tod die Kämpfenden erwartet. Da tönt wiederum der
2305 1990 3251 2050 Ruf des Lebens in der Brust der Todgeweihten. Die
2301 2038 3246 2086 alten Argumente des Rittmeisters Moser kehren wieder
2309 2070 3255 2147 in den jungen Offizieren, ihre Skeptik gegen die reinen
2309 2123 3251 2171 Beweggründe ihres Obersten. Der Ruf des Lebens
2301 2159 3239 2224 erlönt ihnen aus dem Munde lockender, liebender und
2305 2200 3248 2273 schöner Frauen. Auch an diese ergeht der Ruf des
2293 2253 3243 2314 Lehens. Aus der beeugenden Fessel harter väterlicher
2296 2297 3241 2360 Zucht, aus den Banden liebeloser, unglücklicher Ehe
2299 2343 3187 2391 will sie das Leben zur Freiheit führen, dorthin,
2291 2385 3261 2461 nicht mehr die blühenden Leiber ungenossen
2293 2434 3238 2479 welhen, die sehnenden Herzen verkümmern. Mit
2299 2473 3247 2537 diesen Problemen verknüpft der Dichter das¬
2289 2514 3241 2567 jenige, welches wir türzlich an anderer Stelle be¬
2296 2561 3235 2611 hanhelten, ob das Leben des dem sicheren Tode Ver¬
2294 2611 3239 2664 fallenen geopfert werden dürse, ob der Ruf des Lebens
2297 2655 3242 2712 das Recht zu Töten gebe an dem Unrettbaren. Die
2291 2691 3245 2745 Tochter tötet den unheilbar Kranken, dem Tode nahen
2289 2736 3241 2797 tyrannischen Vater, um für eine Nacht in die Arme
2300 2780 3241 2839 ihres Geliebten zu eilen. Einstmals tat Doktor Fausts
2302 2824 3237 2868 Gretchen dasselbe mit ihrer Mutter. Die Lösung der
2294 2875 3239 2920 widerstreitenden Meinungen bringt Schnitzler in die
2299 2917 3249 2987 abstrakte philosophische Formel: Wer nur an sich
2286 2952 3234 3021 selbst denkt, stirbt immer, wer aber die Zusammen¬
2293 2997 3238 3047 hänge begreist, lebt nach dem Tode sort. So gelstreich
2293 3047 3235 3109 und in der Form scharf geschliffen die Diskussionen auf
2296 3084 3238 3135 der Bühne über das interessante Thema auch sind, an
2295 3124 3255 3189 dramatischer Kraft und fortschreitender Handlung läßt?
2299 3180 3239 3235 die Rovität alles zu wünschen übrig. Scheinbar zwar ge¬
2286 3214 3234 3282 schieht auf der Bühne viel. Ein Vater wird von seiner
2299 3266 3241 3320 Tochter vergiftet, eine ehebrecherische Frau von ihrem
2285 3312 3240 3375 Manne erschossen. Aber die Handlung steht in leinem
2282 3350 3108 3409 inneren Zusammenhang mit dem Dialog.
3132 3354 3235 3422 Sie
2298 3394 2361 3443 ist
3004 3392 3131 3454 Was
2362 3388 2999 3457 ungeschickt und unwahrscheinlich.
3141 3398 3235 3449 ein
2295 3444 3240 3481 Schlastrunk für eine Nacht bewirken lönnte, wird
2283 3491 3234 3537 zur Morphiumvergistung aufgebauscht. Während die
2286 3528 3234 3579 begünstigte Nebenbuhlerin von ihrem hintergangenen
2288 3569 3231 3629 Ehemanne erschossen wird, bleibi die verliebte Vater¬
2290 3614 3225 3657 mörderin ruhig lauschend hinter einem Schranke des¬
2291 3656 3229 3719 selben Zimmers. Sie muß eiserne Nerven haben. Das
2289 3703 3214 3755 neue Stück Schnitzlers, von des Gedankens Blässe an¬
2294 3752 3215 3801 gekränkelt, hätte nicht einmal den schwachen Erfolg ge¬
2287 3797 3218 3855 habt, der ihm jetzt zuteil wurde, wenn nicht das
2286 3848 3225 3897 plächtige Spiel der Darsteller seine großen Schwächen
2288 3892 3221 3943 soweit als irgend möglich verdeckt hätte. Besonders
2286 3929 3221 3969 trefflich waren Hans Marr als der alte Moser und
2290 3958 3226 4025 Irene Triesch als seine Tochter, ferner Elife
2282 4008 3221 4066 Lehmann als seine Schwägerin und Rudolf
2279 4060 3227 4112 Rittner als Forstadjunkt. Nur Alberi Basser¬
2282 4097 3221 4145 mann verletzte das Ohr mit seinem breiten Mannheimer
3083 4144 3184 4194 R.
2282 4138 2843 4188 Dialekt als österreichischer Oberst.
