3484 4224
1569 190 2054 288 box 24/4
894 202 965 267 d
265 205 1441 291 19. Der Ruf des Lebens
1297 1565 3303 1643 verändertem Blick wohl hat Schnitzler die Bilder eine Nachtwandlerin antwortet sie dem tückischen
1311 1620 3295 1683 hier betrachtet, denen er doch nimmer fremd gewyr=(Kranken, dem treuen, einfachen Adjunkten, der als
2288 1666 3287 1726 Oberförster nach der Steiermark soll und sie mit¬
441 1644 1208 1745 „Der Auf des Lebens“.
1303 1670 2306 1718 den sein kann, weil sie ein unveräußerlicher Teil
2296 1707 3299 1760 nehmen möchte zum dunkelgrünen See und zum
1313 1716 2309 1767 seines Wesens sind. Ein österreichisches Volksstück
322 1712 1322 1808 Schauspiel in 3 Akten von Arthur Schnitzler,
1303 1746 3302 1824 scheinen sie dem Milieu nach, eine Tragödie von schweigenden Hochwald, dem sorgenden Arzte, der
410 1765 1259 1862 (Zuntserstonmal im Neuen deutschen
1311 1787 3302 1856 armen Mädchen, von Ehebruch, Schuld und Unter=Tante Toni, die ihr verirrtes Kind, Mariens
2293 1834 3300 1892 Base Katharina sucht. Wild schreit es in Marie
1315 1845 2307 1902 gang wie die „Liebelei". Trotzig reitet ein ganzes
413 1831 1316 1909 Vor drei Jahren hat Brahm den „Ruf des
2296 1875 3303 1937 nach versäumter Seligkeit. Aber dann erfährt sie,
1314 1885 2310 1940 Kavallerieregiment aus einer Wiener Kaserne in den
321 1891 1317 1952 Lebens“ gegeben, der bis heute Schnitzlers letztes,
2292 1921 3310 1974 was sie mit einem Male zur glückfordernden Tat
1316 1932 2304 1996 sicheren Tod und die Hufe der Pferde gehen über
319 1938 1329 2002 großes Stück ist. Kaum war es aufgeführt, da
2304 1955 3307 2018 reißt, in Verbrechen jagt und Schande. Katharina
1324 1970 2294 2031 zertretenes Menschenglück. Man hört das Röcheln,
315 1986 1325 2043 schien dey Dichter dem Theater ganz entsagen zu
2291 1999 3298 2064 kommt, heiß von durchkosteter Wonne, Blumen im
1306 2007 2301 2066 die Klagen der Opfer. Aber das alles hat, so laut
323 2027 1330 2079 wollen. Banges Zögern kam über ihn, Schleier
2300 2041 3303 2111 Haar, die Rosen der Schwindsüchtigen auf den Wan¬
330 2044 2295 2118 der Melancholie umzogen seine Welt, die einst in es ist, keine Beziehung zur Gegenwart. In die ferne,
2297 2081 3308 2154 gen. Sie war bei Albrecht, Maxens Freund. Eine
318 2109 2298 2168 hellem Sonnenlicht dalag, leise zerflossen ihre Ge= jugendliche Zeit der Mitte des vorigen Jahrhunderts
2296 2130 3317 2196 Schwadron der blauen Kürassiere ist noch da, eine
319 2143 2306 2206 stalten, die Nebel der Unwirklichkeit verwischten sie. sind die Ereignisse verlegt. Sie klingen wie eine
2298 2165 3304 2236 wird erst morgen reiten. Noch ist Mox in Wien,
1320 2172 2294 2243 Ballade, wie ein Bericht aus vergilbten Papieren,
318 2200 1332 2248 Es folgten die „Marionetten“, Einakter, die wohl
2298 2214 3309 2278 noch atmet er, noch darf Marie ihn umklammern.
312 2228 2292 2293 nie für die Bühne gedacht waren. Der schmerz=wie alte, schwermütige Musik, zwischen Schlummer
2296 2274 3303 2326 Und in wahnwitziger Begier greift sie nach dem
312 2268 2300 2327 zerrissene Monolog des „Puppenspielers“, die grelle und Wachen vernommen. Ein Traum, der ängstigt
2289 2300 3314 2378 Fläschchen mit dem Schlaftrunk, das ihr der Arzt
1319 2311 1980 2388 und zugleich von der Angst erlöst.
324 2327 1319 2383 romantische Ironie, mit der Schnitzler im „Großen
1387 2346 3312 2413 Das Kavallerieregiment, das sich dem Tode ge=gereicht hat, vergiftet den Vater, der vor seinem
318 2367 1332 2433 Wurstel“ über die eigenen Dramen Gericht hält, die
2293 2390 3300 2446 Ende sich als Urheber der Flucht bei Lindach, als
1323 2400 2304 2455 weiht hat, sind die blauen Kürassiere. Sie traben
325 2410 1320 2458 mystische Szene des „Unbekannten“, der mit blitzen¬
2295 2438 3290 2487 Mörder der Kürassiere bekennt und eilt von dannen,
1311 2443 2299 2499 durch stille Straßen. Still huld### ihnen das Volk
315 2433 1325 2520 dem Schwert die Drähte der Puppen durchschneidets.
1313 2476 3304 2545 von Wien. Bleich raunt es sich daß keiner von durch die laue Sommernacht, von dannen in Maxens
317 2475 1334 2556 sie bewiesen, daß der Schöpfer der „Lebendigen
1313 2535 2453 2589 den herrlichen Soldaten zurückmen wird. Vor Arme.
316 2522 1333 2596 Stunden" für eine Weile des Spieles müde war.
2366 2540 3299 2625 Die Begegnung wird anders, als Mariens Sehn¬
322 2577 2302 2630 Er verstummte. Er kehrte ins Reich der Erzählung dreißig Jahren ward durch ihre Flucht die Schlach
1312 2608 3295 2682 bei Lindach verloren. Nun haben sie den Schwur sucht sie träumt. Ein unentrinnbares Verhängnis
323 2610 1319 2681 zurück, auf das Gebiet seiner schicksalstiefen Novelle
1313 2655 3300 2723 getan, mitsammen zu sterben und so um die geschän= rafft den hinweg, den sie aus freiem Willen zum
313 2666 1319 2721 vom „Sterben“. Er schrieb die „Dämmerseelen“
2287 2690 3312 2744 Sterben entschlossen glaubte. Ein Rächer erscheint
316 2702 2311 2766 und das große Buch des Leidens, doch auch der Be= dete Fahne einen neuen, blutigen Ehrenkranz zu
323 2729 3309 2810 ruhigung, der Rechenschaft, seinen Roman „Der Weg schlingen. In den Lüften zittert dumpfe Raserei, die in seinem geöffneten, vom Mondschein übergossenen
2302 2775 3308 2833 Fenster: der Oberst, mit dessen schöner Frau er in
327 2784 2310 2851 ins Freie“. Wieder begann die Sonne zu leuchten. da weiß, daß nichts mehr zu retten ist. Sie hallt
2292 2816 3317 2894 jäher Leidenschaft des Blutes sündigte. Nun weiß
1311 2825 2310 2884 bis in das Zimmer, in dem Marie Moser beim
318 2821 1329 2898 Und als er die „Komtesse Mizzi“ dem Theater
2292 2865 3303 2929 er, daß er alles verwirkt hat. Den Freund, der
1310 2869 2302 2938 greisen, siechen Vater wacht, der ihr junges Leben
315 2869 1329 2946 überantwortete, dieses Iutermezzo eines starken und
2299 2912 3306 2967 im lockenden Zauber der nächtlichen Stunde sich
1316 2917 2297 2972 aussangt wie ein böses Tier. Ihr Herz stürmt den
327 2909 1330 2999 feinen, lächelnden Geistes, da wußte man, daß der
2302 2947 3316 3009 nicht fügen mag, wehrt er verzweifelnd ab. Hart
1305 2960 2304 3021 Todge eihten nach. Einem von ihnen ist es ver¬
324 2962 1216 3022 Dramatiker Schnitzler nochmals reden würde.
410 3005 3311 3050 So ist der „Ruf des Lebens“ nach Prag ge= fallen, dim braunen Max, dem strahlenden Leut= wirft er Irene, des Obersten Gattin, zu Boden,
326 3061 3302 3109 langt, in überarbeitetem Wortlaut, zur Wiederauf=nant, mit dem sie eine Winternacht durchtanzt hat. die zu dem Geliebten schleicht, damit er mein¬
362 3099 3333 3173 sohme des vorschnell abgebrochenen Verfahrens. Mitl Abwesend lauscht sie hinaus auf die Straße. Wie eidig werde und mit ihr entfliehe. Doch zu
