3436 4352
679 266 736 332 R
880 268 970 334 d
1573 260 2045 360 box 24/4
266 266 1444 376 19. Der auf es Lebens
742 928 1606 1009 der Probefahrt auf der oderen Donau!
752 998 1582 1060 Zentralverein für deutsche Binnenschiffahrt
1678 976 3367 1080 e und sich mit I wenn die Bagdadbahn ausgebaut ist. Die Hoffnungen liegen; lunger
1981 1108 3215 1183 Hauptrolle besonders nach der mimischen Seite mit bedeuten¬
1018 1112 1720 1194 Der Ruf des Lebens
3204 1129 3366 1180 Schade,
1973 1148 3197 1226 der Ueberzeugungskraft durch. Sie hätte jedoch im ersten Akt
3208 1166 3363 1222 Wotan
977 1178 1735 1243 Schauspiel von Arthur Schnitzler.
3203 1202 3372 1259 der; i
1984 1191 3198 1269 das Schnippisch=Kalte, Heftige und Widerwillige ihres Spieles
810 1213 1890 1295 Erstaufführung in den Kammerspielen am 6. September.
3202 1235 3381 1303 wohl n
1976 1238 3194 1307 durch Abgespanntheit und Resignation ersetzen können, um
3198 1279 3353 1350 um zu
829 1261 1957 1337 Arthur Schnitzler hat schon gern vom Rufe des Todes
1972 1271 3196 1351 sympathischer zu werden. Damit sei aber nicht verkannt, daß
745 1309 1959 1381 erzählt, z. B. in den „Dämmerseelen“. Von jener unklar ver¬
1978 1325 3189 1403 ihre Auffassung psychologisch berechtigt ist. Die Künstlerin
734 1362 1948 1430 nommenen, jedoch sicheren Stimme, die aus dem dunkeln Hause
1977 1366 3188 1439 schien stimmlich leicht indisponiert, da ihr Forte im ersten
3200 1402 3251 1445 e
741 1399 1965 1464 der Moiren ins helle Dasein hereintönt. Wenn nun im vor¬
1984 1410 3189 1481 Akt unangenehm heiser klang. Philipp Manning gab den
745 1451 1955 1510 liegenden Drama der Ruf des Lebens und mit ihm der Ruf
1982 1446 3193 1533 alten Moser zu warm, zu menschlich ansprechend, zu gefühlvoll,
731 1485 1962 1556 nach lockendem, bejuhenden Leben zur Idee geworden ist, so
1972 1495 3185 1565 besonders in der leidenschaftlichen Erzählung seiner Flucht vor
3220 1480 3277 1560 gr
740 1531 1964 1603 bleibt uns der erstgenannte darum nicht unhörbar, im Gegen¬
3200 1524 3297 1602 gil
1970 1538 3184 1600 dem Feind. Er hätte tückischer, kälter und widerlicher sein
731 1581 1958 1630 teil, das Klopfen der unabwendbaren knöchernen Hand an die
1971 1583 3192 1653 dürfen. Auch hätte man ihn um eine Schattierung rüstiger,
736 1626 1953 1683 Türe des Sonnenreichs klingt stärker als das Pulsen des Leben
1983 1629 3180 1694 weniger röchelnd, vertragen. Ernst Stahl=Nachbaur
3209 1663 3264 1711 G
737 1668 1964 1736 verlangenden Blutes. — Im Vordergrund der Handlung steht
1978 1675 3196 1738 zeichnete sich in seiner Rolle als Forstadjunkt durch vorzügliches
3204 1697 3310 1753 des
743 1711 1953 1757 ein junges Mädchen, das sich seines Vaters durch Gift ent¬
1976 1704 3184 1784 Sprechen aus. Im Spiel war er etwas steif. Paul Marx erin¬
3207 1735 3372 1795 semble
731 1745 1957 1812 ledigt, weil es in leidenschaftlicher Stunde den „Ruf des Le¬
1972 1762 3183 1815 nerte als Arzt durch sein abgeklärtes und mildes Wesen an
737 1802 1957 1861 bens“, — der Liebe, unwiderstehlich stark zu hören bekam.
1976 1812 3190 1859 einen Philosophen oder Theologen, was aber mit dem Wesen
736 1848 1956 1905 Sie ist in unbändiger Liebesglut für einen jungen Offizier ent¬
1981 1851 3182 1913 seiner Rolle gut im Einklang stand. Auch seine nasale Sprech¬
3224 1854 3382 1923 Walte
728 1889 1948 1938 brannt und hat durch diesen plötzlich und elementar ausbrechen¬
1977 1888 3184 1950 weise störte mit ihrer körperlosen, durchgeistigten Färbung
3270 1899 3369 1981 ne
741 1931 1958 1995 den Sinnestrieb nicht nur ihr eigenes ruhiges Zukunftsglück
1971 1936 3188 2009 nicht. Max Oswald und Franz Wahl trafen die schwie¬
3194 1974 3365 2027 Dichter
740 1970 1957 2038 zerstört, sondern auch über andere Personen des Dramas Ver¬
1976 1982 3184 2049 rige Harmonie zwischen militärischer Knappheit und Bühnen¬
3200 2011 3371 2068 zweimal
733 2016 1953 2068 derben gebracht. Aber unabhängig von den persönlichen Schick¬
1965 2009 3189 2089 kunst in ihren Rollen als Leutnants glücklich. Erich Ziegel
734 2060 1944 2122 salen dieses Mädchens ist der Hauptinhalt des Stückes der, daß
1966 2064 3187 2112 legte als Oberst mehr Gewicht auf vorzügliche Persönlichkeits¬
739 2100 1939 2160 und wie sie den „Ruf des Lebens“ verstehen und deuten lernt,
1963 2105 3187 2172 darstellung. Für einen Offizier sprach er etwas zu singend und
737 2146 1944 2231 daß sie in einer kurzen Frist von Stunden „erfährt, was andere
1964 2157 3181 2216 zu wenig nivelliert. Jenny Spielmann vermittelte als
731 2178 1669 2258 Frauen nicht in tausend Tagen und Nächten“.
1968 2207 3186 2264 Katharina eine Erscheinung von ungemeinem Liebreiz und war
1965 2237 3188 2312 in ihrem rührenden Spiel vollendet. Emilie Unda bewährte
828 2229 1941 2301 Jene düstre Färbung, die ihre Schatten zuweilen auf
1965 2279 3180 2353 sich in ihrer kurzen Rolle der leidenschaftlichen jungen Obersts¬
745 2279 1946 2348 Schnitzlers Lebensanschauung wirft, hat das vorliegende Werk
1960 2332 3188 2392 gattin temperamentvoll und gut. Auguste Prasch=Greven¬
739 2334 1943 2404 ganz durchdrungen und lodert als unheimliche Folie in Form
3188 2333 3248 2409 1
1970 2372 3187 2436 berg hätte als Tante aus der Grünau den norddeutschen An¬
729 2371 1936 2436 der Erzählung vom blauen Kürassierregiment hervor. Das
1968 2411 3189 2476 klang in der Sprache vermeiden dürfen. — Die beiden ersten
732 2421 1943 2489 Stück ist sowohl Charakterdrama als auch in Uebereinstim¬
1982 2458 3179 2529 Akte wurden mit spontanem starkem Beifall, der dritte kühler
738 2462 1939 2521 mung mit seinem Titel eine Schicksalstragödie. Und über
1981 2502 3172 2561 aufgenommen, jedoch wurde der Dichter wiederholt gerufen.
725 2500 1936 2555 beides hinaus ein didaktisches Drama, grüblerisch und konse¬
731 2539 1938 2625 quent, feinsinnig — einer der „echtesten Schnitzler“, aber nicht
736 2585 1173 2650 sehr bühnenwirksam.
817 2635 1949 2700 Erich Ziegel führte die Regie. Es wäre vielleicht
2181 2618 2919 2718 Theater und Konzerte
731 2673 1935 2739 vorteilhaft für die Bühnenwirkung gewesen, die Dialoge aufs
2020 2680 3182 2755 Richard Wagner=Festspiele. Die gestrige Aufführung der „Wal¬
735 2720 1939 2783 notwendigste zusammenzustreichen. Denn im Theater, wo man
1960 2726 3171 2807 küre“ konnte auf Grund des Gastspiels von Frl. Edyth Walker
3182 2696 3357 2801 Prona
737 2766 1944 2827 mehr erleben als hören will, gehen ihre Feinheiten großenteils
1964 2777 3171 2833 in der Rolle der Brünnhilde besonderes Interesse beanspruchen.
737 2808 1941 2854 verloren und der Zuschauer wird ungeduldig. Das Getriebe
1960 2808 3180 2872 Und in der Tat, was diese große Künstlerin zu leisten hatte,
733 2851 1927 2912 auf der Straße, Pferdegetrappel, Kommandorufe, Signale und
1948 2849 3178 2906 das war gesanglich sowohl wie darstellerisch von einer solchen Voll¬
3193 2838 3369 2916 30. Aus
1949 2888 3176 2941 endung, daß kaum ein Lob dafür zu hoch gegriffen sein dürfte.
3193 2898 3331 2953 statt.
727 2882 1925 2960 Trommelwirbel hätten als tonale Folie stärker herangezogen
1950 2940 3177 2996 Das war eine Brünnhilden=Gestalt aus einem Guß, ein hehres
3186 2922 3376 2994 daß die
724 2928 1942 3003 werden können. Auch der Gegensatz in den Kundgebungen
1956 2969 3173 3029 Weib von einem die innersten Tiefen erschütternden dramatischen
3195 2973 3363 3039 ferner h
729 2983 1936 3044 der Menge beim Ausmarsch der verschiedenen Truppen kam
1947 3005 3174 3063 Geiste belebt. Nicht minder großzügig hat Herr von Bary seinen
3185 3013 3366 3066 sondere
722 3025 1939 3071 nur wenig merkbar zur Geltung. Wir glauben, man dürfe
1950 3043 3177 3107 Siegmund angelegt; auch das war, abgesehen von einer kleinen
3200 3051 3368 3118 den Mit
720 3057 1931 3136 in der an sich gewiß vornehmen Zurückdämmung der Aeußer¬
1939 3088 3153 3139 Vergeßlichkeit im 2. Akt, wo es heißt „Schwester, Geliebte!“
719 3107 3376 3209 lichkeiten nicht zu weit gehen. Mirjam Horwitz führte die und nicht nur „Geliebte“, eine schier unvergeßliche Prachtleistung. „Flor#
511 3192 1439 3340 71• MLIK
874 3315 1445 3441 Mad
1026 3443 1173 3565 7
1110 3404 1216 3541 7
