3436 4320
492 220 1578 384 Wilhelm holzamer: um die Zukunft.
1803 239 2573 384 Ernst Rosmer: Haufikaa.
600 368 1468 440 Eine ländliche Komödie in drei Akten.
1915 368 2490 458 Tragödie in fünf Rkten.
540 425 1329 547 Angenommen: Leipzig, Schanspielhaus
1806 440 2855 606 Arthur Schnitzler: Der einsame weg.
478 516 1624 659 E. von Reyferling: Benignens Erlebnis.
1916 572 2530 655 Schauspiel in fünf Akten.
604 609 891 709 21 1 Mlie.
1850 627 3104 710 Angenommen, resp. aufgeführt: Berlin, deutsches Theater —
1931 686 3112 772 Hannover, Deutsches Theater — Leipzig, Schauspielhaus —
529 654 1645 785 Augenommen resp. aufgeführt: Berlin, Lefsing=Theater
1685 687 1825 780 Köln,
1922 738 3120 829 Elberfeld, Stadttheater — Frankfurt a. M., Schauspielhaus —
599 745 1646 837 vereinigte Stadttheater — München, Schauspielhaus.
1919 781 2932 886 Breslau, lobetheater — düsfeldorf, Schauspielhaus.
477 800 1609 961 E. von Reyferling: Der aumme bans.
1805 859 2717 1010 Arthur Schnitzler: Zwischenspiel.
587 944 1276 1032 Trauerspiel in drei Aufzügen.
1915 994 2479 1072 Komödie in drei Akten.
513 1028 1407 1127 Aufgeführt: München, neues volkstheater.
1844 1007 3158 1136 Augenommen, resp. aufgeführt: Berlin, Lefsing=Theater — wien,
1922 1110 3153 1197 hofburgtheater — Leipzig, Schauspielhaus — Ramburg, deut¬
470 1096 1246 1252 Chomas Mann: Fiorchza.
1916 1160 3153 1237 sches Schauspielhaus — Nürnberg, Intimes Theater — München,
1923 1207 3164 1304 Residenstheater — Prag, kgl. deutsches Landestheater — Brünn,
593 1192 889 1328 Abei Mik.
1912 1251 2214 1353 Städttheater.
474 1290 1531 1448 Paul mongrt: Der Arzt seiner Ehre.
1802 1335 2977 1442 Bernard Shaw: Frau Warrens Gewerbe.
591 1429 1153 1516 Komödie in einem Hkt.
1913 1437 3157 1547 drama in vier Aufzügen. deutsch von Siegfried Trebitsch.
527 1468 1814 1575 Angenommen, resp. aufgeführe: Berlin, Lefsing=Theater — ham¬
1804 1500 3095 1635 Bernard Shaw: Wie er ihren mann beiog.
593 1561 1807 1627 burg, Schauspielhaus — hannober, Deutsches Theater — München,
587 1602 1824 1680 Schauspielhaus — Wien, Theater in der Josefstadt — Prag,
1910 1634 3151 1739 Lustspiel in einem Akt. deutsch von Siegfried Trebitsch.
589 1654 1820 1730 deutsches Landestheater — Königsberg, Stadttheater — Braun
1843 1665 2665 1790 Angenommen: Leipzig, Schauspielhaus.
592 1696 1812 1772 schweig, holsttheater — Mühlhaufen i. Elf., Stadttheater —
593 1756 1824 1825 Breslau, Stadttheater — Budapest, Gastspiel des Berliner Lefsing¬
1808 1753 2716 1901 bermann Stehr: meta Konegen.
586 1803 1813 1876 Theaters — Wiesbaden, Residenztheater — Magdeburg, Victoria¬
589 1845 1823 1938 Theater — Stuttgart, Residenztheater — Zürich, Stadt- und
1906 1876 2435 1951 Drama in fünf Akten.
590 1907 1814 1972 Pfauen=Theater — St. Petersburg, Alegandra-Theater — Straß¬
1838 1928 3125 2045 Angenommen resp. aufgeführt: Berlin, neues Theater — Leipzig,
583 1949 1821 2054 burg, Stadttheater, — Kasfel, Residenztheater — düffeldorf,
1912 1982 2863 2081 Schaufpielhaus — Wien, Theater i. d. Joferstadt
575 1999 928 2092 Schauspielhaus.
1797 2049 2844 2178 J. m. Synge: Der heilige Brunnen.
460 2072 1288 2203 Peter Ränfen: Judiths Ehe.
1913 2140 3068 2272 legende in drei Akten, deutsch von Max meyerfeid.
581 2187 1215 2291 Ein Dialog in fünf Szenen.
1833 2227 2638 2323 Aufgeführt: Berlin, deutsches Theater.
470 2258 1652 2418 Gabriele Reuter: Das bose Prinzeßchen.
1791 2280 3132 2436 Vollmoeller: Catherina, Gräfin von Armagnäe
582 2395 1753 2497 Märchenspiel in drei Akten. Begleitende Musik von
1964 2417 2806 2523 und ihre beiden Liebhaber.
641 2453 1031 2547 Max Marschalk.
1903 2504 2487 2580 Schauspiel in drei Akten.
521 2519 1815 2608 Angenommen, resp. aufgeführt: dessau, hoftheater — Berlin, Lust¬
1836 2537 3050 2666 Aufgeführt: Stuttgärt, Hoftheater — Elberfeld, Stadttheater.
577 2598 1814 2659 spielhaus — Christiania, Nationattheater — Stuttgart, Residenz¬
577 2638 2703 2774 theater = Norderney, Kurtheater — oldenburg k. Gr., hor Gustab Wied: Chummeiumien.
591 2691 1564 2784 theater — Krefeld, Stadttheater — Essen (Kuhr).
1904 2754 2575 2820 Eine Komödie in vier Akten.
464 2785 1467 2911 Karl Rößler: Der reiche jüngling.
1838 2796 3142 2904 Angenömmen: hamburg, Thaliatheater — Wien, Theater in der
1908 2859 2150 2944 Josefstadt.
586 2895 1408 2984 Biblisches Trauerspiel in vier Akten.
1787 2930 2956 3055 oscar Wilde: Die herzogin von Padud.
517 2934 1807 3071 Angenommen, resp. aufgeführt: München, Volkstheater — Wien,
1891 3044 2472 3115 Tragödie in fünf Akten.
577 3047 1128 3140 Theater in der Josefstadt.
1837 3092 3137 3201 Angenommen, resp. aufgeführt: hamburg, deutsches Schauspielhaus
1958 3145 2460 3246 Leipzig, Schauspielhaus.
468 3126 1451 3265 Ernst Rosmer: Johännes berkner.
1785 3195 3030 3345 oscar Wilde: Eine florentinische Tragödie.
582 3247 1167 3327 Schauspiel in fünf Akten.
1838 3332 2752 3414 Ein Akt, deutsch ven Max Meyerfeld.
511 3312 1808 3436 Angenommen, resp. Afgeführt: Berlin, Lessingtheater — München,
579 3391 936 3484 Schaufpielhaus.
1831 3388 2639 3488 Aufgeführt: Berlin, deutsches Theater.
563 3567 3127 3680 Wir verkenden die angeseigten Werke einstweilen nur auf den ausdrücklichen Elunsch der
460 3666 3133 3779 geehrten Birektionen und bitten daher von uns rechtseitig die Bücher zu verlangen, für die Hie ein
447 3705 1236 3828 besonderes Interelle haben.
1964 3752 2496 3906 Hochachtungsvoll
2260 3908 2954 4063 B. Fischer, Verlag
