3436 4384
936 275 998 349 d
1237 286 1466 352 bens
306 281 1384 379 19. Der Ruf des Lenan
1623 291 2099 390 box 24/2
2055 1137 3268 1233 Lerunder Präsident Castro jetzt, daß er Frankreich
1965 1201 3262 1259 demütigen und sich um die Monroe=Doktrin nicht.
208 1215 1538 1316 ken 7.25. Mittelfranten 18, ungorsner Ferungen
755 1334 3266 1393 [Dr. Schindler (Reicher), Tante Richter (Else Lehmann) und Bases selbe romantische Tichtergemüt will uns glauben machen, daß es
743 1320 3265 1434 Katharina kennen so wenig wie Vater und Bräutigam das Ge=der Ruf des Lebens ist, der diese Verwirrung in den Herzen der
207 1363 589 1455 Lebens.“
216 1426 3274 1492 alte Moser (Hans Marr). Er heimnis dieser Mädchenseele, die hier eing schlossen wird, während] Menschen anrichtet. Wir nähern uns aber damit, das ist nicht zu
206 1410 3272 1546 junge schöne Mädchen (Irene draußen irgendwo sie irgend wer mit den führerischen Melodienleugnen, schon ganz bedenklich, Werners „vierundzwanzigsten Fe¬
206 1453 3278 1573 ihm aus einer Zeitung vor= des Lebens lockt. In Gedanten ist sie zu oft diesen Tönen bruar“, Grillparzers „Ahnfrau“ und den übrigen verhängnisvollen
201 1573 2590 1627 lten. Vor dem Fenster ziehen nachgegangen. In ihrer Seele ist es duntel geworden darüber. Aber Tagen, Messern und Gabeln.
2082 1528 3267 1627 Das Schicksalsdrama ist ohne Iweifel die höchste Staffel, das
203 1577 2038 1677 Hurrarufe, Militärmusik, dann was der werbende Rainer ihr verzeihen zu können vorgibt: Buh¬
220 1581 3280 1711 , nur Pferdegetrappel. Das lerei, Treubruch, Mord, hat sich in diese Seelendunkelheit hinein=letzte Ziel jeder dramatischen Poesie. Gerade deshalb aber auch nicht
199 1638 3276 1746 mit den Augen die Reihen der lgeschlichen. Sie nimt ihn beim Wort, den tühnen Herrn Forst= mit halben Mitteln oder Mätzchen zu erreichen. Es muß vom Dich¬
191 1735 3276 1800 uf. Es ist ihm, als hätte er einesadjunkten, aber seine schönen Worte hasten nicht einmal dem erstenkter an den Klippen der Hintertreppenromane und denen der un¬
2013 1722 3279 1805 tragischen lächerlichen Charaktere geschickt vorübergesteuert werden.
193 1772 1105 1841 knute, antwortet Marie auf sein Ansturm stand.
2095 1764 3268 1857 Schnitzler gibt außer diesem ersten sehr geschickt aufgebauten
861 1790 2027 1869 Marie wird auf ihrem Wege vorwärks getrieben. Sirenen¬
2025 1822 3271 1891 Akt mit seinen reichen Ausblicken in Vergangenheit und Zukunft
199 1819 811 1892 chlafen die paar Jahre, die ihm
794 1841 2041 1912 gejang vorn, hinten Haß, Verachtung, Gelegenheit vor sich, viel¬
2026 1854 3277 1937 mit seinen großen seelischen Zusammenhängen, die schließlich doch
191 1866 808 1931 n diese targe Lebensfrist denken.
798 1887 2029 1955 leicht die letzte zum Leben, und der Ruf eines Todgeweihien, wen
186 1900 810 1996 ielleicht noch fünf oder drei oder
2017 1901 3279 1978 die vielen Zufälle in ihren feinen Netzmaschen einfangen, noch zwei
776 1930 2027 1998 sollte das nicht zum Reußersten treiben! Von Base Katharina hört
2031 1936 3270 2023 weitere, in denen die Handlung gleichermaßen fortstürmt, ohne unser
184 1981 2034 2058 ben schwach gewesen. Als er mit Marie, daß der jungste Leutnant, dem sie auf jenem Ball, dem
2023 1986 3277 2066 Mitempfinden auf solcher Höhe zu erhalten. Wir sind im Zimmer
802 2011 2048 2087 einzigen in ihrem Leben, ein Rendezvons versprach, sie jetzt grüßen
2022 2030 3292 2107 des Ofiiziers (Kurt Stiler). Wir erwarten jeden Augenblick das
189 2043 805 2100 stand. Die Hitze des Tages und
791 2055 2042 2130 lasse: Sie hätte ihr Wort schlecht gehalten. — Aber er ist doch
186 2080 814 2154 ampf jagten ihm Zweifel durch
801 2081 3277 2177 fort. — Nein, seine Schwadron bleibt noch eine Nacht. Der andere Eintreten Maries. Aber das Schicksal hält uns ein wenig hin.
2027 2122 3278 2197 Wir müssen erst noch eine andere ebenso tragische Geschichte mit¬
187 2131 812 2196 verwirrte seinen Verstand, alles
201 2134 2044 2234 erschienen ihm grausame Ausge=Geiegenheitsmacher wird der Hausarzi Dr. Schindler. Er sagt ihr,
200 2214 3258 2289 rannei des Staatsbegriffes überl daß der Zustand des Vaiers aussichtslos sei, aber es könne so gutserleben. Der Obersi (Albert Bassermann) tritt ans Fenster. Er
195 2207 3283 2331 #er sein Pferd herum und floh,noch Jahre wie Tage mit ihm dauern. Wichtiger sei es, daß siel spricht mit Mar vom Sterben, vom Regiment und seiner Geschichte
2031 2243 3285 2333 — und von seiner jungen Frau. Max willst du zurückkehren, ich
194 2272 2041 2361 das Regiment, und die Schlacht hinaus komme, einmal täglich spazieren gehe und das Leben nicht
793 2285 3290 2385 draußen vorüberziehen lasse. Und wenn der alte Mann sie nicht muß vor unserem Todesritt eine Ordonnanz nach Wien schicken. —
195 2355 811 2423 in junges schönes Weib, das mich
186 2338 3283 2474 die mich haßt!“ schließt der Altel fortlasse, dann solle sie ihm einen Schlaftrunt geben: In dieser! Es könnte sein, daß dich jemand ins Leben zurücklockt. — Es könnte
2025 2379 3283 2477 sein, daß dieser Jemeand mein Weib ist. — Aufrichtig Max, ist es
808 2428 1648 2503 Flasche ist der Schlaf von hundert Nächten.
868 2422 3291 2518 Und nun kommt die Szene, in der der Kranke Marie durch seine mein Weib? Mar schtägt die Sporen zusammen und antwortet
192 2460 819 2547 unten vorbei — die blauen Kü¬
798 2518 3287 2588 Roheit zum Aeußersten treibt. Sein Empfinden für ihre hinaus= mit zitternder Stimme:Ich will. an Ihre Seite sterben Herr Oberst!
177 2522 816 2589 e die Schande mit ihrem eigenen
186 2511 3282 2643 hworen, in den Tod zu reiten, ge=schweifenden Gedanken ist tranthaft gesteigert. Er siebt ihr an, Er verehrt seinen Obersten. Mit einem Kameraden spricht er weiter
178 2558 3285 2685 um Wohle des Vaterlandes oder daß sie heute Nacht fort will, läßt sich zur Tür führen und zieht über diesen sonderbaren modernen Kriegshelden. Wir warten noch
2042 2599 3297 2678 immer auf Marie, nachdem wir schon einmal zweifelnd wurden, ob
181 2627 2042 2724 ichtend. Darum ist die Menge solden Schlüssel ab. Es gibt tein Entrinnen. Wasser will der Er¬
2042 2650 3285 2730 Mar es ist, den Maria liebt; dann aber von ihm selbst hörten, daß
795 2671 2047 2759 schöpfte. Marie reicht ihm das Glas, in dem der Schlaf von hundert
180 2689 792 2758 die Kaiserstadt Wien verlassen.
2015 2686 3297 2784 ser nur noch auf Marie wartet, um zu sterben. Des Obersten Frau
802 2728 1414 2808 Nächten ist: — Sie ist befreit.
173 2731 816 2812 ittner) tritt ein, er ist befördert
873 2725 3289 2840 Das sind die Geschehnisse eines Aktes, wahrlich nicht zu knappf ist in seiner Seele ausgestrichen. Während er seine Mannschaften
191 2787 826 2866 nun seinen Lohn holen will nach
2034 2780 3293 2847 revidiert, tritt Marie ein, verstört. Ein Geräusch verscheucht sie
820 2794 2059 2878 bemessen. Die Macht der Geschehnisse, nicht die Menschen handeln
2035 2826 3282 2912 hinter einen Vorhang. Max kommt zurück, gleich hinter ihm eine
192 2831 825 2892 Moser. Doch welches zwiefache
810 2852 2045 2928 hier auf der Bühne. Es kommen da Dinge zusammen, junge un¬
175 2879 822 2939 llte hat nur ohnmächtige Wut und
816 2862 3292 2969 schuldige Mädchen zu verkuppeln — auch Katharina, die Schwind=verschleierte Frau: die Frau des Obersten. Max soll entfliehen, sie
182 2915 822 2985 der ihm seine Tochter fortnehmen
819 2960 3281 3016 süchtige, hat sich einem Offizier der Blauen versprochen. Die Dinge,serwartet ihn, sie gehen dann beide über die Grenze. Aber Maxh
166 2949 828 3043 thisch gegen alles, was in diesem
811 2983 3281 3064 philosophisch gesprochen Zufälle, machen aus einem Rittmeister einen hat nicht die Seele eines Prinzen von Homburg, er liebt auch diese
183 3005 838 3077 Erlichsten Schimpfworte des armen
825 2999 3278 3100 seigen, ängstlichen Schurten, einen schwachen Haustyrannen. Zu= Frau nicht mehr, er verehrt seinen Obersten. Das Fenster klirrt,
187 3055 822 3123 mit Stillschweigen zu beantworten
823 3039 3284 3153 fälle, fünf, sechs sein ausgesponnene Zufälle, wie sie nur ein ab=der Oberst steht im Zimmer. Nach einem kurzen Wortwechsel er¬
190 3087 825 3165 nicht mehr zu hören scheint. Es
170 3132 3286 3209 Fiyrers seinem Peiniger gegenüber. gefallener Gottengel oder ein romantischer Dichter zusammenbringt, schießt er sein Weib und überläßt Max die Leiche. Max will ein
193 3183 3293 3247 in dieses Krankenzimmer treten,machen aus der hochherzigen Marie eine Vatermörderin. Und vieses Ende machen auch mit sich. Da witt Marie hinter dem Vorhang her¬
