3436 4352
468 117 869 190 Ausschnitt aus:
1103 124 1337 222 S
754 177 997 253 ZANOUTRTE
464 227 646 284 vom:
738 320 1407 409 Theater und Runst.
468 372 1679 474 „Der Ruf des Lebzen, Schauspiel in 3 Akten von Rethur
439 451 1665 494 Nach den Tarleguingen #euiser ohen
446 488 1661 568 terdenaber seine dramatischen Auffasungen gab
444 544 1663 605 waren wir uns ja gleich klar, daß er für den Schnitz¬
434 586 1666 666 lerabend wieder just das größte Machwerk wählen
437 631 1675 711 würde. Und die gestrige Aufführung gab uns recht.
432 677 1664 774 Dabei war sie aber trotz dreier Leichen auf der Bühne
428 730 1672 799 recht heiter. Drum müssen wir schon auch den Hergang
442 776 1669 853 erzählen: 1. Akt. Ein alter Rittmeister der seine Toch¬
428 817 1666 908 ter bis aufs Blut peinigt, diese ein Mädchen, das aus
428 865 1676 951 den Föhnenden Scritten der in den Tod gehenden
432 905 1662 997 Schwadronen den Ruf des Lebens herausfört. den Va¬
428 970 1676 1034 ter, der ihr eben noch beichtet, daß ihn vor 30 Jahren
433 1019 1664 1096 auf dem Schlachtfeld eine wilde Angst faßte und in die
422 1060 1658 1148 Flucht trieb, vergiftet —, um von der Leiche weg einen
422 1114 1669 1192 Offizier in die Arme zu laufen, der sie erst recht zurück¬
429 1155 1672 1248 stößt. Schwächliche Damen im Zuschauerraume rufen
421 1201 1667 1288 „Schrecklich!“ Zunächst peinliche Stille; dann dreht sich
405 1260 1659 1335 der Theaterindentant feierlich um, zu sehen, ob die zahl¬
404 1300 1671 1387 reich anwesenden Offziere am Rittmeister und ihre
412 1344 1665 1420 Töchter an dessen Tochter Gefallen fänden. Ein wenig
424 1403 1670 1500 Boifall, der den Spielern Czernitz und Hardt
418 1453 1658 1528 gilt. Dann der 2. Akt. Ein Oberst, der vor dem Auszug
416 1496 1668 1577 in den Krieg mit seinem Leutnant was zu bereinigen
425 1533 1662 1608 hat, eine Frau Oberst, die im Aufzug einer Straßen¬
414 1585 1649 1678 dirne ins Zimmer des Lentnants stürzt, ihn zum sei¬
422 1639 1652 1722 gen Drücken bereden will und wieder der Oberst, der
410 1684 1658 1779 durchs Fenster steigt, seine Frau erschießt; und der
411 1731 1662 1818 Theaterindentant, der sich umdreht, zu sehen ob den
418 1783 1661 1859 anwesenden Offizieren der Hohn auf der Bühne gefällt.
415 1830 1661 1919 3. Akt: Ein histerisches, militärverrücktes Mädchen, das
409 1882 1657 1967 schon in den früheren Akten nebeuher gelaufen, und
407 1934 1656 2010 aus desten Schwärmereien wir auch jetzt nicht klug wer¬
415 1980 1652 2067 den, entzieht uns endlich der 2od, dazwischen Gerede
409 2021 1648 2109 von Buße und ähnlichem, das niemand versteht. Wir
405 2067 1657 2145 hören gerade nur heraus, daß die Vatermörderin in
407 2126 1646 2185 ein Lazarett gehen soll, jedenfalls um den Ruf des Le¬
398 2179 1649 2253 bens auch unter die armen Feldgrauen zu tragen. Und
402 2224 1653 2300 wieder der Theaterindentant, der aber diesmal — es
407 2287 1648 2362 ist schrecklich — sehen muß, daß die Zuschauer ihm und
405 2326 1641 2391 dem Theater bereits den Rücken gekehrt haben. Der ma¬
400 2375 1650 2448 gere Beifall, der sich zeigte, galte wohl nur den Theater¬
403 2404 1648 2479 lieblingen Czernitz und Hardt, die sich in den Rollen
401 2459 1646 2531 etwas zurecht gefunden hatten, daneben vielleicht noch
401 2492 1644 2596 ein wenig Lerach und Enzinger Hoppe und
403 2550 1634 2643 Ander; die übrigen Spieler wußten mit ihren Rol¬
412 2598 1637 2680 len bis zum Schluß herzlich wenig anzufangen, was wir
406 2650 1060 2725 ihnen nicht verargen wollen.
471 2698 1638 2782 Nur eines wollen wir heute noch fragen? Muß die
395 2751 1639 2831 Salzburzer Bühne wirklich von Stufe zu Stufe sinken,
398 2796 1647 2871 daß sie sich zu einem Hohn auf die Feldgrauen hergeben
396 2842 1636 2927 darf? Es wär uns um den Platz leid, eigens anzumer¬
396 2899 1632 2977 ken, von welchen deutschen Militärkommandos die Auf¬
396 2940 1638 3033 führung des Machwerkes verboten wurde. Wir wissen.
383 2999 1631 3071 die Theaterindentantur sagt: „Wiener deutsches Volks¬
389 3037 1631 3117 theater“, ohne freilich behaupten zu können oder auch
401 3092 1628 3170 nur zu wollen, daß Salzburgs Bürgerschaft alle Halb¬
387 3139 1629 3202 und Lebeweltmarotten mitmachen will. Aber ein an¬
383 3193 1640 3257 deres ist's. Wie wir hören, bewirbt sich Direktor Bla¬
393 3232 1618 3309 sel um die Direktion des Theaters in Innsbruck
390 3265 1628 3365 und da hat er wohl auch die dortigen Theaterverhält¬
384 3331 1634 3410 nisse studiert und gesehen auf welcher Höhe dort die
398 3375 1633 3467 Klassikeraufführungen stehen. Möchte er nicht zuerst auf
389 3414 1552 3510 eigenen Institut mit dem Weg zur Höhe beginnens
514 3530 1509 3622 Spielplan des Stadttheaters in Salzburg.
374 3589 1640 3693 Sonntag, den 28. November, 3 Uhr: Der Zigenner¬
435 3636 632 3701 Baron.
452 3685 1640 3792 Sonntag, den 28. November, 7 Uhr abends: Die
446 3730 954 3803 Schöne vom Strande.,
373 3772 1536 3864 Montag, den 29. November, gelb: Das Fürstenkind.
381 3829 1619 3900 Dienstag, den 30. November, weiß: Maria Magdalena.
373 3873 1566 3963 Mittwoch, den 1. Dezember, weiß: Die Fledermaus.
375 3918 1580 4030 Donnerstag, den 2. Dezember, blau: Der Hinterhalt.
373 3972 1583 4056 Freitag, den 3. Dezember, gelb: Der Ruf des Lebens,
375 4019 1627 4117 Samstag, den 4. Dezember, weiß: Don Cesar. Benfiz
435 4057 733 4142 Mar Bratt.
2283 302 2785 363 anchenungabe onne Gewühr.)
1960 356 2375 438 Ausschnitt aus:
2459 349 2958 452 Linzer Tagespost,
2596 418 2789 511 Linz.
1968 453 2480 536 vom: 4-Otriet
1995 569 3061 647 (Salzburger Theaterbrief.) Aus Salzburg, 2. d. M.,
1870 572 3061 675 schreibt man uns: Wenn es sich auch um das schwächste dramatische
1870 649 3060 723 WWerk Schnitzlers handelt, so ist doch die Aufführung seines
1880 700 3060 747 Schauspiels „Der R#f-dos Lebens“ als eine literarische Tat
1884 730 3062 786 zu bezeichnen. Es gäbe noch eine ganze Reihe von Dramen, die
1886 759 3067 824 bereits vor zehn Jahren Neuheiten waren und den Boden unserer
1880 802 3060 874 Bühne aus unbekannten Gründen nicht berührten. Werke von
1878 840 3051 908 Hauptmann, Sudermann, Halbe, Drener, Bahr, Schönherr, Wede¬
1876 873 3054 948 kind und vielen anderen wären noch zu beleben und mancher
1870 907 3048 991 interessante Theaterabend könnte geboten werden, wenn es auch
1874 950 3048 1022 dabei nicht an Enttäuschungen fehlen würde. Es wäre immerhin
1875 988 3046 1066 nicht zu viel verlangt, wenn doch alle Monate einmal so etwas
1869 1028 3048 1104 wie literarische Luft in unserem Theater wehte. „Der Ruf des
1871 1070 3053 1127 Lebens“ hat gewaltige Schwächen, aber in keinem Werke Schnitz¬
1872 1104 3045 1168 lers drängen sich der Dramatiker und Novellist so sehr anein¬
1869 1154 3054 1218 ander, wie in diesem düsteren Gemälde zurückgedämmter Lebens¬
1874 1181 3047 1259 sehnsucht. Frl. v. Hardt gab der gequälten Marie Moser den
1874 1231 3048 1274 denkbar markantesten Ausdruck und gestaltete all die wider¬
1878 1265 3055 1333 sprechenden psychologischen Regungen in glaubwürdiger Weise.
1873 1308 3042 1370 Herr Hübner, der typische schüchterne Liebhaber, fand sich mit
1861 1337 3046 1408 dem ihm zugemuteten Heldentum als Offizier Max sehr geschickt
1865 1387 3051 1438 ab. Als Universaltalent entpuppt sich Herr Czernitz, unser dra¬
1877 1415 3056 1464 stischer Komiker; sein alter, mürrischer und verbitterter Moser¬
1862 1458 3045 1523 hatte realistische Prägung und machte tiefen Eindruck. Das Ex#
1862 1494 3060 1585 semble bemühte sich durchwegs um das Schauspiel, der Berfall
1866 1531 2285 1587 war ehrlich und stark.
2193 1576 2252 1657 W
1937 1722 2111 1805 J00
1966 1711 2938 1835 Vetent. Theater, Kunst und Musik.
1965 1791 3114 1887 5 „Der Ruf des Lebens“. Unsere Schaubühne segelt gegen¬
1905 1860 3118 1923 wärtig im Kielwasser des Deutschen Volkstheaters. Nach einem
1901 1910 3108 1975 von dort bezogenen Kinodrama und dem stammelnden Erstlings¬
1903 1967 3104 2023 versuch eines Unbekann'en kam das Schauspiel „Der Ruf des
1901 2008 3102 2072 Lebens“ von Arhur Schnitzler an die Reiher Es sehll enllch
1908 2052 3116 2116 nur mehr die Direktionskrise, um stolz sagen zu können wir täten
1896 2099 3115 2187 es dem Musenheim der Wiener Börsenleute in jeder Beziehung
1905 2147 3125 2208 gleich. Staunend frägt man, was um Gotteswillen=Anlaß gab,
1902 2192 3108 2257 dieses schwächste und unwahrscheinlichste aller Schnitzlerschen
1910 2251 3110 2302 Werke aus dem Archiv zu holen. Literarischer Ehrgeiz war es
1904 2298 3117 2352 nicht. Von dem ist das Salzburger Stadttheater alle Zeit gefeit
1900 2344 3119 2411 gewesen, sonst wäre der Versuch mit dem „Ruf des Lebens“ schon
1903 2395 3118 2459 vor zehn Jahren unternommen worden. Es gibt nur eine Er¬
1895 2430 3118 2504 klärung für die Aufführung des Stückes: In dem Schauspiele
1902 2486 3111 2550 wird viel vom Krieg gesprochen; Truppen marschieren ins Feld,
1901 2533 3114 2596 Mädchen nehmen schluchzend Abschied, die Zeitungen bring.n Be¬
1905 2563 3120 2645 richte über Schlachten. Alte Geschichten werden aufgewärmt, von
1894 2630 3154 2696 der feigen Flucht eines Kürassierregimentes. Um zu sühnen, was
1903 2672 3125 2741 das Regiment vor dreißig Jahren verbrochen, haben Offiziere und
1878 2709 3141 2791 Mannschaft sich zugeschworen, in dem neuen Feld### bis zum
1859 2771 3123 2825 nsetzten Mann zu kämpfen. Keiner soll die Heimat wiedersehen.
1854 2822 3136 2878 0, [Diese belanglosen Zusammenhänge mit der Gegenwart dürften!
1922 2841 3148 2916 ich zu einer Art Zwangsidee verdichtet haben und für die Auf= 1
1844 2878 1922 2936 1=
1845 2910 3145 2999 r. ührung des Schauspieles in Wien maßgebend gewesen sein. Es;
1882 3305 2784 3406 Seitisre
2845 3384 2950 3455 G
1879 3430 3128 3503 inen wimmle. Jetzt fanden Besprechungen mit den griechischen
1911 3498 3124 3566 Behörden statt, die der angeblichen Spionage ein Ende machen
1904 3548 3125 3631 wollen. Die Vierverbandsmächte wollen auch den telegraphischen
1912 3591 2648 3668 Verkehr unter ihre Kontrolle bringen.
2246 3649 2783 3735 Die russischen Absichten.
1957 3708 3122 3787 h. Mailand, 26. November. „Secolo“ meldet aus Rom:
1901 3777 3132 3833 Sonnino hatte gestern vormittag auf der Consulta mit dem rus¬
1904 3821 3125 3883 sischen Botschafter eine lange Unterredung. Man bringt die Un¬
1908 3872 3126 3929 terredung in Zusammenhang mit der bevorstehenden russi¬
1903 3915 3131 3975 schen Balkanexpedition Es werde bestätigt, daß das
1905 3966 3137 4028 Expeditionsheer nunmehr vollzählig ist und daß die russischen
1904 4016 3135 4065 Streitkräfte binnen kurzem die Türken und Bulgaren angreifen
1897 4056 3129 4117 werden. General Kuropatkin, der Oberbefehlshaber des Ex¬
1875 4088 3123 4167 peditionskorps, befinde sich in Taschbunar, zwischen Ismail und
2535 4163 3108 4187 DA MINN
