3436 4384
291 243 1455 333 19. Der Ruf des Lebens
1599 249 2074 346 box 24/2
224 1458 600 1530 geschworen, daß
222 1512 643 1565 Mit solchen Vor¬ —
1194 1493 3079 1603 ne
216 1545 3077 1598 t! Bald erfahren dem Doktor, der ihre Tat verdeckt hat, weil er in ihr keine Bühne stirbt, als ein Gemisch von Bacchantin und Ophelia.!
190 1593 1824 1662 Egabe seines Regi= Schuld erblicken kann. Sie ist dem Rufe des Lebens gefolgt
1810 1612 3076 1686 Herr Marr als alter Moser war tüchtig, chargierte aber
194 1626 1817 1688 ch, sondern auch die und wenigstens einmal ganz glücklich gewesen. Und nun
1807 1645 3070 1730 stellenweise doch wohl zu sehr. Der interessante Oberst des
188 1660 593 1727 WDie Gestalt dieses
569 1666 1817 1730 spricht der Dr. Schnitzler — pardon Schindler — weiter über
1807 1688 3055 1756 Herrn Bassermann wurde schon hervorgehoben. Herr
188 1706 580 1760 kierte, ist vielleicht
575 1703 1824 1780 die Umwertung aller Werte, die Relativität aller Dinge und
1802 1738 3061 1795 [Stieler war als Max zu farblos, woran die größere Schuld
186 1743 574 1801 kerste Unter altung
569 1743 1814 1811 andere moderne Themata. Was bedeuten Ruhm, Ehre, Vater¬
1815 1772 3067 1851 aber der Autor trägt. Den Raisonneur gab Herr Reickes
183 1779 574 1843 rs mit Me zeigt
574 1789 1822 1848 land um derentwegen sich die Menschen töten lassen? Worte,
1815 1809 3056 1872 gut und eindringlich. Herr Rittner und Else Lehmann
192 1818 582 1882 afür ist Handlungs
565 1814 1817 1880 Wotle! Die Stimme des Lebens in uns spricht lauter und
1812 1852 3056 1920 mußten sich mit den unbedeutenden Rollen des Adjunkten
188 1855 1811 1941 gestellt un#d###chter, die uns heißt, das Dasein festzuhalten, zu genießen, uns
1804 1879 3055 1951 und einer ziemlich gleichailtigen älteren Dame begnügen.
199 1901 854 1969 eines Augen Wle zuleben.
1801 1923 3049 1976 Die Regie war zu loben. Nach dem ersten Akte war der Bei¬
188 1936 661 2029 le in das Zus, heig.
637 1943 3058 2029 Hinter jedes sittliche Motiv für menschliches Handeln fall noch ziemlich stark. Dann äußerte sich der Widerspruch
183 1963 431 2028 e. Gleich
664 1981 1820 2048 alsp ein skeptisches Fragezeichen gemacht. Nichts ist sicher
1803 2005 3055 2063 immer lebhafter. Man freute sich aber, die sympathische Er¬
185 1992 535 2066 En, seine G. 6
527 2019 3051 2125 ## der Tod.“ Und darum sollen die Menschen überall und scheinung des Dichters sehen zu können, der daher oftmals ges
190 2042 523 2104 Liebe willen 1
515 2042 1803 2126 ###n der dem Rufe des Lebens folgen. Friedrich Schiller dachte
1799 2079 2117 2146 rufen wurde.
191 2078 513 2148 Marie hintele
2870 2100 2966 2156 —HT—
568 2103 1816 2146 ###o dem Werte des Lebens anders. Für ihn war es „der
186 2134 474 2199 er Ge abti
631 2139 1823 2201 #erhstes nicht“. Und die sittliche Bewertung des Daseint
504 2132 724 2217 aber Kr
181 2167 285 2224 ächt -
715 2177 1805 2243 per Voraussetzungen seiner sämtlichen Tragödien, di
515 2201 636 2268 Seh
184 2187 386 2261 hr küirre.
705 2217 1804 2286 arhebt sich: Ist ein Drama ohne sittliche Motive über
176 2243 373 2304 Weibes
504 2229 1802 2332 die z1 öglich? Ich spreche nicht von aneinandergereihte
182 2284 477 2347 was ihn zu
505 2307 1799 2363 siche 21 , sondern von einem Drama. Bei Schnitzler selb
180 2320 457 2382 ichten. Da
590 2340 1803 2397 #ifen die „Blauen Kürassiere“ den alles verstehenden Ra
170 2343 478 2423 Ebens ertönt.“
513 2352 1800 2438 e Ineur Lügen. Es ist eben ein arges Durcheinand## in diese
177 2410 1807 2482 #beiden — d### e#eten Arbeit des Wiener Autors. Er wollte, wie seion gesag
177 2435 1796 2514 leiche dieses w### viel und er wollte auch zu vielerlei. Der Dichter un
179 2484 1795 2527 senmontag“##der Grübler in ihm, der Thesen aufstellt und verfolgt, wollte
174 2527 1794 2596 Szene zu zussammen arbeiten. Als Stoff wurden zwei —an und für sie
172 2553 1317 2610 ne natürlichbnicht schlechte Novellenvorwürfe —
1295 2572 1795 2626 genommeni und daz
180 2604 1803 2652 er durch die##e#ine Handvoll bitterer, aber nicht einmal sehr originelle
174 2636 1797 2711 fire schon zu ## ### Lebenserkenntnisse“. Und zwar sollten die ersteren die letztere¬
177 2683 1793 2753 erletzt sei. —# ###noch beweisen. Natürlich mußten sie zu diesem Zwecke bei
183 2711 573 2773 mit dem Leutuh##
551 2725 1796 2788 sonders konstruiert werden, und so wurde ihnen auch ihr
211 2757 557 2807 Marie ist Hier
554 2752 1725 2820 ursprüngliche Lebensfarbe zum großen Teile genommen.
170 2776 552 2862 ewesen ist: Eine
550 2800 1788 2880 entstand ein Stück von aufdringlicher, unwahrer Theatralik un
545 2829 1783 2920 unangenehm durchsichtiger Tendenz. Beides ist Arthur Schnitze
159 2853 552 2929 atisch retrospektiv
549 2867 907 2940 lers unwürdig.
173 2905 555 2967 rt der Raisonneur
627 2910 1801 2996 Es bleibt noch übrig, etwas über die Darstellung inz
167 2943 549 3010 ar sehr geschätzte
557 2936 1816 3024 Lessingtheater zu sagen. Die große Künstlerin Irene
167 2988 556 3048 Traurigen und
544 2979 1800 3077 Triesch versuchte ihr möglichstes, die Marie glaubhaft zu
175 3021 557 3087 tot — von seiner
547 3023 1803 3105 machen. Dabei griff sie zu dem Hilfsmittel, die Rolle ins
169 3068 544 3128 eutnant Max tot,
546 3063 1802 3138 Ibsensche zu übersetzen. Viel geringer wurden die Unwahr¬
175 3087 553 3163 gefallen. Marie
550 3107 1544 3169 scheinlichkeiten dadurch freilich nicht. Grete H
1553 3115 1804 3175 offman#
185 3133 550 3212 t Zwiesprache mit
541 3146 1804 3207 fab die „Nebenrolle“ der Katharine, eines unheilbar schwind¬
542 3179 1815 3261 süchtigen Mädchens, das auch dem Rufe des Lebens folgt, im
531 3202 1815 3296 Genuß von Arm zu Arm wandert und im dritten Akt auf der¬
3049 1714 3105 1781 800
