3484 4352
310 210 1591 324 19. Der Ruf des Lebens
737 664 1413 787 Sene Freie Preise, Wie¬
621 825 1401 911 Theater= und Kunstnacheichten.
489 897 1589 968 [Deutsches Volkstheater.] Schnitzlers „Der
407 906 1591 1011 „Ruf des Lebens“ ist heute nach längerer Pause, neu in Szene
416 987 1591 1055 gesetzt, wieder ausgenommen worden, jenes packende Schauspiel,
412 1014 1580 1093 in dem tiefe dichterische Dinge neben dramatisch aufwärts streben¬
412 1059 1585 1136 den Szenen und dicht neben Theatergrellheiten stehen. In diesem
421 1104 1585 1181 Schicksal des jungen Mädchens, das den Vater tötet, um dem Ruf
413 1144 1573 1225 des Lebens zu folgen, und in der Tragödie des todgeweihten Regi¬
420 1187 1585 1274 ments und seiner Führer klingen alle Motive der Schnitzlerschen
415 1232 1583 1312 Dichtung heftig zusammen: rascher Haß und rasche Liebe, jauch¬
408 1287 1580 1327 zende Lebensbejahung und dazwischen der Todesreigen. Das
408 1324 1584 1384 eigentlich Reizvolle ist aber boch das Oesterreichische darin; dieses
404 1372 1576 1432 müßte man hier überall fühlen und es fehlt leider dieser sauberen,
401 1408 1570 1466 korrekten und fleißigen, aber poesielosen Aufführung beinahe
398 1459 1574 1520 ganz. Herr Goetz als der alte Moser ist von dieser osterreichischen
400 1488 1589 1564 Schattierung entfernt, aber seine Figur ist mit allen Alters¬
399 1535 1581 1612 nücken und stücken ungemein echt gesehen und ungemein echt
405 1574 1568 1649 in jedem geringsten Charakterzug geformt. Fräulein Deuera
399 1620 1567 1718 (Marie) gibt ihrer Gestalt die Herbheit einer Bauernmadonna;
1173 1680 1330 1732 —
748 1712 991 1775 ———
1236 1722 1583 1807 e   K
426 1704 1614 1856 ihr fehlt das Impulsive, jenes nicht zu dämmende Blut, das sie
422 1774 1603 1897 zur Tat und in die Arme des Geliebten treibt. Frau Erika
419 1818 1607 1935 Wagner hat ihre gewohnt edeln Gesten, Herr Danegger
416 1867 1607 1999 ist durch Schlichtheit sympathisch, Fräulein Rosenquist ge¬
413 1897 1608 2029 legentlich leicht manieriert, Herr Weiner=Kahle von wirk¬
418 1947 1594 2064 samer Kälte, Herr Onno von nicht minder wirksamem Feuer,
412 1999 1601 2121 und alle bringen doch die Wirkung der Schnitzlerschen Welt nicht
394 2033 593 2116 hervor.)
587 2390 1491 2484 juustieftes Wiener Extrablatt.
562 2460 860 2563 27W 1010
1048 2539 1416 2644 -ln
542 2594 1466 2680 Deutsches Volkstheater. Neu einstüdiert und
444 2651 1492 2734 neu in Szeue gesetzt fänd gestern Altur Schnivlers
441 2683 1444 2767 Schauspiel „Der Ru###des Lebens“ neuen
452 2718 1449 2816 Beifall. Das Stück in auf scharfsnnig erklügelten
442 2762 1443 2838 Bora Setzungen ungemein geistreich aufgebau, doch
438 2797 1398 2882 erhebt sich das Gerüge dieser Szenen auf z
426 2838 1475 2929 schwankem Grunde. Das leidige Thema ist uns seit¬
439 2875 1441 2970 her unendlich fern abgerückt. Die Parhetik eines un¬
436 2908 1432 2994 abläisig sich selbt beriegelnden milttärischen Helden¬
433 2968 1435 3045 tums, eines Opfermutes ohne ersichtlichen Sinn.
430 2988 1433 3069 Zweck und Verstand fröstrik uns heute nur an.
428 3025 924 3096 Das sind Ehrbegriffe
955 3044 1118 3102 aus
1195 3056 1429 3113 weithisori¬
417 3084 1434 3159 schen Rumpelkammer, Hildal os mit Raupenheimen.
428 3118 1435 3193 Roenmontag fällt auf Aichermittwoch. Die Tar¬
416 3155 1440 3229 stellung verhalf dem theatralich effektreichen seir
422 3188 1422 3274 bühnengerechten Drama wenigstes zu kurtem Schein¬
417 3225 1423 3298 leben, machte Unglaubwürdiges aunäbeind möglich,
412 3260 1428 3355 ungefäht begretklich. Derr Götz stellte aes torkranker!
417 3311 1424 3377 uralier Frigling, der schamlos biübende Jugend
416 3340 1423 3431 über eben will ein schauspielerisches Meisterstück hin.
420 3379 1423 3465 Das Bissige einer niedrigen Ich=Natur, die boshalte
407 3428 1408 3504 Lust am Quälen kam prachtvoll heraus. Die
404 3467 1423 3562 Damen Deuera, Rosenquist Thaller
413 3495 1269 3575 und gan besonders Frau Erika Wa
1363 3535 1408 3580 r
405 3543 1420 3610 bosen ihr Bestes. Feinstes. Ihnen reih en sich würdig
399 3586 1413 3666 die Herren Teudler, Werner=Kahle,
396 3614 1410 3701 Onno, Ehmann und Rehberger an. Herr
400 3658 1411 3723 Danegger war heizich und einsach, men chlich.
401 3701 1413 3790 alt=österreichisch. Man ließ ihn die jetzt nur icrmerzu
400 3739 1400 3815 herumintrigieren und böewichtern — es steckt aber
403 3777 1397 3861 aus eins sehr liebenswürdige Liebhaber=Nalur in
403 3820 1405 3894 ihm. Dr. Bernbard Reichs Regie war-zeitecht und
402 3848 1406 3939 #ttivoll biedermeierlich, als ob er sich vorher in Abalbert
397 3891 1072 3970 Stifter eigens tief eingeleien hätte.
1597 193 2078 279 box 24/5
2230 1170 2755 1274 . APflt 1919
2527 1211 2951 1347 De M N1
2201 1338 3016 1511 Theater und Kunst.
2199 1494 3117 1580 ## Deutsches Volkstheater. Neueinstudierung
2128 1534 3107 1617 von Schnitzlers „Der Rufdes Lebens“,
2127 1604 3118 1661 Spielleitung Dr. Bernhard Reich. — Zu Be¬
2130 1637 3113 1700 ginn des Krieges haben wir dieses Stück zum
2138 1692 3109 1755 letzten Male gesehen, jetzt, nachdem alles zu
2137 1733 3111 1797 Ende ist, zeigt man es uns wieder. Seltsam,
2126 1781 3130 1844 wie stark wir seine Kühnheiten, seine Auf¬
2129 1820 3127 1884 lehnungen gegen die Heldenlehre, in der wir
2127 1864 3121 1930 erzogen wurden, erst jetzt am stärksten emp¬
2127 1908 3112 1972 finden, da sie doch Gemeinplätze unseres Den¬
2127 1952 3112 2016 kens und Empfindens geworden sind. Das
2134 2004 3115 2059 Werk ist eines der tiefsten und edelsten des
2126 2033 3109 2110 Dichters, aber es hat auf der Bühne nie recht
2137 2074 3116 2131 Glück gehabt. Einem prachtvollen ersten Akt
2125 2121 3130 2187 folgt die Skizze eines Dramas und dann ein
2133 2168 3135 2238 kyrisch=philosophisches Nachspiel. Der letzte Akt
2130 2214 3131 2285 ist nichts als die Betrachtung eines Auftauchens
2126 2269 3128 2334 aus einem wilden Erlebnis. Ein feierliches
2141 2308 3116 2373 Begräbnis des Dramas mit hohem geistigen
2135 2354 3108 2415 Prunk. Das Werk, in dem jeder Akt ein
2132 2400 3112 2446 anderes Tempo, ja, einen anderen Stil haben
2128 2444 3113 2509 muß, ist schwer zu spielen und bedarf über¬
2121 2495 3165 2551 legener Sicherheit der Spielleitung. Die be¬
2135 2527 3163 2577 herrschende Reife fehlte diesmal und eine Fehl¬
2123 2561 3121 2651 besetzung verstärkte immer die andere. Die Rolle
2122 2625 3116 2695 des alten Moser — die bei der Berliner Erst¬
2209 2745 2242 2772 —
2098 2726 3068 2804 aufführung Marr spielte — war der Güte und
2096 2768 3063 2849 Weichheit des Herrn Goetz anvertraut, während
2096 2841 3060 2899 sie Herrn Forest oder Herrn Werner=Kahle
2100 2867 3065 2957 gehört, der sich ebenso redlich mit dem Obersten
2105 2921 3064 2983 abquälte (in Berlin Bassermann), der Herrn
2109 2959 3081 3023 Homma verlangt hätte; die Irene spielte Frau
2106 2982 3085 3072 Wagner; hier wäre Frau Carlsen besser am
2110 3048 3087 3112 Platze gewesen. Der Max war an Herrn
2101 3101 3067 3161 Onno statt an Edthofer gekommen. Fräulein
2110 3132 3070 3195 Denera verraunzte die Marie (in Berlin
2100 3180 3071 3265 Frau Triesch) rettungslos, da hätte man sich
2101 3225 3075 3299 eher noch für Fräulein Woiwode entscheiden
2108 3280 3081 3333 sollen, während die Katharina, mit der Fräulein
2104 3314 3079 3393 Rosenquist nichts anzufangen wußte, nach
2106 3349 3087 3425 Fräulein Keller schrie. Auch Herr Tänbler!
2109 3382 3086 3472 fühlte sich als Arzt (in Berlin Reicher) nicht
2111 3432 3086 3514 wohl. Gut war Herr Rehbergir als
2109 3499 3083 3562 Albrecht, sehr anständig Herr Danegger
2110 3532 3080 3610 in der undankbaren Rolle des Försters, die in
2117 3571 3091 3643 Berlin Rittner wider Willen spielen mußte.
2103 3625 3079 3707 Die beiden ersten Akte fanden st den Bejfall¬
2103 3674 3087 3748 der dritte, schwächste und dichterisch werkbollste,
2104 3722 2803 3775 fiel wie immer auch diesmal-ab.
