3248 4352
1125 126 2157 166 nur ein ärmliches Stück Leben rein antmalischer
1127 149 2166 210 Qualität Und mit welcher krassen Brutalität setzen
1128 198 2161 274 sich diese Instinkte hier durch, mit welcher, man
1128 246 2165 320 möchte fast sagen, rohen Unglaubwürdigkeit. Vom
1128 304 2170 389 alten Vater wollen wir nicht sprechen: sein plumper
1137 347 2174 420 vampyrartiger Egoismus ist zwar eine in hohem
1144 408 2166 464 Grade abstoßende Ausnahmeerscheinung, aber immer¬
1133 455 2171 522 hin denkbar. Aber ist es denkbar, daß ein
1136 497 2168 568 junges Mädchen von der Leiche ihres soeben
1137 534 2178 602 von ihr gemordeten Vaters hinausstürmt, ohne
1144 585 2175 655 sich auch nur einen Augenblick nach ihm um¬
1148 651 2175 709 zusehen, daß es ihn wie ein Stück Holz am Boden
1153 697 2168 747 liegen läßt, um nur ja keine Minute des heiß er¬
1142 743 2183 795 träumten „Glückes“ zu versäumen? Ist es denkbar,
1154 796 2180 852 daß Marie auch angesichts der Leiche der vor ihren
1152 821 2176 897 Augen erschossenen Geliebten ihres Max keinen
1147 873 2179 943 anderen Gedanken hat, als ihm anzugehören? Nur
1157 924 2190 1001 einmal hat sie mit ihm eine Nacht durchtanzt und
1124 990 2202 1079 1 doch erwartete er ihr Kammen als etwas Selbst¬
1077 1126 2133 1199 verständliches. „Sie hätte mich nicht sollen warten;
1068 1190 2321 1250 lasser.“, sagt er. Und dabei ist sie die Tochter eines greits e
1070 1249 2128 1301 ehemaligen Regimentskameraden, ein¬
1071 1266 2125 1345 Mädchen, das doch wohl auch ohne Preisgabe von
1080 1323 2130 1397 Ehre, Leben und Seligkeit hätte die Seine
1086 1376 2074 1441 werden können. Ebenso kraß und befremdlichi
1080 1431 2123 1503 ferner auch die milde Selbstverständlichkeit, mit
1089 1464 2126 1546 der die Tante das zügellose Treiben ihrer
1082 1507 2134 1601 Tochter Katharina hinnimmt und erst recht befremd¬
2170 1540 2315 1641 Die
1093 1541 2173 1639 lich die hohle Schlußsalbaderei des Arztes, in der er
1097 1601 2268 1693 für alles was geschehen, nur eine billige Paraphrase l seres
1088 1634 2305 1737 des Wortes tout comprendre, c’est tout par-gund il
1092 1710 2307 1798 donner übrig hat. Würdig und ernst heben sich fühlen
2134 1760 2310 1825 funder
1097 1766 2141 1839 von dieser Folie im Stück nur die Gespräche der
2184 1807 2305 1871 Bei
1091 1818 2131 1891 beiden Offiziere des „tobgeweihten“ Regiments ab,
1090 1864 2269 1944 die dem lockenden „Ruf des Lebens“ in zwar ver¬ des
1095 1906 2301 1994 schiedener Schattierung, aber in einheitlicher Grund= mußte
1115 1953 2313 2044 stimmung die höheren Begriffe an Ehre und Pflicht der rei
1160 2009 2320 2097 genüberstellen. Aber ist nicht endlich die ganze häßlich
1162 2054 2148 2136 oraussetzung des „todgeweihten“ Regiments eine
1101 2113 2304 2182 unsinnige Phantasterei? Wer vermag vor dem! Theate
2148 2153 2312 2218 deutsch
1101 2161 2142 2232 Ausrücken eines Regiments ihm eine Position im
1103 2198 2305 2294 Felde zuzuweisen, die ihm den sicheren Untergang soll, d
2001 2251 2286 2321 Und seine
1110 2261 2005 2340 bis auf den letzten Mann garantiert.
1860 2299 2300 2373 wozu, denn' vier 2
1109 2313 1864 2387 wenn das nicht möglich ist,
1115 2333 2305 2430 der ganze Lärm? So kann das Stück trotz mancher des N
1106 2398 2310 2487 spannenden Momente im Grunde doch nur einen welcht
1118 2466 2309 2538 in hohem Maße unbefriedigenden, ja in einzelneng auf d
1112 2508 2301 2573 Szenen geradezu abstoßenden, jedes ethische und dem
1111 2538 2308 2645 ästhetische Gefühl verletzenden Eindruck hinterlassen. Wo
1176 2611 2286 2689 Gespielt wurde im gunzen recht befriedigend. über
1117 2633 2297 2739 Namentlich schuf Herr Herdy in dem alten Mo= dergl
1124 2711 2304 2791 ser, den er bei aller Gebrechlichkeit mit der ganzen komn
1120 2749 2283 2836 zähen Galligkeit des verknöcherten Egoisten ausstat¬ halte
1116 2793 2286 2888 tete, einen Typas von realistischer Lebenswahrheit. direk
2158 2843 2296 2902 konn
1128 2856 2158 2953 Seine Tochter Marie hatte in Frl. Weinber¬
2173 2892 2308 2972 sehen
1123 2909 2156 2994 ger eine Vertreterin, die ihrer schwierigen und
2213 2939 2313 3008 S
1124 2970 2158 3035 wenig sympathischen Aufgabe in anerkennenswerter
2167 2994 2299 3055 schon
1120 3008 2165 3092 Weise gerecht wurde, ohne indes der Rolle soviel
1123 3045 2298 3135 abzugewinnen, wie wir es sonst an ihr ge= ben,
2179 3081 2320 3164 Stück
1131 3104 2167 3177 wohnt sind. Als Frau Richter — wir folgen in
2210 3139 2316 3206 Wi
1126 3156 2174 3225 der Reihenfolge der Personen dem Theaterzet¬
1126 3196 2320 3279 tel — Dot Frau Sterry eine annehmbare Leistung. aufge
1139 3240 2319 3332 Ihre schwindsüchtige, dabei aber lebensdurstige] schlim
1136 3294 2326 3389 Tochter Katharina wurde von Frl. Geiger ge= Gem¬
1131 3340 2296 3426 geben, wobei nur ihre äußere Erscheinung mit dem das
1133 3365 2316 3477 Krankheitstypus der Katharina nicht recht harmo=wohl
1142 3455 2313 3528 nierte. Als Dr. Schindler füllte Herr Armin v.litera
1144 3498 2316 3583 Ritter seinen Platz in angemessener Weise aus Deut
1148 3532 2296 3624 und ein gleiches gilt von Herrn Reichenbach und
1151 3580 2312 3672 als Forstadjunkt Rainer. In den kleineren Epi= Hi
1146 3642 2315 3723 sodenrollen des 2. Aktes boten Herr Oehmig dank
1146 3682 2324 3775 als Oberst, Frl. Walden als seine Frau Irene mögl
1148 3732 2324 3819 und die Herren Rudolf Anthony als Max] Mack
1147 3780 2314 3873 und Karl Reif als Albrecht sehr gute Leistungen. ersch.
1156 3836 2313 3918 Durchaus unverständlich blieb uns aber das giter
1150 3882 2301 3971 Biedermeierartige Kostüm der im Stück beschäftigtendes
1158 3949 2315 4019 Zivilpersonen männlichen und weiblichen Geschlechts,  Lu
1159 3987 2298 4067 wo doch auf dem Theaterzettel das Jahr 1866 als  Mö
1984 4024 2308 4120 C. m. tref
1154 4056 1796 4149 Zeitbestimmung angegeben war.
2151 4076 2305 4152 gwie
