3436 4352
1595 344 2061 433 box 24/5
278 363 1440 480 19. Der Ruf des Lebens
851 628 1735 760 SSL
1053 740 1972 851 Perverse Tragödien.
937 829 2110 912 Es ist wirklich, als ob Spottgeburten von Dreck und
842 892 2103 946 Feuek an Allem wühlten, was einst den Stolz und die
847 919 2117 995 Gräße unseres Volkes, die Grundlagen unseter deutschen
853 963 2099 1030 Kultur ausgemacht hat. Der Sozialdemokratie gleich,
963 1028 2115 1087 bald unser Staatswesen in heftigen Anläufen
846 1054 2104 1113 über den Haufen zu werfen droht, bald es durch Unter¬
846 1089 2116 1158 waschung aller sozialen Grundfesten zu zersetzen trachtet, tritt
851 1161 2109 1212 auch auf allen geistigen Gebieten, zumal in Kunst und
857 1194 2117 1254 Schrifttum, ein Nihilismus auf, der bald alles männlich
864 1244 2108 1294 heldenhafte Wollen und alle edle Frauenscham verhöhnt,
863 1276 2116 1337 bald beide durch schlüpfrige und geile Sittenlosigkeit innerlich
866 1313 2113 1388 zu zerstören sucht. Und wie ein Teil der verantwortlichsten
849 1355 2119 1415 Kreise mit den Umsturzbestrebungen der Sozialdemokratie
858 1412 2115 1473 liebäugelt, jubelt ein Teil der Gesellschaft, von dem man
845 1463 2113 1526 einen gewählten Standpunkt immerhin sollte erwarten dürfen,
857 1493 2110 1573 der Entartungsliteratur zu ...... sie wissen nicht, was
864 1548 1056 1631 sie tun!
939 1562 2110 1662 Als wir im vorigen Jahre Schillers Todestag feierten,
864 1622 2122 1695 zog es wie eine läuternde Befreiung durch unser Volk.
870 1663 2122 1734 Aus dem Tiefendunste des Alltages sehnte es sich hinauf zu
851 1718 2132 1790 den reinen Höhen seiner über alles Gemeine erhabenen
866 1761 2123 1818 Persönlichkeit, um einen Hauch seines Heldensinnes zu ver¬
872 1808 2111 1880 spüren. Selbst die Modernen konnten sich diesem Zwange
865 1858 2126 1920 nicht entziehen. In der Lauterkeit des Schillerschen Geistes
1610 1889 2131 1956 nicht spiegeln, aber
872 1899 1605 1973 freilich durften sie selbst sich
1764 1933 2129 2004 zu leben ver¬
880 1936 1748 2010 da sie ohne Selbstberäucherung nicht
849 1973 2128 2049 mögen, traten sie als die lautesten Lobredner Schillers
851 2022 2124 2096 auf; und selbst aus ihrem Munde konnte man denn ver¬
858 2056 2126 2131 nehmen, wie Schillers Kunst das Ergebnis schwerster innerer
1750 2109 2138 2173 itgewesen sei. Und
868 2119 1717 2181 Erziehung der eigenen dichterischen Personlich
1759 2162 2148 2224 gnung der eigenen
866 2167 1666 2234 auch das wurde — unter zeitweiliger V
1940 2201 2131 2264 Schillers
873 2214 1626 2268 Nachtaffenart — laut von der Moderne
1952 2244 2121 2301 Stärke
879 2254 1629 2321 dramatischer Tatsachensinn und sittl
1959 2291 2125 2348 seien:
1688 2285 1812 2351 ich er
875 2302 1655 2374 aus zwei großen Wurzeln hauptsäck
881 2346 2137 2398 aus der hohen Schicksalsanschauug der Griechen und aus
881 2376 2138 2447 der strengen Geschichtsauffassung und dem ernsten Pflicht¬
879 2441 1204 2507 begriffe Kants.
969 2455 2132 2536 An ihren Früchten sollt Ihr sie erkennen! Werfen
863 2512 2142 2589 wir einmal einen kurzen Blick auf die beiden
889 2562 2141 2626 Tragödien, die jetzt den Zulauf der Berliner haben. Beide
891 2617 2130 2672 sind sie ja im Schillerjahre geschrieben. Die eine behandelt
890 2652 2146 2712 den größten Stoff der griechischen Welt, die andere ihren
893 2687 2133 2752 inneren Zügen nach einen geschichtlichen Heldenstoff.
885 2730 2144 2791 Beide sind recht verschieden; aber beide stellen die
895 2778 2141 2845 Frage nicht nach der Seelenhöhe, sondern nach dem Ab¬
885 2823 2130 2912 hube sinnlicher Verkommenheit. Beide versuchen, das Perverse
884 2887 2141 2942 an Stelle des Göttlichen in der Menschenart zu setzen. Beide
892 2926 1913 2993 sind langgeschwänzte Zerrbilder Schillerscher Muse.
963 2942 2142 3029 Die Griechen! Wohl haben wir nach der Bekanntschaft
887 3001 2133 3061 mit des Aristophanes vornehmem Spöttergeiste, wie nach des
897 3058 2149 3105 Sokrates moralinsaurer und Platos künstlerisch=mythologischer
891 3084 2142 3163 Anschauungsweise das niedere Volk der hellenischen
898 3138 2142 3208 Städte mit anderen Augen zu betrachten gelernt, als denen
899 3175 2134 3251 des steifleinenen Klassizismus, unter dem unsere lebensfreudige
896 3228 2145 3291 Jugend gelitten hatte. Und als wir zu Jacques Offen¬
882 3260 2141 3338 bachs frechen Weisen die ganze Herrlichkeit der lüder¬
1443 3312 2144 3380 malerisch gruppieren sahen,
890 3330 1037 3396 lichen
1042 3314 1443 3388 Olympier sich
896 3354 2147 3411 mischte sich in unsere Empörung über solche Ver¬
892 3402 2169 3477 höhnung zwar die aus innerer Freiheit ensprungene
900 3445 2157 3516 Freude an der genialischen Mache dieses jüdischen Schlingels;
901 3502 2135 3556 aber seine Frivolität konnte uns nicht einen ernsten Augen¬
891 3533 2160 3607 blick daran hindern, auch nach der Satire wieder das große
904 3576 2162 3638 heilige Land der Griechen. mit der Seele zu suchen. Und
894 3623 2154 3681 in diesem Lande der reinen Formen und tragischen Riesen¬
903 3659 2160 3741 geister ragte als ehrfurchtgebietendster von allen uns Sophokles
898 3708 2158 3784 empor; unerreichbar, wie das hinter der griechischen und —
904 3753 2158 3821 niemals konnten wir dessen vergessen! — auch der germanischen
907 3796 2159 3867 Götterwelt aufragende Schicksal blieb uns der ewig ge¬
894 3836 2155 3907 heiligte Mythos von der Schuld und dem Ver¬
911 3879 2159 3950 hängnis des Oedipus und seines Ahnengeschlechtes. Groß und
915 3931 2167 4010 leidvoll ragt dieser Held vor uns auf als Träger seines
901 3973 2158 4060 mit tragischen Schauern die Jahrtausende überwältigenden Schick¬
902 4021 2169 4099 sals. Goethe sowohl wie Schiller sind in bewußter Scheu vor diesem
913 4082 2149 4129 endgiltig als unberührbar erscheinenden Stoffe zurückgewichen.
902 4101 2166 4183 Anders Herr Hugo Hoffmannsthal aus Wien! In seiner
913 4157 2170 4228 jüdischen Harmlosigkeit glaubte er „rasch vom Tisch die reiche
910 4200 2175 4257 Krone stehlen“ zu können. Wie? Nichts leichter, als dies!
916 4237 2152 4306 Die geheiligte Tragödie des großen Attikers verzerrte er
