3436 4384
274 203 1419 310 19. Der Ruf des- Lebens
1500 216 2028 313 box 24/2
2819 1247 3288 1333 M  mhsshuhns
1343 1286 3283 1375 irgendeiner Macht in einen Krieg verwickelt, insgeistreicher Schriftsteller schrieb, werden sie
1346 1334 3275 1426 den auch die Blauen Kürassiere ziehen. Keinerj uns auch nicht eben verständlicher oder sym¬
1353 1382 2313 1436 von ihnen wird lebend heimkehren — Soldaten
2308 1390 2541 1448 pathischer.
1357 1416 2314 1486 und Offiziere haben sich das geschworen, um eine
2324 1436 3277 1511 Die Aufführung bedeutete in jeder Hinsicht einen
1357 1460 3276 1550 Schmach zu fühnen, die das Regiment vor breißig Ruhmestitel für das Lessing=Theater. Trotzdem
562 1410 1225 1553 Der neue Schuitler.
1349 1501 2313 1553 Jahren durch feige Flucht in einer Schlacht auf
2303 1520 3260 1594 setzte nach dem zweiten Aufzug das Zischen ein
1354 1543 2312 1603 sich lud. Nun, da Marie den heimlich Geliebten
432 1531 1331 1614 7 (Von uyserem Berliner R. W.=Korrespondenten.)
2307 1556 3260 1628 das nach dem dritten mächtig emporwuchs — die
1353 1580 2305 1645 todgeweiht weiß, treibt es sie mit Macht zu ihm,
416 1573 724 1658 Murf H#.
869 1595 1318 1662 Berlin, 24. Februar.
2315 1608 3253 1688 Freunde Schnitzlers ermöglichten auch da noch
1347 1613 2311 1678 und um der verzehrenden Sehnsucht genügen zu
2307 1644 2907 1716 eine Rache von Hervorrufen.
428 1650 2310 1721 Und wieder einmal gab es im Lessing= können, mischt sie dem Vater, der sie gewaltsam
395 1690 2311 1771 Theater eine heiße Premierenschlacht: Schnitz=Lzurückhalten will, die tödliche zehnfache Dosis des
404 1745 2318 1819 lers dreiaktiges Schauspiel „Der Ruf des Schlaftrunkes in das Glas, entreißt der erstarr¬
394 1776 1360 1826 Abens“, das heute Abend zum erstenmale auf¬
1351 1784 2313 1848 ten Hand den Schlüssel der Wohnung und stürzt
387 1821 1361 1877 geführt wurde, entfesselte einen heftigen Streit
1358 1833 2325 1893 zu dem Offizier. In seiner Kasernenstube wird
383 1868 1345 1914 der Meinungen, in dem schließlich mit Recht die
1356 1874 2306 1931 sie, verborgen hinter den Vorhängen des Bettes,
386 1902 1359 1969 Nichtapplaudierenden die Oberhand behielten.
1361 1916 2319 1979 Zeugin einer bösen Szene. Die junge Gattin des
377 1955 2308 2018 Denn auch Schnitzler hat leider einen Ausflug Obersten ist zu dem Leutnant gekommen, den sie
382 1993 2308 2037 auf jenes Gebiet gemacht, zu dem ihm sein Kol= liebt, und will ihn von dem Todesritt des Regi¬
349 2037 1351 2098 Mege Budermann den Pfad gewiesen: er hat sich
1357 2041 2305 2107 ments zurückhalten. Der Oberst, dem der Offi¬
357 2070 1354 2154 „zum dramatisierten Kolportageroman verstiegen.
1357 2081 2304 2132 zier noch kurz zuvor älle Beziehungen zu der
454 2116 1351 2168 An einen Roman erinnert alles in diesem
1361 2126 2299 2187 Gattin leugnete, ist plötzlich durch das Fenster
353 2134 1345 2218 stück, dessen Personen keine psychologische Ver¬
1356 2164 2311 2225 in die Stube gesprungen, hat die beiden über¬
412 2197 1354 2258 lieung zeigen, dessen Vorgänge sich verblüffend
1343 2207 2300 2266 rascht und das Weib erschossen. Und nun kommt
404 2250 1347 2295 sschnell, ohne Vorbereitung, ohne innere Notwen¬
1345 2238 2290 2307 Marie aus ihrem Versteck hervor und wirft sich
367 2284 2302 2342 Wigkeit oder Begründung vor uns abspielen. Man= dem Lentnant an die Brust, der sie mit fortführt
369 2312 2304 2387 Anigfache Motive, auf denen ein ganzes Bühnen=s zur letzten Liebesnacht. Denn als der nächste
393 2360 1352 2416 werk sich aufbauen ließe, werden berührt, aber
1343 2372 2300 2427 Morgen graut, eilt er in die Kaserne zurück und
392 2410 2314 2461 sofort wieder fallen gelassen, Dinge und Menschen jagt sich neben der Erschossenen eine Kugel in die
386 2439 1604 2497 sind mitunter nur zu dem einen Zwecke da, um Schläfe...
388 2490 1349 2541 einen Theatercoup, eine kräftige Effektszene zu
1376 2480 2307 2550 Was dann, im dritten Akte, noch kommt, ist
385 2536 1337 2582 ermöglichen — kurz, es ist eine Arbeit von einer
1350 2526 2317 2604 sehr belanglos. Da hören wir die Philosophie
390 2579 1337 2622 gewissen Sorglosigkeit, der aber doch in manchem
1352 2595 2311 2658 eines Arztes, der Marie darüber aufklärt, daß
379 2620 1343 2685 klugen, seinen Wort wieder der Geist Schnitzlers
1345 2632 2082 2685 alles, was sie um sich sieht, Leben ist —
374 2656 712 2717 aufgeprägt ist.
1342 2672 2308 2723 das, was sie in jener Nacht durchtebt hat; und
419 2696 1347 2754 Die Handlung spielt „etwa in der Mitte des
1339 2715 2317 2775 da sehen wir den Tod eines schwindsüchtigen
385 2741 1347 2808 vorigen Jahrhunderts“, und der erste Akt führt
1350 2753 2307 2811 jungen Mädchens, das in dem Drang, die kurze
389 2788 1341 2839 uns in die Wohnung des greisen, dem Tode ge¬
1339 2792 2312 2853 Spanne Zeit zu nutzen, die ihm noch gegeben,
382 2829 1341 2887 weihten und sich zäh an das Leben klammernden
1346 2833 2310 2905 seine Kraft in wildem Liebesrausch vergendete.
381 2874 2316 2924 Moser, eines bösen Alten, der seine Tochter Marie] Aber all das berührt uns nicht. Wir sehen eben;
381 2927 2301 2959 bis aufs Blut peinigt. In einer Ballnacht drangs nur, was die Figuren des Stückes tun, ohne
383 2960 2316 3018 zu diesem Mädchen der „Ruf des Lebens“, siel zu wissen, warum sie es tun, und so wecken sie!
386 2998 2304 3061 hörte ihn in den Armen eines jungen Offiziersl nicht unser Mitgefühl und bleiben uns fremd.
381 3036 2313 3096 von den Blauen Kürassieren, und das Verlangen Und durch die Phrasen, die sie sprechen, dieses
388 3083 2327 3162 fiebert in ihr, ihm zu folgen. Oesterreich ist mit unverfälschte Buchdeutsch, das allerdings ein
