3484 4256
1430 231 2027 336 box 24/3
230 231 1412 347 19. Der Ruf des Lebens
2790 1381 3351 1471 terresponoiert, 90c) häd nien
1775 1400 2815 1492 Eine Wiener Korrespondenz des „Kraj“ gibt der
506 1409 1677 1493 das Vorgehen gegen die Polen ungemein zutreffend als
2797 1454 3340 1521 der Politik irgenbeines der b
2802 1477 3137 1541 erteilen wollen.“
500 1477 2820 1539 unglücklich charakterisierte, indem er, laut des Berichtes Vermutung Ausdruck, daß das Wiener Parlament,
2792 1579 3342 1645 volles Nachspiel, das sich
498 1585 2808 1641 in den Tod. Deshalb ist die Menge so still, die sich in bietet ihm an, bis das Regiment abmarschiert sein wird,
2799 1620 3346 1687 mungsgehalt und beachte
506 1623 2812 1686 den Straßen drängt, kein Gruß, kein Ruf empfängt die bevor es zu einer Entscheidungzkommt, als Ordonnanz nach
2797 1676 3333 1743 auszeichnet, aber merklich
499 1672 1666 1735 dem Tode Geweihten. Und einer von den Todgeweihten
1667 1679 2817 1736 Wien zu gehen. So könnte, er der einzige von allen, sein
2806 1727 3339 1792 Frau Richter, der Mutter
1667 1729 2824 1791 Leben retten. Max sagt dem Kommandanten offen, er
510 1732 1663 1782 ist es, dem sich Marie hingegeben und der jetzt zwischen
1667 1775 3342 1842 würde sich, wenn es des Obersten Befehl sein sollte, diesem Landhaus, finden wir ni
499 1775 1670 1833 ihr und dem Mann steht, der gekommen ist, um ihr Hand und
2807 1810 3351 1888 Vaters Heimgang zu de
1659 1816 2809 1883 fügen, dies wäre aber auch der letzte Dienst, den er seinem
506 1829 1663 1889 Herz anzubieten. Auch Katharina, ein junges, lebenslustiges
1658 1872 3337 1936 Vaterland erweisen könnte. Der Oberst versteht die Ant= auch Reiner und Dr. S
504 1877 1675 1940 Wesen, auf dessen Stirne bereits des Todes Schatten
1666 1917 3348 1977 wort: Der Zug des Leutnants wird der erste sein ..... Oberförster begleiten, der
497 1930 1667 1990 liegen— wie ihre ihr im Tode vorangegangenen Schwestern
2803 1969 3349 2039 treten soll. Er kommt, um
1656 1966 2816 2034 Aber nicht allein der Oberst will dem jungen Offizier
505 1977 1669 2037 ist sie lungensüchtig und ist sich dessen klar bewußt, daß
2801 2010 3351 2084 wieder alle da, nur Kathat
496 2023 2813 2086 ihr nur noch zwei, drei Jahre erübrigen — kommt von Rettung bringen. Noch jemandem ist sein Leben teuer.
2805 2071 3338 2134 gekehrt seit jenem Abend,
493 2061 2802 2128 einem dieser blauen Kürassiere, deren düsteres Geschick alle Der Gattin des Obersten, Irene, die mit Max ein Liebes¬
1668 2116 3339 2180 verhältnis unterhält. Das leidenschaftliche Weib kommt abmarschiert sind. Die h
493 2118 1663 2192 ergreift. Sie kommt mit leuchtenden Augen und Blumen
507 2174 3360 2234 im Haare und bringt Marie eine wichtige Botschaft. Der noch im letzten Augenblick, um ihren Geliebten zu bestim= einer ist zurückgekehrt. Und#
492 2205 3345 2268 Kürassierleutnant, dem sie sich hingegeben, ist noch in Wien. men, das Regiment ebenso zu verraten, wie er seinen Kom= Da kommt Katharina noch
1657 2267 3353 2330 mandanten verriet, unterwegs vom Pferde zu stürzen, mit nur, wie sie sagt. Denn
500 2269 1674 2333 Die Eskadron, der er angehört, marschiert erst in der
1655 2315 3340 2380 der Verletzung irgendwo in einem Lazarett liegen zu bkeiben die durch ihren heißen Kop
507 2312 1671 2379 Frühe ab. Der Oberst gab den Offizieren ein Abschieds¬
495 2357 3341 2414 mahl. Seine junge Frau wollte all' die jungen Offiziere und dann mit ihr nach Griechenland oder nach Sizilien zu in ihren Augen entzünden.
1660 2410 3346 2477 gehen, wo sie nur ihrer Liebe leben würden. Aber verge=des Lebens, der sie stets
496 2415 1671 2489 noch einmal sehen. Um vier Uhr früh reiten auch die
1648 2462 2809 2523 bens locken die Stimmen des Lebens den jungen Mann.
2806 2451 3349 2526 Tod schon nahe ist. In sch#
496 2469 926 2542 letzten in den Tod.
2794 2500 3341 2574 ins Jenseits. In stille 2
1655 2508 2801 2565 Der weist den Plan von der Hand ab, wie er vorhin das
617 2487 1661 2569 Sie alle werden eine Schuld sühnen, die ein anderer
1659 2561 2805 2632 Anerbieten des Obersten ausgeschlagen und will Irene be¬
2800 2560 3343 2617 aus. Es ist ein Abschiedne
503 2563 1674 2616 sühnen sollte. Der alte Rittmeister Moser ist der eigentliche
2788 2606 3331 2670 Auch der Doktor und der
498 2609 2596 2674 Schuldige. Er war es, der seinem Kaiser die Schlacht wegen, ihn sofort zu verlassen. Es ist zu spät.
1766 2648 3353 2715 Schon klirrt das Fenster, der Oberst springt durch dem sie noch einmal Marie
498 2664 1676 2721 verlor, denn in jenem Gefechte bei Lindbach hat er durch
2798 2702 3356 2780 bleibt zurück mit ihrem Sc
503 2712 2806 2769 seine Feigheit das ganze Kürassierregiment angesteckt. Als dasselbe in die Stube und knallt sie nach einem kurzen
2908 2745 3345 2819 Das öriginelle Stück
1658 2750 2811 2813 Wortwechsel nieder. Die erschütternde Szene wurde von
495 2753 1662 2816 erster hat er die Flucht ergriffen und riß alle übrigen
2805 2788 3356 2867 matische Kraft und Wirksa
1656 2805 2809 2865 einer Zeugin beobachtet, die erst jetzt, nachdem auch der
494 2810 1668 2868 mit. Jetzt, da die Unschuldigen in den Tod gehen müssen,
1663 2842 2813 2908 Oberst weg ist, aus ihrem Versteck hervortritt. Hinter den
2809 2851 3353 2912 insbesondere jene des zweits
508 2859 1671 2919 ereilt auch ihn, den Feigling, die Strafe. Marie, der er
1660 2901 3349 2962 Vorhängen verborgen, hatte Marie, die sich inzwischen lichsten die Bühnenkenntnis
502 2901 1666 2964 seine Schuld gebeichtet, reicht ihm, als er nach Wasser
2794 2948 3341 3018 reichen Dramatikers. Auch
1656 2954 2809 3010 hereingeschlichen, alles beobachtet. Sie war Zeugin der
501 2956 1665 3008 verlangt, den Rat des Arztes befolgend, das Gift. Und
2805 2987 3306 3063 ger Stadttheater erzielte
1652 2984 2798 3053 heutigen Episode. Und sie sinkt jetzt ihrem Geliebten ans
501 2989 1668 3076 Marie schleicht aus dem Hause, um dem Rufe des Lebens,
1638 3044 3352 3114 Herz, um ihm, noch ein letztesmal, anzugehören. Dieser vollen Erfolg und wurde m
496 3052 1311 3108 der Sehnsucht ihres Herzens zu folgen.
1649 3094 3353 3172 zweite Akt, ein Gegensatz zum ersten, sehr konzis gehalten, wogegen der zweite Aufzug
617 3093 1668 3171 Diesem wirksamen Abschluß folgt ein außerordentlich
1661 3137 3354 3208 und festgefügt, zählt zu den wirksamsten in der neuesten jedenfalls der reichste ist,
496 3137 1660 3211 dramatischer effektvoller Akt, der in der Kürassierkaserne,
1658 3186 3351 3254 dramatischen Literatur und übt eine kräftige, anhaltende rung, die in mancher Bezi
500 3199 1664 3251 in der Wohnung des Leutnants Max, des Geliebten
2437 3245 3351 3317 #akte seinar Isoll noch nöber haricktat-m
491 3239 2289 3320 Mariens, svielt. Wenige Stunden vor dem Abmarsch Wirkung. Mit seinen starken,
