<?xml version="1.0" encoding="UTF-8" standalone="yes"?>
<PcGts xmlns="http://schema.primaresearch.org/PAGE/gts/pagecontent/2013-07-15" xmlns:xsi="http://www.w3.org/2001/XMLSchema-instance" xsi:schemaLocation="http://schema.primaresearch.org/PAGE/gts/pagecontent/2013-07-15 http://schema.primaresearch.org/PAGE/gts/pagecontent/2013-07-15/pagecontent.xsd">
    <Metadata>
        <Creator>prov=University of Rostock/Institute of Mathematics/CITlab/Gundram Leifert/gundram.leifert@uni-rostock.de:name=ONB_Newseye_GT_M1+(htr_id=10810)::::v=2.4.2
prov=University of Rostock/Institute of Mathematics/CITlab/Tobias Gruening/tobias.gruening@uni-rostock.de:name=de.uros.citlab.module.baseline2polygon.B2PSeamMultiOriented:v=2.4.2
prov=University of Rostock/Institute of Mathematics/CITlab/Tobias Gruening/tobias.gruening@uni-rostock.de:name=/mnt/transkribus/LA/DEA/URO/LA_news_onb_att.pb:de.uros.citlab.segmentation.CITlab_LA_ML:v=2.4.2
Transkribus</Creator>
        <Created>2019-10-07T11:19:54.986+02:00</Created>
        <LastChange>2019-10-08T06:44:06.854+02:00</LastChange>
        <TranskribusMetadata docId="223969" pageId="9496806" pageNr="126" tsid="16504533" status="IN_PROGRESS" userId="40391" imgUrl="https://files.transkribus.eu/Get?id=VENYXJHMHWLOYRHPFQXMXFRM&amp;fileType=view" xmlUrl="https://files.transkribus.eu/Get?id=FTMNSJFGEYXRFUGOXJWHVQZZ" imageId="6187033"/>
    </Metadata>
    <Page imageFilename="223969_0126.jpeg" imageWidth="3436" imageHeight="4384">
        <ReadingOrder>
            <OrderedGroup id="ro_1711451226179" caption="Regions reading order">
                <RegionRefIndexed index="0" regionRef="r1"/>
            </OrderedGroup>
        </ReadingOrder>
        <TextRegion orientation="0.0" id="r1" custom="readingOrder {index:0;}">
            <Coords points="254,259 254,3672 2945,3672 2945,259"/>
            <TextLine id="r1l1" custom="readingOrder {index:0;}">
                <Coords points="237,317 370,285 494,330 1202,346 1410,331 1412,258 239,238"/>
                <Baseline points="254,279 311,284 368,289 425,293 482,295 539,299 596,301 653,303 710,305 767,306 824,307 881,308 938,308 995,309 1052,310 1109,311 1166,312 1223,313 1280,314 1337,316 1395,318"/>
                <TextEquiv>
                    <Unicode>19. Der Ruf des Lebens</Unicode>
                </TextEquiv>
            </TextLine>
            <TextLine id="r1l2" custom="readingOrder {index:1;}">
                <Coords points="1551,332 1615,334 1630,320 1659,332 1683,315 1759,335 1838,313 1876,335 1926,307 1958,325 2008,318 2010,247 1878,244 1842,264 1802,245 1764,256 1726,240 1688,260 1664,244 1632,258 1553,242"/>
                <Baseline points="1566,302 1591,303 1616,304 1641,305 1666,306 1691,307 1717,308 1742,310 1767,311 1792,311 1817,312 1842,313 1868,313 1893,313 1918,313 1943,312 1968,312 1994,310"/>
                <TextEquiv>
                    <Unicode>box 24/2</Unicode>
                </TextEquiv>
            </TextLine>
            <TextLine id="r1l3" custom="readingOrder {index:2;}">
                <Coords points="1638,1100 2838,1024 2788,980 1634,1033"/>
                <Baseline points="1651,1078 1709,1077 1768,1075 1826,1073 1885,1071 1944,1069 2002,1066 2061,1064 2119,1061 2178,1059 2237,1056 2295,1053 2354,1049 2412,1046 2471,1043 2530,1039 2588,1035 2647,1031 2705,1027 2764,1023 2823,1019"/>
                <TextEquiv>
                    <Unicode>tritt dazwischen, seine Pistole streckt die Frau nieder, Max wird</Unicode>
                </TextEquiv>
            </TextLine>
            <TextLine id="r1l4" custom="readingOrder {index:3;}">
                <Coords points="1648,1128 2659,1091 2832,1038 1646,1090"/>
                <Baseline points="1661,1124 1718,1123 1776,1121 1834,1119 1892,1117 1950,1116 2008,1113 2066,1111 2124,1108 2182,1105 2240,1103 2297,1100 2355,1097 2413,1093 2471,1089 2529,1085 2587,1081 2645,1077 2703,1071 2761,1066 2819,1061"/>
                <TextEquiv>
                    <Unicode>sich selbst richten. Aber vorher noch eine letzte Seligkeit mit</Unicode>
                </TextEquiv>
            </TextLine>
            <TextLine id="r1l5" custom="readingOrder {index:4;}">
                <Coords points="1655,1166 2737,1130 2850,1115 2847,1056 1653,1134"/>
                <Baseline points="1669,1168 1727,1166 1785,1164 1843,1162 1902,1160 1960,1157 2018,1155 2077,1152 2135,1150 2193,1146 2252,1144 2310,1140 2368,1137 2426,1133 2485,1130 2543,1126 2601,1121 2660,1117 2718,1113 2776,1108 2835,1103"/>
                <TextEquiv>
                    <Unicode>einem Mädchen, das ihn liebt. Marie Moser verläßt den bösen</Unicode>
                </TextEquiv>
            </TextLine>
            <TextLine id="r1l6" custom="readingOrder {index:5;}">
                <Coords points="1658,1215 2839,1167 2836,1114 2757,1113 1656,1168"/>
                <Baseline points="1673,1214 1730,1211 1788,1207 1845,1204 1903,1202 1960,1199 2018,1196 2075,1194 2133,1191 2190,1188 2248,1186 2305,1183 2363,1180 2420,1177 2478,1174 2535,1170 2593,1167 2650,1163 2708,1158 2765,1153 2823,1148"/>
                <TextEquiv>
                    <Unicode>alten Mann, der ihr Vater ist, vergiftet ihn und eilt zu dem Ge¬</Unicode>
                </TextEquiv>
            </TextLine>
            <TextLine id="r1l7" custom="readingOrder {index:6;}">
                <Coords points="1657,1278 2836,1196 2834,1158 2743,1154 1654,1214"/>
                <Baseline points="1671,1256 1728,1254 1786,1252 1843,1249 1901,1247 1958,1245 2016,1242 2073,1239 2131,1237 2188,1234 2246,1231 2304,1228 2361,1225 2419,1222 2476,1218 2534,1214 2591,1210 2649,1206 2706,1201 2764,1197 2822,1192"/>
                <TextEquiv>
                    <Unicode>liebten, dem sie nur noch eine letzte Stunde gehören kann, bis er</Unicode>
                </TextEquiv>
            </TextLine>
            <TextLine id="r1l8" custom="readingOrder {index:7;}">
                <Coords points="1657,1309 2843,1234 2820,1194 1655,1276"/>
                <Baseline points="1671,1301 1728,1298 1786,1296 1844,1293 1902,1291 1960,1288 2017,1286 2075,1283 2133,1280 2191,1277 2249,1275 2306,1271 2364,1268 2422,1265 2480,1261 2538,1257 2595,1253 2653,1249 2711,1244 2769,1240 2827,1235"/>
                <TextEquiv>
                    <Unicode>auch sie fortwirft, dem Tode seine Schuld zu zahlen. Rein taucht</Unicode>
                </TextEquiv>
            </TextLine>
            <TextLine id="r1l9" custom="readingOrder {index:8;}">
                <Coords points="1667,1347 2848,1295 2842,1236 1665,1306"/>
                <Baseline points="1681,1344 1738,1342 1796,1339 1853,1337 1911,1335 1969,1332 2026,1329 2084,1326 2141,1323 2199,1320 2257,1317 2314,1314 2372,1310 2429,1307 2487,1304 2545,1300 2602,1296 2660,1293 2717,1289 2775,1286 2833,1282"/>
                <TextEquiv>
                    <Unicode>ihre große Natur aus dem nächtigen Traum wieder hervor, der</Unicode>
                </TextEquiv>
            </TextLine>
            <TextLine id="r1l10" custom="readingOrder {index:9;}">
                <Coords points="1676,1399 2853,1320 2833,1285 1674,1355"/>
                <Baseline points="1691,1388 1748,1385 1805,1383 1863,1380 1920,1378 1977,1374 2035,1371 2092,1369 2149,1366 2207,1363 2264,1360 2321,1357 2379,1353 2436,1350 2493,1347 2551,1344 2608,1340 2665,1336 2723,1332 2780,1328 2838,1324"/>
                <TextEquiv>
                    <Unicode>sie zur Untreuen, zur Mörderin, zur Dirne gemacht. Sonne um¬</Unicode>
                </TextEquiv>
            </TextLine>
            <TextLine id="r1l11" custom="readingOrder {index:10;}">
                <Coords points="1682,1442 2789,1388 2850,1373 2847,1320 1679,1399"/>
                <Baseline points="1695,1431 1754,1428 1814,1425 1874,1423 1934,1419 1994,1416 2054,1413 2114,1410 2174,1407 2234,1403 2294,1400 2354,1397 2414,1393 2474,1389 2534,1385 2594,1382 2654,1378 2714,1374 2774,1370 2834,1366"/>
                <TextEquiv>
                    <Unicode>fließt sie, Blumen hält sie in den Händen und fröhliches Kinder¬</Unicode>
                </TextEquiv>
            </TextLine>
            <TextLine id="r1l12" custom="readingOrder {index:11;}">
                <Coords points="1672,1494 2866,1428 2863,1375 2819,1369 1669,1438"/>
                <Baseline points="1687,1477 1745,1474 1803,1472 1861,1469 1919,1466 1977,1463 2035,1460 2094,1457 2152,1453 2210,1450 2268,1446 2326,1442 2384,1439 2442,1436 2501,1431 2559,1427 2617,1424 2675,1420 2733,1416 2791,1412 2850,1409"/>
                <TextEquiv>
                    <Unicode>lachen zeigt an, daß die Welt nicht stehen bleibt um eines</Unicode>
                </TextEquiv>
            </TextLine>
            <TextLine id="r1l13" custom="readingOrder {index:12;}">
                <Coords points="1672,1519 2490,1494 2826,1466 2859,1429 1670,1496"/>
                <Baseline points="1685,1519 1743,1516 1801,1515 1859,1512 1917,1509 1975,1506 2033,1503 2091,1501 2149,1497 2207,1494 2265,1491 2323,1487 2381,1484 2439,1480 2497,1476 2555,1472 2613,1468 2671,1464 2729,1459 2787,1456 2845,1451"/>
                <TextEquiv>
                    <Unicode>1 Menschen Weh, daß ein jeder untertauchen muß in das All des</Unicode>
                </TextEquiv>
            </TextLine>
            <TextLine id="r1l14" custom="readingOrder {index:13;}">
                <Coords points="1682,1569 2865,1495 2853,1451 1680,1525"/>
                <Baseline points="1697,1562 1754,1560 1812,1557 1869,1555 1927,1552 1985,1550 2042,1546 2100,1544 2157,1540 2215,1537 2273,1533 2330,1529 2388,1526 2445,1522 2503,1518 2561,1515 2618,1511 2676,1508 2733,1504 2791,1501 2849,1497"/>
                <TextEquiv>
                    <Unicode>Lebens und die Ewigkeit der Natur. Den ganzen Reichtum an</Unicode>
                </TextEquiv>
            </TextLine>
            <TextLine id="r1l15" custom="readingOrder {index:14;}">
                <Coords points="1678,1624 2861,1560 2857,1495 1674,1559"/>
                <Baseline points="1693,1605 1750,1603 1808,1601 1865,1598 1923,1595 1981,1592 2038,1589 2096,1586 2154,1583 2211,1580 2269,1576 2327,1572 2384,1569 2442,1565 2500,1562 2557,1558 2615,1554 2673,1550 2730,1546 2788,1542 2846,1538"/>
                <TextEquiv>
                    <Unicode>Zeinheiten, die weiche Linie in dem Charakterisieren der Neben¬</Unicode>
                </TextEquiv>
            </TextLine>
            <TextLine id="r1l16" custom="readingOrder {index:15;}">
                <Coords points="1683,1671 2857,1607 2857,1554 1679,1613"/>
                <Baseline points="1695,1651 1752,1649 1809,1646 1867,1643 1924,1640 1982,1637 2039,1633 2096,1630 2154,1626 2211,1623 2269,1619 2326,1616 2383,1612 2441,1608 2498,1605 2556,1602 2613,1597 2670,1595 2728,1591 2785,1587 2843,1584"/>
                <TextEquiv>
                    <Unicode>personen kann solche Inhaltsangabe nicht wiedergeben. Der</Unicode>
                </TextEquiv>
            </TextLine>
            <TextLine id="r1l17" custom="readingOrder {index:16;}">
                <Coords points="1678,1715 2857,1628 2854,1590 2755,1590 1676,1677"/>
                <Baseline points="1693,1696 1750,1693 1807,1689 1865,1685 1922,1682 1980,1679 2037,1675 2095,1672 2152,1669 2210,1666 2267,1663 2324,1659 2382,1655 2439,1652 2497,1649 2554,1645 2612,1641 2669,1637 2727,1633 2784,1628 2842,1624"/>
                <TextEquiv>
                    <Unicode>rätselvolle Oberst, dieser Witzbold und Held, der lebensvolle todes¬</Unicode>
                </TextEquiv>
            </TextLine>
            <TextLine id="r1l18" custom="readingOrder {index:17;}">
                <Coords points="1690,1744 2868,1682 2832,1632 1688,1698"/>
                <Baseline points="1706,1738 1763,1735 1820,1732 1877,1730 1935,1726 1992,1723 2049,1720 2106,1717 2164,1713 2221,1710 2278,1707 2335,1704 2393,1700 2450,1696 2507,1693 2564,1688 2622,1685 2679,1681 2736,1677 2793,1673 2851,1669"/>
                <TextEquiv>
                    <Unicode>traurige junge Offizier, der weise, mild abgeklärte Arzt, sie sind</Unicode>
                </TextEquiv>
            </TextLine>
            <TextLine id="r1l19" custom="readingOrder {index:18;}">
                <Coords points="1691,1783 2857,1723 2848,1679 1689,1745"/>
                <Baseline points="1705,1781 1761,1778 1818,1775 1875,1771 1932,1769 1989,1765 2046,1762 2103,1758 2160,1755 2217,1752 2274,1748 2330,1745 2387,1741 2444,1738 2501,1735 2558,1731 2615,1728 2672,1724 2729,1721 2786,1717 2843,1713"/>
                <TextEquiv>
                    <Unicode>alle nur als zarte Silhonetten aus einem dunklen Grund an¬</Unicode>
                </TextEquiv>
            </TextLine>
            <TextLine id="r1l20" custom="readingOrder {index:19;}">
                <Coords points="1678,1838 2875,1770 2872,1720 1675,1791"/>
                <Baseline points="1693,1823 1751,1820 1809,1818 1867,1815 1926,1812 1984,1808 2042,1805 2101,1801 2159,1798 2217,1794 2276,1792 2334,1787 2392,1785 2450,1781 2509,1777 2567,1774 2625,1771 2684,1768 2742,1764 2800,1762 2859,1759"/>
                <TextEquiv>
                    <Unicode>deutungsweise herausgelöst und wirken doch wunderbar lebendig.</Unicode>
                </TextEquiv>
            </TextLine>
            <TextLine id="r1l21" custom="readingOrder {index:20;}">
                <Coords points="1696,1865 2880,1812 2850,1758 1694,1824"/>
                <Baseline points="1710,1867 1767,1865 1825,1862 1883,1859 1941,1857 1998,1853 2056,1850 2114,1847 2172,1843 2229,1839 2287,1835 2345,1832 2403,1828 2460,1825 2518,1821 2576,1818 2634,1814 2691,1810 2749,1808 2807,1804 2865,1801"/>
                <TextEquiv>
                    <Unicode>Ganz in sinnliche Anmut und schwer süße Lyrit getaucht ist die</Unicode>
                </TextEquiv>
            </TextLine>
            <TextLine id="r1l22" custom="readingOrder {index:21;}">
                <Coords points="520,1863 1193,1863 1263,1852 1262,1797 898,1784 875,1803 592,1797 519,1825"/>
                <Baseline points="534,1860 569,1859 605,1858 640,1858 676,1857 712,1857 747,1856 783,1856 819,1855 854,1855 890,1854 926,1854 961,1853 997,1852 1033,1851 1068,1850 1104,1848 1140,1847 1175,1845 1211,1843 1247,1840"/>
                <TextEquiv>
                    <Unicode>Theater#nach diesem Tezie vorgesühen.</Unicode>
                </TextEquiv>
            </TextLine>
            <TextLine id="r1l23" custom="readingOrder {index:22;}">
                <Coords points="1687,1928 2874,1838 2858,1803 1685,1884"/>
                <Baseline points="1701,1910 1762,1908 1823,1905 1884,1902 1945,1899 2006,1896 2067,1892 2128,1889 2189,1885 2250,1881 2311,1878 2372,1874 2433,1870 2494,1866 2555,1863 2616,1859 2677,1855 2738,1851 2799,1847 2860,1844"/>
                <TextEquiv>
                    <Unicode>Gestalt der dem Tode geweihten Katharina, die noch des Lebens</Unicode>
                </TextEquiv>
            </TextLine>
            <TextLine id="r1l24" custom="readingOrder {index:23;}">
                <Coords points="663,1896 778,1921 1705,1884 1703,1838 1635,1808 1434,1850 662,1867"/>
                <Baseline points="679,1899 729,1899 779,1900 830,1900 880,1899 931,1898 981,1897 1032,1896 1082,1894 1133,1892 1183,1889 1233,1887 1284,1885 1334,1882 1385,1880 1435,1878 1486,1875 1536,1873 1587,1871 1637,1869 1688,1867"/>
                <TextEquiv>
                    <Unicode>Berliner Theaterbrief. Berlin, 25. Februar,</Unicode>
                </TextEquiv>
            </TextLine>
            <TextLine id="r1l25" custom="readingOrder {index:24;}">
                <Coords points="505,1936 846,1964 1701,1911 1671,1873 504,1895"/>
                <Baseline points="519,1940 577,1942 635,1943 694,1943 752,1944 811,1943 869,1942 928,1941 986,1940 1045,1938 1103,1936 1161,1935 1220,1932 1278,1929 1337,1926 1395,1923 1454,1920 1512,1917 1571,1914 1629,1911 1688,1907"/>
                <TextEquiv>
                    <Unicode>(Gerhart Hauptmann hat als Motto vor sein Friedens¬</Unicode>
                </TextEquiv>
            </TextLine>
            <TextLine id="r1l26" custom="readingOrder {index:25;}">
                <Coords points="506,1982 2874,1900 2871,1841 505,1950"/>
                <Baseline points="521,1994 644,1992 767,1990 890,1987 1013,1984 1136,1979 1259,1975 1382,1970 1505,1964 1628,1958 1752,1952 1875,1946 1998,1939 2121,1932 2244,1925 2367,1918 2490,1910 2613,1903 2736,1896 2860,1890"/>
                <TextEquiv>
                    <Unicode>ffest die Stelle aus Lessings Abhandlung über die Fabel ge## letzte Lust mit vollen Zügen trinkt. Schnitzler hat uns hier ein</Unicode>
                </TextEquiv>
            </TextLine>
            <TextLine id="r1l27" custom="readingOrder {index:26;}">
                <Coords points="1704,2019 2816,1947 2879,1931 2877,1893 1700,1967"/>
                <Baseline points="1716,1998 1773,1995 1830,1992 1888,1989 1945,1987 2002,1983 2060,1980 2117,1977 2174,1974 2232,1970 2289,1967 2346,1964 2404,1960 2461,1956 2518,1953 2576,1949 2633,1945 2690,1941 2748,1937 2805,1933 2863,1929"/>
                <TextEquiv>
                    <Unicode>Werk gegeben, das die heldenhafte Tragik vom Schleier der Bea¬</Unicode>
                </TextEquiv>
            </TextLine>
            <TextLine id="r1l28" custom="readingOrder {index:27;}">
                <Coords points="1715,2048 2764,2001 2894,1972 2891,1922 1712,2004"/>
                <Baseline points="1728,2041 1785,2039 1843,2036 1900,2034 1958,2031 2016,2028 2073,2024 2131,2021 2189,2017 2246,2013 2304,2009 2362,2005 2419,2001 2477,1997 2535,1994 2592,1990 2650,1986 2708,1983 2765,1980 2823,1977 2881,1974"/>
                <TextEquiv>
                    <Unicode>trice und die melodisch gedämpfte Lebensgrazie vom Einsamen</Unicode>
                </TextEquiv>
            </TextLine>
            <TextLine id="r1l29" custom="readingOrder {index:28;}">
                <Coords points="519,2044 1709,2009 1672,1963 517,1982"/>
                <Baseline points="533,2035 591,2034 649,2032 707,2032 765,2030 823,2029 881,2028 939,2027 997,2026 1055,2024 1113,2023 1171,2021 1229,2019 1287,2017 1345,2015 1403,2012 1461,2009 1519,2006 1577,2003 1635,1999 1693,1995"/>
                <TextEquiv>
                    <Unicode>Isschrieben, nach der Handlung nicht nur da ist, wo der Liebhaber zu</Unicode>
                </TextEquiv>
            </TextLine>
            <TextLine id="r1l30" custom="readingOrder {index:29;}">
                <Coords points="1716,2092 2881,2019 2879,1984 2671,1988 1714,2051"/>
                <Baseline points="1730,2082 1786,2080 1843,2079 1900,2077 1957,2073 2013,2071 2070,2068 2127,2064 2184,2061 2240,2057 2297,2053 2354,2050 2411,2045 2467,2042 2524,2038 2581,2034 2638,2031 2694,2028 2751,2025 2808,2022 2865,2019"/>
                <TextEquiv>
                    <Unicode>Weg zu einer stimmungsstarken, reichen Dichtung verbindet. Die</Unicode>
                </TextEquiv>
            </TextLine>
            <TextLine id="r1l31" custom="readingOrder {index:30;}">
                <Coords points="2876,2062 2891,2060 2907,2073 2918,2066 2921,2069 2942,2066 2936,2017 2921,2018 2916,2025 2908,2029 2895,2019 2892,2022 2872,2021"/>
                <Baseline points="2890,2060 2926,2056"/>
                <TextEquiv>
                    <Unicode>1</Unicode>
                </TextEquiv>
            </TextLine>
            <TextLine id="r1l32" custom="readingOrder {index:31;}">
                <Coords points="521,2118 680,2080 1541,2073 1713,2049 1711,1999 518,2045"/>
                <Baseline points="533,2085 591,2083 649,2080 707,2078 766,2076 824,2074 882,2072 941,2070 999,2068 1057,2067 1116,2065 1174,2063 1232,2061 1290,2059 1349,2057 1407,2055 1465,2052 1524,2049 1582,2046 1640,2044 1699,2040"/>
                <TextEquiv>
                    <Unicode>Füßen fällt, die Prinzessin ohnmächtig wird oder der Held stirbt!</Unicode>
                </TextEquiv>
            </TextLine>
            <TextLine id="r1l33" custom="readingOrder {index:32;}">
                <Coords points="543,2136 1718,2097 1716,2053 1599,2042 541,2080"/>
                <Baseline points="557,2123 614,2122 671,2120 728,2119 786,2118 843,2117 900,2115 958,2114 1015,2112 1072,2111 1130,2109 1187,2107 1244,2105 1301,2102 1359,2100 1416,2098 1473,2095 1531,2093 1588,2090 1645,2087 1703,2083"/>
                <TextEquiv>
                    <Unicode>IIn diesem Sinne hat das moderne Drama lange nur „Zustände</Unicode>
                </TextEquiv>
            </TextLine>
            <TextLine id="r1l34" custom="readingOrder {index:33;}">
                <Coords points="2876,2114 2891,2114 2893,2111 2902,2117 2917,2104 2925,2107 2928,2104 2946,2103 2944,2065 2918,2066 2915,2069 2912,2066 2904,2070 2895,2061 2874,2062"/>
                <Baseline points="2889,2107 2932,2106"/>
                <TextEquiv>
                    <Unicode>8</Unicode>
                </TextEquiv>
            </TextLine>
            <TextLine id="r1l35" custom="readingOrder {index:34;}">
                <Coords points="540,2174 2875,2068 538,2121"/>
                <Baseline points="556,2167 671,2165 786,2162 901,2159 1017,2155 1132,2151 1247,2147 1362,2143 1478,2138 1593,2132 1708,2127 1823,2121 1939,2115 2054,2109 2169,2103 2284,2097 2400,2090 2515,2083 2630,2076 2745,2070 2861,2063"/>
                <TextEquiv>
                    <Unicode>der Seele“ die osychologischen Komplikationen des alltäglichen Aufführung war vorzüglich; die unvergleichliche Künstlerschar des</Unicode>
                </TextEquiv>
            </TextLine>
            <TextLine id="r1l36" custom="readingOrder {index:35;}">
                <Coords points="2877,2160 2892,2159 2897,2153 2915,2152 2924,2155 2929,2149 2941,2154 2944,2151 2959,2151 2957,2104 2934,2102 2925,2108 2916,2105 2905,2115 2896,2112 2890,2118 2876,2119"/>
                <Baseline points="2891,2149 2918,2147 2945,2147"/>
                <TextEquiv>
                    <Unicode>e</Unicode>
                </TextEquiv>
            </TextLine>
            <TextLine id="r1l37" custom="readingOrder {index:36;}">
                <Coords points="535,2238 2881,2111 532,2168"/>
                <Baseline points="549,2211 664,2209 780,2207 896,2204 1012,2201 1128,2197 1243,2193 1359,2188 1475,2183 1591,2177 1707,2172 1822,2166 1938,2160 2054,2154 2170,2147 2286,2141 2401,2134 2517,2127 2633,2120 2749,2114 2865,2107"/>
                <TextEquiv>
                    <Unicode>§ Lebens geschildert; heute sehnt man sich wieder nach dem ge=Lessing=Theaters, die Triesch, die Lehmann, Reicher, Bassermann,</Unicode>
                </TextEquiv>
            </TextLine>
            <TextLine id="r1l38" custom="readingOrder {index:37;}">
                <Coords points="1716,2227 2849,2167 2881,2115 1713,2183"/>
                <Baseline points="1729,2215 1786,2213 1843,2210 1900,2207 1957,2204 2014,2201 2071,2197 2128,2194 2185,2191 2242,2187 2299,2184 2356,2180 2413,2177 2470,2174 2527,2171 2584,2168 2641,2165 2698,2162 2755,2159 2812,2156 2870,2154"/>
                <TextEquiv>
                    <Unicode>Rittner, Marr boten ein herrliches Ensemble. Der Eindruck war</Unicode>
                </TextEquiv>
            </TextLine>
            <TextLine id="r1l39" custom="readingOrder {index:38;}">
                <Coords points="2701,2192 2722,2190 2744,2214 2756,2206 2818,2206 2852,2230 2893,2238 2908,2227 2925,2236 2957,2231 2960,2158 2931,2149 2896,2153 2875,2173 2861,2163 2843,2171 2794,2155 2767,2166 2703,2163"/>
                <Baseline points="2716,2203 2741,2203 2766,2203 2791,2203 2816,2203 2842,2203 2867,2204 2892,2206 2917,2210 2943,2215"/>
                <TextEquiv>
                    <Unicode>P.L.10</Unicode>
                </TextEquiv>
            </TextLine>
            <TextLine id="r1l40" custom="readingOrder {index:39;}">
                <Coords points="553,2273 1722,2231 1721,2184 551,2217"/>
                <Baseline points="566,2254 623,2253 680,2252 737,2251 794,2250 851,2248 908,2246 965,2245 1022,2243 1079,2241 1137,2239 1194,2237 1251,2235 1308,2233 1365,2231 1422,2229 1479,2226 1536,2224 1593,2222 1650,2219 1708,2216"/>
                <TextEquiv>
                    <Unicode>waltigen Schicksal, das den Menschen erhebt, wenn es ihn</Unicode>
                </TextEquiv>
            </TextLine>
            <TextLine id="r1l41" custom="readingOrder {index:40;}">
                <Coords points="1723,2270 2328,2241 2482,2220 2480,2185 1720,2220"/>
                <Baseline points="1737,2255 1773,2254 1810,2254 1846,2252 1883,2251 1919,2249 1956,2248 1992,2246 2029,2244 2065,2242 2102,2240 2138,2237 2175,2235 2211,2232 2248,2229 2284,2227 2321,2225 2357,2222 2394,2220 2430,2217 2467,2215"/>
                <TextEquiv>
                    <Unicode>stark, der Erfolg. aber nicht unbestritten.</Unicode>
                </TextEquiv>
            </TextLine>
            <TextLine id="r1l42" custom="readingOrder {index:41;}">
                <Coords points="2320,2284 2358,2287 2421,2258 2525,2282 2621,2275 2693,2248 2773,2260 2767,2193 2735,2186 2684,2208 2600,2191 2575,2208 2504,2199 2438,2225 2316,2237"/>
                <Baseline points="2334,2268 2360,2264 2386,2260 2412,2257 2439,2255 2465,2252 2491,2250 2518,2249 2544,2248 2570,2246 2597,2244 2623,2242 2649,2240 2676,2238 2702,2236 2728,2233 2755,2229"/>
                <TextEquiv>
                    <Unicode></Unicode>
                </TextEquiv>
            </TextLine>
            <TextLine id="r1l43" custom="readingOrder {index:42;}">
                <Coords points="1826,2301 1849,2292 1855,2295 1866,2285 1878,2286 1891,2296 1899,2289 1916,2290 1926,2298 1940,2293 1950,2298 1958,2291 1978,2289 1973,2242 1912,2253 1862,2255 1843,2264 1822,2263"/>
                <Baseline points="1841,2289 1871,2283 1902,2280 1932,2277 1963,2273"/>
                <TextEquiv>
                    <Unicode>#65</Unicode>
                </TextEquiv>
            </TextLine>
            <TextLine id="r1l44" custom="readingOrder {index:43;}">
                <Coords points="550,2316 1722,2264 1720,2220 1635,2217 548,2269"/>
                <Baseline points="563,2302 620,2299 677,2297 734,2295 791,2293 849,2291 906,2289 963,2287 1020,2286 1077,2284 1135,2282 1192,2280 1249,2278 1306,2277 1363,2274 1421,2272 1478,2269 1535,2267 1592,2264 1649,2259 1707,2256"/>
                <TextEquiv>
                    <Unicode>zermalmt. Maeterliucks Predigt von der Tragit des Alltags, der</Unicode>
                </TextEquiv>
            </TextLine>
            <TextLine id="r1l45" custom="readingOrder {index:44;}">
                <Coords points="540,2369 1729,2319 1727,2269 1686,2265 537,2293"/>
                <Baseline points="553,2343 611,2341 669,2340 727,2338 785,2336 843,2335 901,2333 959,2331 1017,2329 1075,2328 1134,2326 1192,2324 1250,2322 1308,2320 1366,2317 1424,2315 1482,2312 1540,2310 1598,2307 1656,2304 1715,2301"/>
                <TextEquiv>
                    <Unicode>" Empfindungsfülle der einzelnen Minuten, die in den unaufhörlich</Unicode>
                </TextEquiv>
            </TextLine>
            <TextLine id="r1l46" custom="readingOrder {index:45;}">
                <Coords points="550,2403 1588,2366 1707,2353 1732,2299 548,2348"/>
                <Baseline points="564,2386 621,2385 679,2383 737,2382 795,2381 852,2379 910,2378 968,2376 1026,2374 1083,2372 1141,2370 1199,2368 1257,2365 1314,2363 1372,2361 1430,2358 1488,2355 1545,2353 1603,2350 1661,2347 1719,2344"/>
                <TextEquiv>
                    <Unicode>dahinrinnenden Stunden unseres Seins den Inhalt des Lebens</Unicode>
                </TextEquiv>
            </TextLine>
            <TextLine id="r1l47" custom="readingOrder {index:46;}">
                <Coords points="536,2450 1755,2390 1683,2352 534,2380"/>
                <Baseline points="551,2431 610,2430 670,2429 729,2427 789,2426 848,2424 908,2422 967,2420 1027,2418 1086,2415 1146,2413 1205,2411 1265,2408 1324,2405 1384,2403 1443,2400 1503,2398 1562,2395 1622,2394 1681,2392 1741,2389"/>
                <TextEquiv>
                    <Unicode>sieht, muß jenem Rufe nach dem großen Leben weichen, das in</Unicode>
                </TextEquiv>
            </TextLine>
            <TextLine id="r1l48" custom="readingOrder {index:47;}">
                <Coords points="552,2480 1737,2454 1734,2393 550,2433"/>
                <Baseline points="566,2474 623,2473 681,2471 739,2470 797,2468 855,2467 912,2465 970,2463 1028,2461 1086,2459 1144,2457 1201,2455 1259,2453 1317,2450 1375,2448 1433,2446 1490,2443 1548,2441 1606,2438 1664,2435 1722,2432"/>
                <TextEquiv>
                    <Unicode>eine einzige Stunde das Seligste und Furchtbarste, Liebe und</Unicode>
                </TextEquiv>
            </TextLine>
            <TextLine id="r1l49" custom="readingOrder {index:48;}">
                <Coords points="553,2523 1757,2475 1743,2417 552,2482"/>
                <Baseline points="567,2515 625,2515 684,2514 743,2514 802,2512 861,2511 919,2509 978,2506 1037,2505 1096,2502 1155,2499 1213,2497 1272,2494 1331,2492 1390,2489 1449,2486 1507,2484 1566,2482 1625,2480 1684,2478 1743,2477"/>
                <TextEquiv>
                    <Unicode>Mord zusammendrängt. Aus den sekundenlangen Ekstasen von</Unicode>
                </TextEquiv>
            </TextLine>
            <TextLine id="r1l50" custom="readingOrder {index:49;}">
                <Coords points="539,2561 1595,2542 1749,2507 1721,2478 538,2520"/>
                <Baseline points="555,2562 614,2561 673,2560 732,2559 791,2557 850,2555 909,2553 968,2551 1027,2548 1086,2546 1145,2544 1204,2542 1263,2539 1322,2536 1381,2534 1440,2531 1499,2529 1558,2527 1617,2524 1676,2522 1735,2521"/>
                <TextEquiv>
                    <Unicode>Wollust und Tod aber kehrt der Mensch in die ewige Einfalt des</Unicode>
                </TextEquiv>
            </TextLine>
            <TextLine id="r1l51" custom="readingOrder {index:50;}">
                <Coords points="555,2615 1754,2579 1751,2506 1536,2550 553,2563"/>
                <Baseline points="568,2608 626,2606 685,2604 743,2601 802,2599 860,2597 919,2595 977,2592 1036,2590 1094,2588 1153,2585 1211,2583 1270,2580 1328,2578 1387,2576 1445,2574 1504,2571 1562,2569 1621,2566 1679,2564 1738,2562"/>
                <TextEquiv>
                    <Unicode>Tages zurück und trinkt die Süße der kleinen Freuden, der stillen</Unicode>
                </TextEquiv>
            </TextLine>
            <TextLine id="r1l52" custom="readingOrder {index:51;}">
                <Coords points="556,2643 1515,2636 1766,2606 1765,2565 555,2614"/>
                <Baseline points="572,2650 634,2648 696,2647 758,2644 820,2643 882,2641 944,2638 1006,2636 1068,2634 1130,2632 1192,2629 1254,2626 1316,2624 1378,2622 1440,2619 1502,2617 1564,2614 1626,2612 1688,2609 1751,2607"/>
                <TextEquiv>
                    <Unicode>Augenblicke, da ihn die heroische Größe der tragischen Leiden¬</Unicode>
                </TextEquiv>
            </TextLine>
            <TextLine id="r1l53" custom="readingOrder {index:52;}">
                <Coords points="552,2696 1742,2669 1749,2607 1103,2652 549,2634"/>
                <Baseline points="566,2693 624,2692 682,2690 741,2689 799,2687 858,2685 916,2683 975,2680 1033,2678 1092,2676 1150,2674 1208,2671 1267,2669 1325,2666 1384,2665 1442,2662 1501,2660 1559,2658 1618,2655 1676,2653 1735,2652"/>
                <TextEquiv>
                    <Unicode>schaften nur mit Verbrechen und Qual überhäufte. .... So</Unicode>
                </TextEquiv>
            </TextLine>
            <TextLine id="r1l54" custom="readingOrder {index:53;}">
                <Coords points="551,2751 1747,2697 1745,2651 549,2696"/>
                <Baseline points="567,2737 625,2735 683,2733 741,2731 799,2729 858,2727 916,2725 974,2723 1032,2721 1090,2718 1149,2716 1207,2714 1265,2711 1323,2709 1381,2706 1440,2704 1498,2702 1556,2700 1614,2698 1672,2697 1731,2695"/>
                <TextEquiv>
                    <Unicode>dichtet Arthur Schnitzler sein Lied von der Liebe und vom</Unicode>
                </TextEquiv>
            </TextLine>
            <TextLine id="r1l55" custom="readingOrder {index:54;}">
                <Coords points="549,2780 1748,2754 1746,2699 1644,2694 548,2745"/>
                <Baseline points="563,2783 621,2781 680,2779 738,2777 797,2775 855,2772 914,2770 972,2768 1031,2765 1089,2763 1148,2761 1207,2758 1265,2756 1324,2754 1382,2751 1441,2749 1499,2747 1558,2745 1616,2743 1675,2741 1734,2740"/>
                <TextEquiv>
                    <Unicode>Tode in seinem Schauspiel Der Ruf des Lebens, das am</Unicode>
                </TextEquiv>
            </TextLine>
            <TextLine id="r1l56" custom="readingOrder {index:55;}">
                <Coords points="550,2835 1456,2815 1742,2786 1741,2745 548,2780"/>
                <Baseline points="564,2826 622,2824 680,2823 738,2821 796,2819 854,2817 912,2815 971,2813 1029,2811 1087,2808 1145,2805 1203,2803 1261,2801 1319,2798 1378,2796 1436,2793 1494,2791 1552,2789 1610,2787 1668,2784 1727,2783"/>
                <TextEquiv>
                    <Unicode>Sonnabend im Lessing=Theater seine Erstaufführung er¬</Unicode>
                </TextEquiv>
            </TextLine>
            <TextLine id="r1l57" custom="readingOrder {index:56;}">
                <Coords points="550,2888 1757,2823 1720,2786 549,2847"/>
                <Baseline points="563,2869 625,2868 687,2866 749,2864 811,2862 873,2860 935,2858 997,2855 1059,2853 1121,2850 1183,2847 1245,2845 1307,2842 1369,2839 1431,2837 1493,2834 1555,2831 1617,2829 1679,2828 1742,2826"/>
                <TextEquiv>
                    <Unicode>lehte. Verlangt sein Landsmann und Freund Hoffmannsthal</Unicode>
                </TextEquiv>
            </TextLine>
            <TextLine id="r1l58" custom="readingOrder {index:57;}">
                <Coords points="551,2927 1761,2874 1739,2822 550,2886"/>
                <Baseline points="564,2916 623,2913 682,2911 741,2908 800,2906 859,2904 918,2901 978,2899 1037,2897 1096,2894 1155,2892 1214,2890 1273,2887 1332,2885 1392,2883 1451,2880 1510,2879 1569,2877 1628,2874 1687,2873 1747,2871"/>
                <TextEquiv>
                    <Unicode>mach dem Unmöglichen, Riesenhaften und gibt bei aller</Unicode>
                </TextEquiv>
            </TextLine>
            <TextLine id="r1l59" custom="readingOrder {index:58;}">
                <Coords points="563,2963 1633,2936 1744,2919 1742,2875 561,2922"/>
                <Baseline points="578,2958 635,2956 693,2955 750,2953 808,2950 865,2948 923,2946 980,2944 1038,2942 1095,2939 1153,2937 1210,2935 1268,2932 1325,2929 1383,2927 1440,2925 1498,2922 1555,2919 1613,2916 1670,2913 1728,2910"/>
                <TextEquiv>
                    <Unicode>Grandiosität wirre, grellschreiende übersteigerungen, so ist</Unicode>
                </TextEquiv>
            </TextLine>
            <TextLine id="r1l60" custom="readingOrder {index:59;}">
                <Coords points="561,3011 1765,2956 1763,2918 1687,2912 559,2955"/>
                <Baseline points="574,3001 632,2998 691,2997 750,2994 809,2992 868,2990 927,2988 985,2986 1044,2983 1103,2981 1162,2979 1221,2977 1280,2974 1339,2971 1397,2969 1456,2967 1515,2965 1574,2962 1633,2960 1692,2959 1751,2956"/>
                <TextEquiv>
                    <Unicode>Schnitzler der echte, reine Künstler, der in seinem Kreise allen</Unicode>
                </TextEquiv>
            </TextLine>
            <TextLine id="r1l61" custom="readingOrder {index:60;}">
                <Coords points="553,3046 1759,3026 1756,2968 1639,2961 551,3000"/>
                <Baseline points="569,3047 627,3044 686,3042 745,3040 803,3037 862,3035 921,3033 979,3031 1038,3029 1097,3027 1156,3024 1214,3022 1273,3020 1332,3018 1390,3016 1449,3013 1508,3011 1566,3008 1625,3006 1684,3003 1743,3000"/>
                <TextEquiv>
                    <Unicode>Stoff mit Wärme und Gefühl erfüllt, zur vollendeten Form</Unicode>
                </TextEquiv>
            </TextLine>
            <TextLine id="r1l62" custom="readingOrder {index:61;}">
                <Coords points="569,3095 1759,3063 1757,3011 1707,3007 568,3054"/>
                <Baseline points="584,3092 642,3088 700,3085 758,3083 816,3080 874,3077 932,3075 990,3073 1048,3070 1106,3068 1164,3066 1222,3064 1280,3062 1338,3059 1396,3058 1454,3055 1512,3053 1570,3051 1628,3049 1686,3047 1744,3044"/>
                <TextEquiv>
                    <Unicode>läutert. Wieder hat er uns mit einem Kunstwerk beschenkt, in</Unicode>
                </TextEquiv>
            </TextLine>
            <TextLine id="r1l63" custom="readingOrder {index:62;}">
                <Coords points="564,3139 1763,3098 1735,3050 562,3087"/>
                <Baseline points="579,3131 637,3129 695,3127 754,3125 812,3123 871,3121 929,3119 987,3117 1046,3114 1104,3112 1163,3110 1221,3108 1279,3106 1338,3104 1396,3101 1455,3098 1513,3096 1571,3094 1630,3091 1688,3087 1747,3084"/>
                <TextEquiv>
                    <Unicode>dessen dunklen, tragischen Grund das sanfte Licht einer klaren</Unicode>
                </TextEquiv>
            </TextLine>
            <TextLine id="r1l64" custom="readingOrder {index:63;}">
                <Coords points="564,3175 1646,3154 1777,3131 1775,3076 562,3140"/>
                <Baseline points="579,3176 638,3173 697,3171 756,3168 815,3166 875,3163 934,3161 993,3159 1052,3158 1111,3156 1171,3154 1230,3151 1289,3150 1348,3147 1407,3145 1467,3142 1526,3140 1585,3137 1644,3134 1703,3131 1763,3127"/>
                <TextEquiv>
                    <Unicode>Weisheit, einer leuchtenden Schönheit dringt und in dem sich von</Unicode>
                </TextEquiv>
            </TextLine>
            <TextLine id="r1l65" custom="readingOrder {index:64;}">
                <Coords points="576,3220 1775,3188 1752,3130 574,3176"/>
                <Baseline points="590,3220 648,3218 706,3216 765,3214 823,3212 882,3210 940,3208 999,3206 1057,3203 1116,3200 1174,3198 1232,3195 1291,3193 1349,3190 1408,3188 1466,3185 1525,3183 1583,3180 1642,3177 1700,3175 1759,3173"/>
                <TextEquiv>
                    <Unicode>dem blutigen Schatten der Nacht und des Sterbens die stille</Unicode>
                </TextEquiv>
            </TextLine>
            <TextLine id="r1l66" custom="readingOrder {index:65;}">
                <Coords points="576,3270 1757,3218 1755,3180 574,3226"/>
                <Baseline points="591,3263 648,3261 706,3259 763,3257 821,3255 878,3253 936,3251 993,3248 1051,3246 1108,3244 1166,3241 1224,3238 1281,3236 1339,3233 1396,3231 1454,3229 1511,3226 1569,3224 1626,3222 1684,3219 1742,3217"/>
                <TextEquiv>
                    <Unicode>Resignation eines lächelnden Sommerabends abhebt. Aber zu¬</Unicode>
                </TextEquiv>
            </TextLine>
            <TextLine id="r1l67" custom="readingOrder {index:66;}">
                <Coords points="574,3324 1731,3279 1764,3213 571,3266"/>
                <Baseline points="587,3312 645,3309 703,3306 761,3303 820,3301 878,3298 936,3296 994,3293 1053,3291 1111,3288 1169,3286 1227,3284 1286,3282 1344,3279 1402,3276 1460,3274 1519,3271 1577,3268 1635,3265 1693,3261 1752,3258"/>
                <TextEquiv>
                    <Unicode>gleich ist ihm diesmal ein Drama gelungen, das des Anhauches</Unicode>
                </TextEquiv>
            </TextLine>
            <TextLine id="r1l68" custom="readingOrder {index:67;}">
                <Coords points="574,3360 1664,3328 1769,3318 1768,3274 572,3313"/>
                <Baseline points="589,3352 647,3351 705,3349 763,3348 822,3345 880,3344 938,3341 996,3339 1055,3337 1113,3334 1171,3331 1229,3328 1288,3326 1346,3323 1404,3320 1462,3318 1521,3315 1579,3312 1637,3310 1695,3307 1754,3305"/>
                <TextEquiv>
                    <Unicode>der großen Tragödie nicht ganz entbehrt und in seiner düsteren</Unicode>
                </TextEquiv>
            </TextLine>
            <TextLine id="r1l69" custom="readingOrder {index:68;}">
                <Coords points="580,3392 1773,3352 1771,3314 1721,3310 579,3360"/>
                <Baseline points="595,3393 653,3392 711,3391 769,3390 827,3389 886,3387 944,3385 1002,3383 1060,3381 1118,3379 1177,3376 1235,3373 1293,3370 1351,3368 1409,3364 1468,3362 1526,3359 1584,3355 1642,3353 1700,3350 1759,3347"/>
                <TextEquiv>
                    <Unicode>Kraft der Darstellung an die Kunst Kleists oder Stendals leise</Unicode>
                </TextEquiv>
            </TextLine>
            <TextLine id="r1l70" custom="readingOrder {index:69;}">
                <Coords points="579,3446 1740,3411 1767,3352 577,3402"/>
                <Baseline points="594,3441 652,3438 710,3436 768,3434 826,3431 884,3429 942,3427 1000,3425 1058,3423 1116,3421 1174,3419 1232,3416 1290,3414 1348,3412 1406,3409 1464,3407 1522,3405 1580,3402 1638,3399 1696,3396 1754,3392"/>
                <TextEquiv>
                    <Unicode>gemahnt. Eine vergangene Zeit taucht auf, in der sich die Kleider</Unicode>
                </TextEquiv>
            </TextLine>
            <TextLine id="r1l71" custom="readingOrder {index:70;}">
                <Coords points="580,3493 1778,3462 1776,3400 578,3444"/>
                <Baseline points="594,3482 652,3479 710,3475 769,3473 827,3470 886,3468 944,3466 1002,3463 1061,3461 1119,3459 1178,3457 1236,3455 1294,3453 1353,3451 1411,3449 1470,3447 1528,3444 1586,3442 1645,3439 1703,3437 1762,3434"/>
                <TextEquiv>
                    <Unicode>der Biodermeierzeit seltsam mit einem trotzigen Glanz Napoleoni¬</Unicode>
                </TextEquiv>
            </TextLine>
            <TextLine id="r1l72" custom="readingOrder {index:71;}">
                <Coords points="574,3534 1778,3498 1776,3430 572,3478"/>
                <Baseline points="589,3524 647,3522 706,3520 765,3518 823,3516 882,3514 941,3511 999,3509 1058,3506 1117,3504 1176,3501 1234,3499 1293,3497 1352,3494 1410,3492 1469,3489 1528,3487 1586,3485 1645,3483 1704,3481 1763,3479"/>
                <TextEquiv>
                    <Unicode>scher Nachklänge mischen. Krieg ist in Österreich. Eine alte Schuld</Unicode>
                </TextEquiv>
            </TextLine>
            <TextLine id="r1l73" custom="readingOrder {index:72;}">
                <Coords points="578,3565 1654,3547 1785,3525 1784,3484 577,3533"/>
                <Baseline points="593,3564 655,3563 717,3561 779,3559 841,3557 903,3555 965,3552 1027,3550 1089,3547 1151,3544 1213,3542 1275,3540 1337,3537 1399,3535 1461,3533 1523,3531 1585,3529 1647,3528 1709,3527 1772,3527"/>
                <TextEquiv>
                    <Unicode>des Regiments zu sühnen, ziehen die blauen Kürassiere in den</Unicode>
                </TextEquiv>
            </TextLine>
            <TextLine id="r1l74" custom="readingOrder {index:73;}">
                <Coords points="582,3616 1779,3585 1776,3527 581,3584"/>
                <Baseline points="597,3610 655,3609 713,3608 772,3606 830,3605 888,3603 947,3601 1005,3599 1063,3597 1122,3594 1180,3592 1238,3590 1297,3587 1355,3584 1413,3582 1472,3580 1530,3577 1588,3575 1647,3573 1705,3570 1764,3568"/>
                <TextEquiv>
                    <Unicode>Tod. Zu dem jungen Max dringt der Ruf des Lebens; die Frau</Unicode>
                </TextEquiv>
            </TextLine>
            <TextLine id="r1l75" custom="readingOrder {index:74;}">
                <Coords points="571,3671 1767,3639 1790,3565 569,3633"/>
                <Baseline points="584,3662 643,3659 703,3656 763,3653 822,3651 882,3648 942,3645 1001,3643 1061,3640 1121,3638 1181,3636 1240,3634 1300,3631 1360,3629 1419,3626 1479,3624 1539,3621 1598,3619 1658,3616 1718,3614 1778,3611"/>
                <TextEquiv>
                    <Unicode>des Obersten, seine Geliebte, drängt ihn zur Flucht. Der Oberst</Unicode>
                </TextEquiv>
            </TextLine>
            <TextEquiv>
                <Unicode>19. Der Ruf des Lebens
box 24/2
tritt dazwischen, seine Pistole streckt die Frau nieder, Max wird
sich selbst richten. Aber vorher noch eine letzte Seligkeit mit
einem Mädchen, das ihn liebt. Marie Moser verläßt den bösen
alten Mann, der ihr Vater ist, vergiftet ihn und eilt zu dem Ge¬
liebten, dem sie nur noch eine letzte Stunde gehören kann, bis er
auch sie fortwirft, dem Tode seine Schuld zu zahlen. Rein taucht
ihre große Natur aus dem nächtigen Traum wieder hervor, der
sie zur Untreuen, zur Mörderin, zur Dirne gemacht. Sonne um¬
fließt sie, Blumen hält sie in den Händen und fröhliches Kinder¬
lachen zeigt an, daß die Welt nicht stehen bleibt um eines
1 Menschen Weh, daß ein jeder untertauchen muß in das All des
Lebens und die Ewigkeit der Natur. Den ganzen Reichtum an
Zeinheiten, die weiche Linie in dem Charakterisieren der Neben¬
personen kann solche Inhaltsangabe nicht wiedergeben. Der
rätselvolle Oberst, dieser Witzbold und Held, der lebensvolle todes¬
traurige junge Offizier, der weise, mild abgeklärte Arzt, sie sind
alle nur als zarte Silhonetten aus einem dunklen Grund an¬
deutungsweise herausgelöst und wirken doch wunderbar lebendig.
Ganz in sinnliche Anmut und schwer süße Lyrit getaucht ist die
Theater#nach diesem Tezie vorgesühen.
Gestalt der dem Tode geweihten Katharina, die noch des Lebens
Berliner Theaterbrief. Berlin, 25. Februar,
(Gerhart Hauptmann hat als Motto vor sein Friedens¬
ffest die Stelle aus Lessings Abhandlung über die Fabel ge## letzte Lust mit vollen Zügen trinkt. Schnitzler hat uns hier ein
Werk gegeben, das die heldenhafte Tragik vom Schleier der Bea¬
trice und die melodisch gedämpfte Lebensgrazie vom Einsamen
Isschrieben, nach der Handlung nicht nur da ist, wo der Liebhaber zu
Weg zu einer stimmungsstarken, reichen Dichtung verbindet. Die
1
Füßen fällt, die Prinzessin ohnmächtig wird oder der Held stirbt!
IIn diesem Sinne hat das moderne Drama lange nur „Zustände
8
der Seele“ die osychologischen Komplikationen des alltäglichen Aufführung war vorzüglich; die unvergleichliche Künstlerschar des
e
§ Lebens geschildert; heute sehnt man sich wieder nach dem ge=Lessing=Theaters, die Triesch, die Lehmann, Reicher, Bassermann,
Rittner, Marr boten ein herrliches Ensemble. Der Eindruck war
P.L.10
waltigen Schicksal, das den Menschen erhebt, wenn es ihn
stark, der Erfolg. aber nicht unbestritten.

#65
zermalmt. Maeterliucks Predigt von der Tragit des Alltags, der
" Empfindungsfülle der einzelnen Minuten, die in den unaufhörlich
dahinrinnenden Stunden unseres Seins den Inhalt des Lebens
sieht, muß jenem Rufe nach dem großen Leben weichen, das in
eine einzige Stunde das Seligste und Furchtbarste, Liebe und
Mord zusammendrängt. Aus den sekundenlangen Ekstasen von
Wollust und Tod aber kehrt der Mensch in die ewige Einfalt des
Tages zurück und trinkt die Süße der kleinen Freuden, der stillen
Augenblicke, da ihn die heroische Größe der tragischen Leiden¬
schaften nur mit Verbrechen und Qual überhäufte. .... So
dichtet Arthur Schnitzler sein Lied von der Liebe und vom
Tode in seinem Schauspiel Der Ruf des Lebens, das am
Sonnabend im Lessing=Theater seine Erstaufführung er¬
lehte. Verlangt sein Landsmann und Freund Hoffmannsthal
mach dem Unmöglichen, Riesenhaften und gibt bei aller
Grandiosität wirre, grellschreiende übersteigerungen, so ist
Schnitzler der echte, reine Künstler, der in seinem Kreise allen
Stoff mit Wärme und Gefühl erfüllt, zur vollendeten Form
läutert. Wieder hat er uns mit einem Kunstwerk beschenkt, in
dessen dunklen, tragischen Grund das sanfte Licht einer klaren
Weisheit, einer leuchtenden Schönheit dringt und in dem sich von
dem blutigen Schatten der Nacht und des Sterbens die stille
Resignation eines lächelnden Sommerabends abhebt. Aber zu¬
gleich ist ihm diesmal ein Drama gelungen, das des Anhauches
der großen Tragödie nicht ganz entbehrt und in seiner düsteren
Kraft der Darstellung an die Kunst Kleists oder Stendals leise
gemahnt. Eine vergangene Zeit taucht auf, in der sich die Kleider
der Biodermeierzeit seltsam mit einem trotzigen Glanz Napoleoni¬
scher Nachklänge mischen. Krieg ist in Österreich. Eine alte Schuld
des Regiments zu sühnen, ziehen die blauen Kürassiere in den
Tod. Zu dem jungen Max dringt der Ruf des Lebens; die Frau
des Obersten, seine Geliebte, drängt ihn zur Flucht. Der Oberst</Unicode>
            </TextEquiv>
        </TextRegion>
    </Page>
</PcGts>
