3484 4256
290 194 2057 269 19. Der Ruf des Lebens box 24/3
1991 1207 2394 1322 Telephen 12801.
1521 1383 2291 1520 Snen
1244 1496 2396 1567 O l. österr. behördl. konz. Unternehmen für Zeitungs-Ausschaltte
1266 1563 1331 1612 7
1400 1548 2291 1654 Wien, I., Concordiaplatz 4.
1633 1626 2107 1704 Vertretungen
1300 1668 2396 1747 ) in Berlin, Budapest, Chicago, Christiania, Genf, Kopen¬
1231 1720 2404 1836 hagen, London, Madrid, Mailand, Minneapolis, New -Vork,
1340 1756 2375 1841 Paris, Rom, San Francisco, Stockholm, St. Petersburg.
1650 1807 2065 1860 (Quellenangabe ohne Gewähr.)
1270 1804 2375 1960 7 Ausschnitt aus: Die Bombe, Wien
1233 1844 1286 1929 1
1243 1913 1326 1998 3
1251 1974 1477 2047 E vom:
1484 1948 1767 2101 W
1561 2054 2296 2223 Dedieie
1675 2182 2373 2309 Fange Ponerer
1526 2284 1718 2364 —.
1448 2355 2352 2454 „Der Ruf des Lebens“ von Arthur
1362 2427 2353 2500 Schnitzler ist wohl nach der dramatischen
1369 2474 2358 2573 Komposition kein /Meisterwerk, doch voll
1369 2537 2366 2629 lyrischer Kraft und Tiefe. Das Grundmotiv,
1362 2593 2349 2687 der Kampf der Sinnenfreude mit dem Pflicht¬
1359 2651 2361 2752 gefühl, eigentlich das Thema der meisten
1375 2716 2368 2801 Dramen, ist mit seltener Gewandtheit durch¬
1377 2765 2374 2868 komponiert, die Charaktergemälde voll Farbe
1375 2831 2379 2920 und Glanz, die Sprache schlicht und doch
1373 2883 2367 2985 aufwühlend. Dazu die außerordentliche Auf¬
1383 2948 2368 3030 führung im Deutschen Volkstheater und der
1376 3002 2383 3107 große echte Erfolg ist begreiflich, wenn auch
1381 3063 2383 3177 Berlin als erste Instanz den Dichter ver¬
1376 3142 1667 3223 urteilt hat.
1475 3163 2376 3279 Hier in Wien, des Dichters Landen,
1389 3251 2378 3337 hatte man volles Verständnis für das, was
1391 3302 2371 3380 er sagen wollte, und der Sieg war ehrlich,
1397 3367 2373 3456 kein Produkt des Lokalpatriotismus. Es war
1391 3409 2374 3519 zugleich ein Sieg des Deutschen Volks¬
1397 3473 2383 3571 theaters und das Gerücht, daß Adolf
1388 3532 2375 3629 Weisse auch als Direktionskandidat fürs
1388 3592 2397 3703 Burgtheater genannt wurde, wird begreiflich.
