3436 4384
31 1573 68 1618 n
285 308 1432 395 19. Der Ruf des Lebens
1585 314 2052 403 box 24/2
991 848 1490 925 Theater und Musik.
1862 870 3069 936 erweckle der Leu nant, den Herr= Stieler, soweit die Rolle es zuließ,
1865 921 3080 956 glaubhaft svielte. Mit wenigen sicheren Strichen zeichnete Basser¬
667 890 1434 988 Ggessingtheater.
1869 956 3080 1010 mann den Obersten, und Herr Reicher gab den Arzt, als sei er von
701 952 1843 1033 Arthur Schnitzlers Kunft wurzelt in der Reflexion, höbere
1865 980 3079 1050 dessen recht zweifelhafter Weisheit überzeugt. Der anderen Aufgaben
629 1008 1846 1057 Eingebungen find thr###ens#=fremd, wie ihrem Urheber eine auf das
1866 1037 3076 1099 nahmen sich die Damen Lehmann und Schiff, die Herren Marr,
622 1055 1840 1110 Uebersinnliche gerichtete Weltanschauung. Das Einzige, was gewiß
1849 1055 3075 1129 Rittner u. a. mehr oder minder glücklich an. In der kleinen Rolle
622 1092 1845 1136 ist, so ungefähr sagt der Raisonneur seines neuesten Schauspiels
1860 1113 3077 1171 des schwindsüchtigen Mädchens stellte sich Grete Hofmann, die Gattin
632 1145 1842 1191 „Der Ruf des Lebens“ das am Sonnabend zum ersten Male hier
1854 1141 3073 1212 des Hofopernsängers Kraus, zum ersten Male als Darstellerin vor.
617 1155 1836 1225 aufgeführt wurde, ist, daß die Sonne den Lebenden scheint, den Toten
1857 1189 3092 1236 Es war aber keine dankbare Aufgabe; man wird daher gut tun, ein
626 1219 1836 1273 aber nicht mehr. Auf Grund dieses materialistischen Glaubens¬
1861 1223 2691 1282 Urteil über ihr Können auf später aufzusparen.
617 1251 1849 1304 satzes, der freilich erst am Schluß ausgesprochen wird, predigt
627 1290 1845 1331 und beschönigt das Stück, wenn man alle Umschreibungen
629 1334 1836 1378 außer acht läßt und es nüchtern betrachtet, rücksichtslosen Egoismus
630 1362 1838 1411 als einzigen Zweck des Lebensgenusses, auch wenn der Weg dazu
630 1411 1838 1463 über Leichen gebt. Das zum Beweise ausgeklügelte Beispiel ist denn
628 1446 1837 1488 auch möglichst kraß gewählt worden, und wirkt — auch wenn nicht ge¬
613 1493 1837 1549 leugnet wird, daß manche Einzelheit der psochologischen Motivierung der
619 1526 1498 1576 Vorgänge geistvoll und fesselnd durchgeführt ist,
1563 1526 1834 1577 zuletzt so ver¬
620 1560 1846 1624 stimmend und abstoßend, daß der Beifall, der den Verfasser vor den
611 1593 1589 1658 Vorhang rief, auf recht energischen Widerspruch stieß.
1613 1601 1835 1656 Dramatisch
609 1645 1843 1684 am besten gelungen ist der erste, vorbereitende Akt. Er führt
614 1684 1845 1733 in die Krankenstube eines unausstehlichen, eigenwilligen und selbst¬
623 1721 1832 1758 süchtigen Alten, der von seiner Tochter gepflegt wird. Trostlos wird
626 1756 1840 1820 ihre Lage geschildert; sie, die jung ist, sich nach dem Leben sehnt, darf
612 1794 1832 1837 ihren Fuß nicht vor die Tür setzen. Eingekerkert mit einem Sterbenden,
610 1837 1833 1892 dessen Siechtum nach dem Ausspruch des Arztes noch jahrelang
613 1877 1838 1923 dauern kann, muß sie ihre Jugend vertrauern. Aber der Ruf
611 1909 967 1966 des Lebens ist
968 1920 1055 1963 an
1109 1917 1332 1966 ergangen.
1361 1919 1830 1971 Einmal hat sie den
612 1949 1764 2000 Alten überlistet und ist auf einem Ball gewesen, wo
1758 1958 1836 2011 sie
619 2001 1829 2047 einen jungen Offiz'r kennen und lieben lernte. Nie sah
619 2034 1829 2086 sie ihn, obwohl sie : Stelldichein verabredeten, seitdem wieder, und
617 2075 1832 2114 sie erfährt nun, daß das Regiment, dem er angehört, am folgenden
611 2111 1838 2152 Tage in den Krieg, ja, in den sicheren Tod gehe, weil es gelte, die
618 2152 1835 2184 Schmach einer Niederlage, an der es früher Schuld getragen haben
617 2185 1840 2239 soll, durch einen heldenmütigen Opfertod zu tilgen. Das Mädchen
613 2228 1836 2274 erfährt das durch den Arzt, der ihren Vater behandelt; dieser gibt ihr
601 2271 1827 2319 mit einer nicht mißzuverstehenden Andeutung ein Fläschchen in die
610 2307 1834 2345 Hand, das für den Alten .den Schlaf von hundert Nächten“ enthalte.
605 2343 1829 2396 Um einer Liebesnacht willen reicht das Mädchen dem Alten den
609 2381 1826 2425 Todestrank. Das Maß der Schuld ist aber damit noch nicht voll.
601 2426 1835 2487 Der zweite Akt führt in das Zimmer des jungen Offiziers, der im
609 2454 1830 2512 Begriff steht, vor Antritt des Todesritts seinen Beziehungen zum Leben
601 2498 1825 2541 ein Ende zu machen, indem er alle verräterischen Briefe und Papiere
601 2544 1823 2596 verbrennt. Flüchtig nur gedenkt er des Mädchens, das einst sein
600 2582 1828 2642 zu werden versprach und nicht Wort hielt, und feierlich erklärt
611 2615 1832 2663 er dem ihn besuchenden Obersten, daß nichts mehr ihn an
609 2658 1821 2701 das Leben binde. Während er dann einen Augenblick das Zimmer
599 2700 1840 2745 verläßt, schleicht das Mädchen sich ein. Der Leutnant kehrt
606 2731 1836 2778 zurück, aber nicht allein. Sie verbirgt sich hinter Vorhängen
602 2778 1824 2810 und wird nun Zeuge der nachfolgenden, ebenso überrasch mnden wie
603 2806 1824 2866 widerwärtigen Szene. In Begleitung des Leutnants befindet sich die
599 2860 1826 2912 junge Fra# des von ihm betrogenen Obersten. Sie kommt, um
598 2893 1827 2941 Abschied für immer zu nehmen. Der Oberst aber ist ihr nachgeschlichen,
596 2933 1822 2977 und gleich darauf steht auch er im Zimmer. Ohne viel Worte zu
608 2964 1825 3024 machen, zieht er einen Revolver aus dem Mantel, streckt mit einem
607 3004 1811 3050 Schusse sein Weib nieder und geht von dannen, den Räuber seiner
605 3044 1825 3086 Ehre seinem Schicksal überlassend. Während letzterer nun die Waffe
606 3082 1827 3135 auf sich selbst richten will, stürzt das Mädchen aus seinem Versteck hervor
595 3130 1829 3175 und fällt ihm in den Arm. Auch ihm ertönt nun der Ruf des Lebens
605 3167 1817 3206 lauter als der der Ehre, und über die zweite Leiche hinweg schreiten
595 3209 1823 3260 die beiden zu niedrigstem Lebensgenuß. Der letzte Akt enthält nur
601 3247 1827 3284 Retrospektives. Man erfährt, daß der Arzt, der übrigens auch der oben¬
606 3285 1817 3334 erwähnte Raisonneur des Stückes ist, den Mord an dem Alten ver¬
603 3321 1815 3367 tuscht hat, daß der Leutnant sich am nächsten Morgen, ehe das
591 3360 1817 3408 Regiment ausrückte, neben der Leiche der Oberstenfrau erschoß. Das
594 3400 1809 3447 Mädchen aber, das dies Furchtbare erlebt und mit verschuldet,
595 3441 1824 3497 wandelt noch unter der Sonne. Die Vergangenheit soll sie nicht
599 3488 1819 3529 anfechten, meint der Raisonneur, der Ruf des Lebens werde wieder
590 3516 1822 3561 an sie ergehen und alles vergessen machen. Und um dieser seiner Weisheit
599 3561 1816 3599 noch einen bildhaften Schluß zu geben, läßt Schnitzler hier noch ein
589 3598 1808 3649 schwindsüchtiges Mädchen, eine episodisch verwendete Figur, inmitten
587 3640 1812 3690 der blühenden Natur und in der prallen Sonne des Mittags sterben.
661 3673 1812 3718 Ein weiterer Kommentar über das Stück ist nach dem Obengesagten
595 3720 1818 3770 und der Angabe des Inbalts überflüssig. Das Abstoßende des Motivs
589 3756 1804 3798 machte sich bei der Nachlässigkeit, mit der der zweite und dritte Akt,
592 3792 1807 3843 die technisch hinter dem ersten weit zurückstehen, gearbeitet sind, um
604 3831 1813 3887 so fühlbarer. In der Darstellung zeichnete sich vor allem Irene Triesch in
589 3870 1807 3911 der schwierigen weiblichen Hauptrolle aus. Der Gestalt irgend welche Sym¬
589 3905 1824 3982 pathien zu retten, vermochte aber auch ihre Kunst nicht. Mehr Anteilnahme
