3484 4256
1577 234 2006 318 box 24/3
255 247 1414 335 19. Der Ruf des Lebens
2009 415 2334 490 haen
2055 485 2166 563 e
1520 552 2150 639 „OSSLIIVER
1296 610 2393 688 I. östebr. behördl. konz. Unternahmen für Zeitungs-Ausschsltte
1441 674 2272 771 Wien, I., Concordiaplatz 4.
1625 749 2082 822 Vertretungen
1314 804 2390 872 in Berlin, Budapest, Chicago, Christiania, Genf, Kopen¬
1311 852 2399 918 nagen, London, Madrid, Mailand, Minneapolis, New-York.
1352 889 2361 963 Paris, Rom, San Francisco, Stockholm, St. Petersburg.
1646 937 2067 996 (Quellenangabe ohne Gswähr).
1304 993 1494 1064 Aussch
1620 996 1695 1057 8:
1448 997 2349 1150 LOLTEASER LOGManer lerena
1315 1079 1463 1161 vom:
1411 1199 2275 1311 Theater und Kunst.
2245 1270 2424 1377 7X
1498 1314 2197 1402 „Der Ruf des Lebens.“
2373 1371 2485 1441 Im
1224 1385 2022 1447 (Schauspiel in drei Aufzügen von Artur
1225 1396 2476 1488 Deutschen Volkstheater zum erstenmal aufgeführt am 11. Bezember 1909.)
1324 1485 2479 1547 Es gibt noch Dankbarkeit und Freundschaft. Schnitzlers
1221 1525 2474 1581 Schauspiel „Der Ruf des Lebens“ ist auf seinem Leidens¬
1220 1566 2473 1623 wege in Wien angekommen und hat hier gut bestanden.
1224 1602 2482 1679 Dieses Stück hat das Antlitz eines kranken, einer Zwangsehe
1219 1670 2478 1714 entsprossenen Kindes. Es ist nicht in Künstlerfreuden gezeugt, ist
1219 1713 2472 1766 unter Qualen geboren worden. Sein Vater hat an ihm wieder¬
1222 1742 2484 1832 holt schwere Operationen vorgenommen, aber es lernt nicht
1236 1804 2476 1885 „gehen“, geschweige denn „ziehen“ Man sollte ihm vielleicht
1225 1861 2366 1924 endlich doch die Ruhe in den gesammelten Werken gönnen.
1337 1899 2490 1976 „Der Ruf des Lebens“ ist ein Lesestück. Es gestattet dem
1206 1943 2489 2029 Leser eine Mitarbeiterschaft, die der Zuschauer niemals zu leisten
1215 2009 2481 2068 imstande sein kann. Es ist überreich, nicht an Handlung, wohl
1218 2052 2473 2113 aber an Handlungen, es enthält mehrere Dramen, die sich nur
1215 2094 2559 2170 scheinbar berühren, sich nur scheinbar einer gemeinsamen Entwicklung 1#
1213 2152 2479 2226 zustoßen und die nebeneinander an dem Titel aufgehängt sind,
1218 2199 2489 2257 der, da er aller psychologisches Thema anszusprechen hat,
1218 2239 2481 2322 notwendigerweise vieldeutig sein muß. Denn. „der Ruf des
1217 2286 2485 2355 Lebens“ wird bei dem neunundsiebzigjährigen Rittmeister Moser,
1215 2337 2488 2398 der dem Ruf des Lebens folgend, durch seine Feigheit vor dreißig
1232 2394 2477 2446 Jahren den Verlust einer Schlacht verschuldet, zur Angst vor dem
1224 2420 2485 2487 Ende, dessen Heranschleichen den siechen Greis erregt. Er ist bei
1232 2479 2483 2553 seiner Tochter Marie, die er mit der schrankenlosen Selbstsucht
1228 2539 2473 2603 des Alters und der Krankheit martert und brutalisiert und
1208 2573 2481 2641 hermetisch im Dunstkreis seines Sterbebettes eingeschlossen
1221 2612 2476 2681 halten will, ein Aufschrei des brünstigen, heißen Jugendblutes.
1221 2665 2483 2738 Man könnte hier das Schlagwort vom „Schrei nach dem Kinde“
1224 2719 2480 2788 gelten lassen. Er ist bei der Cousine der Marie, bei der schwind¬
1230 2773 2483 2831 süchtigen, neunzehnjährigen Katharina, die weiß, daß sie ebenso
1230 2808 2486 2887 wie ihre Schwestern mit zweiundzwanzig Jahren im Grabe liegen
1218 2852 2484 2934 wird, die verzweifelte Furcht, daß auch nur eine Glückesstunde
1235 2907 2494 2978 der kurzen Frist ungenossen entschlüpfen könnte, weshalb sie von
1226 2957 2472 3022 Mann zu Mann hastet. Er ist es, der die Offi¬
1220 2993 2476 3074 ziere der blauen Kürassiere bedrängt und verwirrt, die in
1233 3050 2483 3110 den sicheren Schlachtentod reiten, um die Schmach von den
1225 3094 2479 3164 Standarten ihres Regiments zu tilgen. Der Titel des Stückes,
1228 3152 2476 3207 von symbolistischen Absichten weit entfernt, erhält demnach für
1229 3197 2473 3259 jedes Einzelschicksal seinen besonderen Sinn, er zielt nicht nach einem
1245 3251 2473 3302 Kernpunkt des Schauspiels, sondern entspringt einem Spiel der
1234 3288 2475 3362 Geschicklichkeit, die der Autor benötigt, der für mehrere Einatter
1240 3339 2476 3412 einen Generaltitel erklügelt. Ist dergleichen jedoch bei einem
1242 3391 2473 3448 Stück erforderlich, dann offenbart sich hiedurch, daß novellistische
1244 3436 2480 3490 Elemente zusammengefangen werden sollen, die jedoch dann im
1243 3475 2492 3548 hellen, heißen Bühnenlichte fast immer zu ihrem eigenen Leben
1230 3527 2487 3610 erwachen und auseinanderstreben. Das ist denn auch gestern
1243 3577 2217 3645 wieder mit zu erwartender Pünktlichkeit eingetroffen.
1336 3623 2504 3689 Der erste Akt, vom Autor, dem Regisseur und der Dar¬
1238 3671 2477 3742 stellung wundervoll abgetönt, fand durch das einträchtige Zu¬
1236 3730 2497 3785 sammenwirken dieser drei Künste eine glänzende Wirkung. Bis
1233 3776 2536 3860 zur Schlußszene. Marie schüttet eine Arznei, die den „Schlaf pon
1266 3835 2530 3911 hundert Nächten“ enthält, in das Glas, das sie dem Kranken
1269 3887 2532 3935 reicht, der ihr die „Tür ins Freie“ versperrt hat. Sie ver¬
1262 3933 2528 3988 giftet vorsätzlich und nicht einmal im Augenblick eines aufs
1259 3981 2534 4051 höchste gesteigerten Affekts, den eigenen Vater, um dem geliebten
1253 4034 2537 4111 Kürassie utnant Max (Herr Kramer) die Nacht vor dem Ausmarsch
1268 4074 2534 4139 des dem Tod geweihten Regiments zu schenken. Dieser Aktschluß ver¬
1261 4126 2529 4174 stimmte einen Teil des Publikums. In der Novelle ließe sich das
