3484 4352
1567 288 2043 385 box 24/4
253 294 1433 392 19. Der Ruf des Lebens
1535 534 2060 624 Bossische Zeitung
1164 534 1432 634 Zeitung.
1923 629 2175 713 Berlin
1181 647 1331 720 Ort:
1178 743 1403 827 Datum:
1143 899 2313 969 „Der Ruf des Lebens.“ München, 7. September. (Eigener
1093 952 2319 987 [rahtbericht.) Mit der Eröffnungsvorstellung der Wintersaison
1102 983 2328 1045 berschafften uns die Münchener Kammerspiele die Bekanntschaft mit
1104 1028 2321 1075 dem wenig Aufgeführten Schauspiel Arthur Schnitzlers Der
1106 1069 2320 1116 Ruf des „Lebens“. Unter Ersch Ziegers vernanomavoner Regie
1104 1103 2316 1147 kamen vieleEinzelheiten des verspektivenreichen Werkes zu schöner
1117 1148 2326 1193 Wirkung (in seiner Gesamtheit vermochte indessen das Drama
1110 1168 2327 1239 höchste Ekwartungen, wie sie die Kunst Schnitzlers immer aufs
1105 1223 2317 1278 neue hervorruft, nicht ganz zu befriedigen. Mit den Darstellern,
1114 1260 2319 1309 von denen sich Erich Ziegel, Pbilipp Manning, Paul Marx und
1111 1290 2328 1351 Miriam Horwitz besonders gut bewährten, wurde der anwesende
1122 1336 2100 1407 Tichter zum Schluß wiederholt vor die Rampe gerufen.
1586 1472 1775 1553 7 äger t.
1369 1520 1829 1602 #umte Stellungnahme
272 1552 648 1611 ——
2105 1544 3056 1613 Ermordung der Japaner in Ranking
1195 1567 3050 1670 Der da glaubt, daß der von Freundschaft über¬ außer der Bestrafung der Schuldigen und einem
259 1578 1172 1655 Nach einer so unangenehmen und schwierigen
1192 1622 3063 1719 fließende Hamburger Trinkspruch den Schaden Schadenersatz noch besondere Kompensatio¬
222 1642 1168 1689 Verteidigung gab es noch etwas „für's G'mügt“:
1198 1667 2466 1737 wieder gut gemacht hätte, der kennt Oesterreich i nen zu fordern.
223 1682 1166 1747 eine Jeremiade über die angebliche Unterdrückung
235 1715 1368 1771 des katholischen Volksteiles, über den „Unsinn": schlecht.
2128 1709 3055 1781 Der Premierminister hat sich eilends
212 1815 2104 1864 der Geistliche in recht väterlichem Tone: der Buch= hockte. Der schaute ihn groß an, als verstehe er
2125 1813 3050 1876 Als sie müde und durchgefroren in ihre kalte
218 1839 1167 1899 wieser scheine krank zu sein und er habe ja seine
1164 1852 2103 1899 nicht recht, stand aber, von seiner Frau unterstützt,
2102 1858 3060 1929 Stube traten, wo sich nur noch der nötigste Haus¬
233 1891 1158 1951 Strafe heute schon bekommen, eine harte Strafe
1169 1893 2106 1944 auf, setzte sich noch einmal, um seinen Hut vom
2106 1912 3045 1966 rat befand, da war's mit des Mannes Kraft zu
224 1935 1151 1977 obendrein, womit er sich aber nicht etwa eine un¬
1171 1936 2094 2014 Boden aufzuklauben, und wankte dann wie ein
2102 1952 3060 2010 Ende. Erschöpft sank er auf einen Stuhl, legte
1168 1983 1673 2044 Trunkener zum Ausgang.
225 1978 1164 2028 ziemliche Kritik erlaubt haben wolle. Wenn sich
2094 1995 3042 2041 i den Arm auf den Tisch, den Kopf darauf und ein
224 2020 1167 2086 der Buchwieser also zu einer freiwilligen Buße
1196 2006 2103 2088 Er ging als Besiegter und der Pfarrer warf
2105 2033 3058 2099 krampfhaftes Schluchzen erschütterte den hagern
223 2066 1167 2107 i bereit finden lasse und seine Worte von damals
1169 2064 2101 2128 ihm an der Türe einen verächtlichen Blick zu. Den
2102 2073 3055 2145 Körper. Erschrocken standen die Kinder, die aus
233 2117 1146 2168 zurücknähme, die er wohl auch nur im Zorn ge¬
1167 2118 2094 2160 brauchte er nicht mehr zu fürchten! Und er über¬
2104 2110 3044 2178 der Küche herbeigesprungen kamen, neben ihm.
241 2151 1163 2229 sprochen habe, so wolle er sich daran genügen
1161 2157 2093 2218 legte, ob er ihm nicht den Todesstoß geben und ihn
2101 2160 3044 2235 Endlich faßte sich das Mariandl ein Herz und
231 2197 411 2250 lassen.“
1166 2194 2097 2266 am Sonntag als Kirchenverächter von der Kanzel
2096 2204 2266 2274 fragte:
1169 2238 1482 2300 verkünden solle.
264 2223 1147 2295 Der Amtsrichter ergriff schleunigst die Gelegen¬
2140 2223 2689 2303 „Warum weinscht, Vatta?“
229 2279 1158 2356 heit, den Streit zu einem urteilsparenden Ver¬
1207 2284 2090 2342 Der Amtsrichter sah nach der Uhr. „War das
2141 2294 3041 2354 Da legte der seine Linke, die schlaff herbahing,
224 2327 619 2399 gleich zu bringen.
1165 2326 2099 2392 ein wüschter spinnter Kerle!“ sagte er zum Asses¬
2097 2336 3048 2390 um das Kind und zog es an sein Herz, aber reden
1170 2367 2097 2430 sor, der in der nächsten Sache wieder als Amtsan¬
271 2365 1156 2434 „Sind Sie mit dem Vorschlag einverstanden,
2107 2372 3051 2438 konnte er nicht. Als die Kleine keine Antwort er¬
1165 2409 1992 2476 walt zu tun hatte. Der antwortete nicht
236 2396 1152 2477 Buchwieser?“ fragte er, „Sie sollten von dem gro¬
2106 2421 3039 2482 hielt, streichelte sie des Trostlosen Haupt und bat:
1169 2442 2093 2520 fühlte sich nicht mehr so sicher, seit er den Pfarrer
239 2461 1159 2517 ßen Entgegenkommen des Herrn Pfarrers schon
2101 2462 3054 2544 „Ihr mueßt net flenne, Vatta; mir hamm nixn
1164 2489 2098 2556 in der letzten Sache unbefangen hatte beobachten
244 2509 1153 2563 Gebrauch machen, den nach den Akten kann ich
2110 2512 2843 2576 og'stellt un furt san mir aa net g’wen.“
1167 2547 2094 2601 können. Plötzlich trat er zu dem Geistlichen, als
231 2551 1152 2603 Ihnen sagen, daß Ihnen eine empfindliche Strafe
2156 2560 2885 2621 „Na, g’wiß net!“ bestätigte der Seppl.
1170 2579 2095 2630 er sich anschickte, den Saal zu verlassen, sprach
233 2596 1149 2649 so gut wie gewiß ist, war es doch ohnehin dicht
2380 2595 2759 2668 (Fortsetzung folgt)
1168 2628 2112 2673 einige rasche Worte zu ihm und ging an seinen
234 2633 1157 2693 daran, daß Sie auch noch wegen Hausfriedens¬
1163 2667 2102 2726 Platz zurück, bevor der sichtlich Betroffene er¬
239 2678 704 2741 bruchs belangt werden!“
2257 2671 2881 2771 Der Ruf des Lebens
1179 2711 1464 2777 widern konnte.
264 2705 1158 2789 Der Buchwieser machte nur eine müde Be¬
1198 2743 2092 2809 Buchwiesers machten sich auf den Heimweg. Aus
2225 2747 2936 2822 Schauspiel von Artur Schnitzler
233 2765 1156 2821 wegung mit seiner mageren Hand und ein schmerz¬
1165 2802 2094 2849 einem Bäckerladen in einem der letzten Häuser
238 2812 1154 2870 licher Blick kam aus den halbgeschlossenen Augen.
2174 2800 2979 2898 Erste Aufführung in den Kammerspielen
1173 2840 2103 2899 holte die Frau einige Maurerlaibl, die sie außer¬
2383 2856 2750 2922 am 6. September
278 2863 1154 2946 „Mir is all's gleich,“ sagte er leise, „mir glaabt
1171 2877 2105 2950 halb des Ortes, auf einem Straßenstein hockend,
2194 2880 3053 2956 Im Jahre 1906 erschienen, rangiert dieses
256 2911 525 2966 's ja do nixn!“
1159 2924 2091 2978 zu verzehren begannen; aber die Kälte trieb sie
2103 2940 3049 2995 Schauspiel vor den späteren Dramen „Der junge
258 2938 1157 3006 Der Amtsrichter fuhr unwillig auf, sagte aber
1170 2973 2088 3041 auf und so aßen sie im Gehen weiter. Die Straße
2102 2982 3050 3035 Medardus“ und „Das weite Land“. Die drei Akte
233 2992 1164 3046 nichts. Der Vergleich wurde formuliert. Der
1159 2998 1827 3069 war noch schwieriger als der Früh.
2112 3023 3051 3062 spielen etwa in der Mitte des vorigen Jahrhun¬
244 3022 1155 3097 Buchwieser nahm mit dem Ausdruck des Be¬
1204 3033 2094 3108 „Soll'n mir it fahr'n von Kirchdorf aus?“ fragte
2109 3051 3048 3109 derts, in Oesterreich. Man lebt in Kriegszeiten
232 3083 1150 3136 dauerns die beleidigenden Ausdrücke und Vor¬
1161 3090 2096 3148 die Frau, die in der kalten Luft wieder zu husten
2106 3104 3050 3147 und von diesem geräushvollen Hintergrund heben
236 3124 1154 3187 würfe zurück, die er gegen Herrn Pfarrer Nißler
2095 3139 3055 3188 sich die romanhaften Schicksale des alten Moser
1171 3138 2093 3212 begann. Wie sie noch standen und überlegten,
233 3171 1156 3229 erhoben haben sollte, verpflichtete sich zur Zahlung
2107 3176 3039 3221 und seiner Tochter Marie ab. Moser, ehedem Ritt¬
1170 3173 1859 3242 kam ein Schlitten von der Stadt her.
240 3216 1155 3272 von zehn Mark an den vom Pfarrer eben gegrün¬
2112 3218 3044 3271 meister und nunmehr den Achtzigern nahe, von un¬
1203 3217 2090 3294 „Grüeß Gott mitanand!“ rief der Insasse. Es
2098 3254 3048 3322 heilbaren Leiden aus Dachzimmer gefesselt, hält,
241 3255 1166 3314 deten Jünglingsverein und die Kosten fielen ihm
1169 3254 1840 3323 war der Rauder Sepp, der Junge.
2107 3295 3043 3340 ein tyrannischer Vater seit dem Tode der Mutter
231 3298 1152 3360 ohnehin zu. Auch die Publikationsbesugnis
1212 3300 2090 3389 „Wollt's mitfahr'n? Sitz du bei mir; die Frau
2112 3330 3042 3382 seine einzige, ihn mit Aufopferung pflegende Toch¬
237 3339 920 3402 wurde dem Geistlichen zugesprochen.
1180 3356 1556 3419 soll hint aufhock'n!“
2105 3372 3053 3430 ter gleich einer Gefangenen. Marie ist darob sehr
1208 3386 2094 3453 Sie nahmen dankend an, saßen aber grad umge¬
265 3375 1169 3445 Die nächste Sache kam zur Verhandlung. Ein
2105 3401 3054 3463 bleich geworden, und eine einzige, mit einem
236 3432 1154 3493 Landstreicher wurde aus der Haft vorgeführt. Der
1167 3439 2097 3496 kehrt, was dem Sepp nicht recht kommod zu sein
2100 3439 3046 3489 jungen Reiter=Offizier durchtanzte Ballnacht kann
238 3483 1151 3523 zerlumpte Bursche fühlte sich in dem hellen war¬
1164 3487 2091 3543 schien, er gab ihnen aber Decken und erzählte:
2109 3489 3050 3564 sie nicht völlig für den Verzicht auf alles lebendige
2108 3522 2487 3581 Leben entschädigen.
1172 3524 2094 3577 grad habe er dem Postwirt was 'nüberg'führt —
235 3522 1160 3573 men Raum offenbar sehr behaglich und setzte sich
2146 3549 3038 3610 Nun aber begibt sich's, daß das Regiment, dem
232 3571 1157 3627 ohne Umstände auf den vom Meichelbacher Pfar¬
1158 3572 2085 3634 noblig hätt'r's zahlt! Dazu lachte er verschmitzt,
2101 3586 3043 3658 der schöne Leutnant angehört, ins Feld zieht. Juft
1164 3619 2101 3676 sprach dann, ablenkend, von gleichgültigen Din¬
235 3604 1153 3659 rer eben verlassenen Stuhl, wurde aber vom Gen¬
2101 3641 3044 3704 mit jenem Regiment, das, zur Sühne einer um
1163 3661 2095 3713 gen, darauf aber folgte eine lustige Wilderer¬
233 3652 1154 3709 darmen mit handgreiflicher Nachhilfe zum Erheben
2103 3678 3035 3732 dreißig Jahre zurückliegenden Schmach, jetzt ein
1173 3706 2096 3752 geschichte nach der anderen, in denen die Ferschtner
244 3696 1157 3750 genötigt. Er lachte nur und begann dreist die
2104 3721 3040 3775 Gelöbnis abgelegt, bis auf den letzten Mann sich
237 3731 702 3793 Anwesenden zu mustern.
1170 3744 2095 3795 nicht gut wegkamen. Beim Rauderhof stiegen
2111 3753 3033 3812 dem Feinde zu opfern. Die Stunde drängt. Am
1164 3775 2094 3851 die Buchwieserschen ab, dankten noch einmal und
280 3765 1153 3832 „Ihr könnt gehen!“ sagte der Gerichtsdiener
2093 3791 3041 3852 Morgen reiten die Schwadronen; und will Marie
1164 3824 1898 3897 aingen durch den Wald zu Fuß heim.
222 3814 1170 3899 zum Buchwieser, der noch immer auf seinem Stuhle
2101 3829 3052 3910 den Ruf des Lebens nicht wieder ungehört ver¬
2205 3916 3069 4061 A A.Z
