3484 4352
526 297 590 360 D
1114 300 1185 361 I.
1597 213 2081 383 box 24/4
284 313 1466 407 19. Der Ruf des Lebens
2017 1006 2336 1085 engehörtge
765 1018 2387 1131 hh. Ein großer Juwelendiebstohl. Wie römische gleichfalls in Mühlhausen, stott.
710 1043 1678 1143 Blätter melden, wurden in einem Palazzo in
2605 1077 3400 1147 letztemal Fleitag mitragin der Endbig
713 1103 1708 1177 Rom Schmucksachen im Werte von 170.000
2605 1118 3398 1185 sehen. In einem Schreiben teilte er mit
2602 1152 3407 1222 sich das Leben nehmen werde. Keim, der
702 1209 2605 1306 hallen lassen, so muß sie handeln. Zu ihrem; und andere Rettungsringe über Wasser und auf
714 1232 2600 1338 Glück fühlt sich der alte Moser gerade heute zu s seinem Niveau zu halten. So kommt aber auch
2589 1241 3397 1319 töchter Bosetti, v. Fladung, Willer — das
707 1266 1668 1348 einer Beichte und dem Geständnis gedrängt, daß
2588 1293 3396 1369 gerühmte und auch diesmal wieder ausge
1656 1296 2607 1372 i manche Breite in den Dialog, und so schön sich hier
703 1307 1660 1388 er selbst jener Offizier gewesen, der seinerzeit die
2599 1330 3346 1400 Gestalten unserer Wagnerfestspiele.
1664 1339 2607 1431 Vieles anhört, die Bemühungen Schnitzlers, die
704 1357 1662 1428 Flucht des Regiments durch eine momentane
2592 1369 3393 1441 Foy, die ebenfalls absagen mußte, hat
1651 1372 2596 1457 Gesamterfahrungen der handelnden Perionen der
705 1387 1661 1472 Schwächeanwandlung veranlaßt hatte. Grau¬
2590 1401 3402 1467 Perard=Petzl in dankenswerter Schlagfe
1659 1418 2590 1498 Synthese einzuordnen, die der Titel des Stückes zu
711 1429 1662 1502 samerweise fügt er noch hinzu, wie sehr es ihn er¬
2590 1445 3405 1537 und mit schönstem Gelingen die Freia üh
1652 1444 2596 1543 verheißen scheint, sie sind nicht allenthalben un¬
706 1462 1656 1547 freue, daß gewissermaßen um seinetwillen nun alle
2589 1481 2732 1542 men.
1659 1496 2215 1564 beschwert von Absichtlichkeit.
708 1499 1655 1585 diese jungen Leute in den Tod reiten müssen.
2622 1508 3400 1588 Loge, der Flackergott, hat nunmehr i
1693 1531 2597 1608 Leider hatte auch die Darstellung keinen sehr
698 1546 1650 1617 Mariens Grausamkeit erhält so das Stichwort. Ein
2585 1569 3407 1636 geistvoller Beleuchtung ein überauscharakter
1646 1569 2597 1649 glücklichen Abend. Ziegels kühler Oberst und
695 1581 1646 1653 etwas zu starker Schlaftrunk, den sie dem Vater
2588 1603 3395 1666 Profil erhalten, das umso wirksamer ist,
1645 1600 2600 1699 der jugendlich=eckige ungebärdige Offizier des
699 1611 1654 1699 hinterlistig beibringt, genügt, den Greis sogleich
2594 1635 3408 1706 der Künstler von Uebertreibung fernhält
1657 1654 2592 1720 Herrn Oswald besaßen Kontur. An den übrigen
694 1663 1648 1728 zu Boden zu strecken. Kühn entnimmt sie der er¬
2586 1679 3411 1754 könnten, im Gegensatz zu dem glücklich getr
1655 1692 2589 1754 Figuren blieb vieles problematisch. Herr Man¬
706 1704 1644 1788 starrenden Vaterhand den Zimmerschlüssel und ent¬
2591 1724 3011 1776 flüssigen Parlando,
3032 1732 3407 1786 ie reinen Gesang
713 1738 874 1797 flieht.
1641 1729 2589 1799 ning schien über die Stilisierung seines gut an¬
2749 1755 3400 1827 in der großen Liebes=Erzählung
1640 1770 2585 1836 gelegten Moser noch nicht schlüssig zu sein, und ein
739 1783 1642 1853 Langt dann in der Wohnung des jungen Offi¬
2579 1785 3403 1865 etwas mehr tonlichen Glanz vertragen
1655 1812 2585 1881 Schwanken zwischen Stilmöglichkeiten ließ auch die
692 1815 1647 1905 ziers gerade noch rechtzeitig an, um hinter einer
2575 1827 3410 1908 Dahmen, die die Fricka sang, gab stimml
1650 1839 2589 1927 Marie von Fräulein Horwitz zu keiner starken
696 1856 1650 1941 Gardine Deckung zu finden. Denn ehe sie gemein¬
2586 1882 3411 1944 Schönes. Doch läßt sich nicht verkennen,
1641 1884 2579 1949 Einheitlichkeit erwachsen. Eine entbehrliche Pa¬
1210 1908 1267 1954 ht
693 1896 1648 1984 sam mit dem späten Geliebten eine kurze Nacht
2579 1914 3411 1973 Individualität der begabten, zur Zeit me
1641 1921 2577 1987 thetil lagerte besonders über dem ersten Akt. Frän¬
694 1942 1645 2019 dem Ruf des Lebens Folge geben darf, spielt sich
2587 1942 3405 2022 andere Aufgaben geeigneten Künstlerin der
1647 1964 2582 2036 lein Spielmann suchte ohne rechte Wirkung
689 1974 1650 2061 im Zimmer noch ein kleines Privatdrama ab.
2573 1983 3405 2066 noch zu ferne steht, um die Größe und Hoh
1639 1992 2591 2070 der Katharina mit Opheliastimmungen zu Hilfe
691 2011 1645 2089 Max führt eine Dame ins Zimmer, die sich aus
2585 2028 3414 2109 Göttin in einer dem Drama entsprechenden
1634 2036 2579 2109 zu kommen. Frau Prasch=Grevenberg (Mutter),
695 2055 1642 2130 ihren Gesprächen als Geliebte des Offiziers doku¬
2578 2066 3110 2135 zum Ausdruck zu bringen.
1640 2077 2585 2156 Herr Marx (Schindler) und Herr Stahl=Nachbaur
680 2105 1637 2169 mentiert. Da klirrt eine Scheibe, und wie der
2611 2097 3402 2173 Die tiefste Wirkung ging wieder von der
1645 2119 2586 2199 (Forstadjunkt) führten ihre Episoden ansprechend
680 2148 1639 2207 Oberst, ein kühler Spötter durchs Fenster herein¬
1632 2149 1789 2204 durch.
2577 2138 3412 2215 Szene aus. Als aus Frau Cahiers nachtd
682 2174 1650 2249 tritt, findet sich's, daß die Dame sich als die Gattin
2588 2185 3399 2251 Tönen die Weissagung von der Götter
1667 2196 2577 2264 Das ausverkaufte Haus folgte der Aufführung
684 2212 1639 2281 des Obersten erweist. Der schießt mit feierlicher
2583 2224 3398 2294 klang, da fühlte man, daß der Höhepun
1637 2221 2586 2295 mit Interesse. In den Beifall mengte sich eine
675 2249 1636 2329 Ruhe die Ungetreue nieder und ersucht Max, die
2573 2261 3419 2333 Aufführung erreicht war. Die wundervoll
1643 2268 2570 2339 kleine Opposition, aber die Zuschauer ergriffen die
687 2288 1639 2377 Tat bis zum Morgen zu verheimlichen und auf
2572 2296 3408 2369 und Weise, in der sich bei Frau Cahier die
1638 2311 2575 2379 Gelegenheit durch ihren Applaus dem anwesenden
672 2331 1297 2396 alle Fälle auf sich zu nehmen.
2570 2333 3362 2405 lute Schönheit des Tones mit Sinn und G
1638 2340 2569 2430 Dichter wohl für manches Schöne mit zu danken,
1638 2369 2062 2456 was er schon geboten.
723 2377 1630 2442 Der dritte Akt bildet eine Art lyrisches Nach¬
2572 2387 3408 2459 gesungenen Wortes vermählt, ist schlechthin
2576 2412 2757 2472 bildlich.
679 2415 1637 2494 spiel, und hat Haus und Gärtchen der Schwägerin
2148 2423 2551 2506 Richard Elchinger
2608 2443 3405 2524 Zum Schluß ist noch von einer erfrei
674 2453 1639 2527 Moses in einem niederösterreichischen Dorf als
688 2499 1635 2553 Schauplatz. Aus einem einleitenden Dialog zwi¬
2570 2487 3416 2566 Ueberraschung zu sprechen. In Herrn Habich
667 2539 1638 2597 schen dem Arzt Schindler und dem Forstadjunkten
2575 2534 3387 2607 hier zum ersten Mal den Alberich sang,
1808 2523 2368 2617 Theater und Musik
2569 2575 3404 2643 man einen Künstler kennen, der vom ersten A
675 2573 1640 2643 Rainer, beide schon bekannt als Verehrer Mariens,
1677 2589 2561 2668 * Prinz=Regententheater. Eine in vielen Mo¬
674 2607 1625 2682 erfährt von dem Stand der Geschehnisse. Marie
2557 2603 3406 2683 blick an das stärkste Interesse für sich beanspe
1620 2623 2568 2704 menten großzügige Aufführung des Rhein¬
676 2651 1627 2719 wähnt man noch in den Armen des Offiziers. Sie
2559 2648 3408 2721 konnte. Scharf und bestimmt in der musikal
1633 2674 2564 2744 gold“, eröffnete den letzten Ring unserer Fest¬
671 2688 1618 2755 tritt indes herein, jenes nächtliche Erlebnis liegt
2558 2681 3418 2767 Deklamation, unterstützt von einer Stimme
1630 2709 2565 2787 spiele. Bedauerlicherweise war Bruno Walter
2552 2717 3401 2796 bis auf zwei geringfügige Schattierungen
674 2721 1635 2807 weit hinter ihr. Nur der Vatermord lastet noch
1618 2750 2566 2819 durch eine Unpäßlichkeit verhindert, die musikali¬
673 2765 1624 2834 schwer auf ihr, das Verbrechen, dessen Verheim¬
2560 2769 3413 2853 alle Ausdrucksmöglichkeiten hergibt, und nich
1630 2789 2554 2861 sche Führung zu übernehmen. An seine Stelle
676 2816 1627 2878 lichung sie Schindlers Freundschaft verdankt. Ein
2562 2806 3415 2884 letzt dank einem impulsiv=heißen Naturell,
1626 2828 2560 2903 trat Otto Heß, der mit starker Hand aus den Ur¬
667 2844 1635 2917 vorzeitiges Erlöschen der Tragik weiß der Autor
2547 2844 3392 2924 dem treibenden Hasse des Nachtalben ein
1624 2868 2551 2939 und Naturmotiven der Nibelungenwelt die ge¬
665 2889 1622 2939 dadurch zu hindern, daß er den Mutterschmerz der
2553 2883 3401 2957 zeugendes Aeußere verlieh, war dieser All
1615 2906 2549 2980 waltige Einleitung des Götterdramas formte.
673 2917 1614 2984 Schwägerin Mosers in den Vordergrund schiebt.
2555 2908 3408 3013 eine Gestalt, der man hier stets gerne wiede
1620 2948 2551 3017 Gunz prachtvoll spielte auch unser treffliches, zur
2555 2957 2848 3025 gegnen wird.
668 2949 1618 3024 Die achtzehnjährige Katharina, der Schwindsucht
1622 2981 2549 3057 Zeit so außerordentlich angestrengtes Hoforchester;
668 2999 1618 3066 anheimgefallen, ist, auch ihrerseits dem Ruf des
2630 3006 3414 3087 Schauspielhaus. Auch das Schauspiell
1616 3004 2550 3090 selbst wenn Einzelnes (wie z. B. der schmerzliche
672 3040 1623 3110 Lebens gefolgt und seit Monden verschwunden.
2544 3040 3406 3120 hatte seinen Schnitzler=Abend. Zwei Stücke wi
1615 3063 2543 3143 Gickser bei der Rheingold=Begrüßung) nicht vor¬
664 3070 1615 3140 Sie findet sich zuletzt in derangiertem Zustand ein,
2553 3088 3409 3162 neu einstudiert, die schon dadurch, daß sie in
1607 3090 1912 3160 kommen sollte.
665 3109 1617 3192 und stirbt am Aktschluß und in den Armen der
2547 3125 3417 3203 wieder auf dem Spielplan erscheinen, bew
1654 3144 2547 3212 Feinhals in seiner stets aufs neue imponieren¬
666 3146 871 3212 Mutter.
2550 3161 3409 3256 daß sie zu den Werken Schnitzlers gehören
1605 3164 2553 3241 den Größe als Wotan, Baubergers wettergebie¬
2543 3194 2960 3261 denen Dauer wohnt.
703 3199 1609 3268 Die Schwäche dieses Stückes liegt in der starken
1616 3213 2547 3290 tender Donner und Wolfs sonnigheller Froh,
662 3239 1616 3292 Handlung. Sie hat die Robustheit ein. Kino¬
2579 3233 3391 3323 Man begann mit Literatur, den kleinen
1606 3253 2543 3332 Bender und Gillmann, ein an Stimme wie Er¬
666 3268 1617 3344 dramas, und der Autor mag seine Not bamit ge¬
2537 3264 3396 3354 akter, spielend zwischen einem Schriftsteller,
1607 3290 2541 3363 scheinung geradezu vorweltliches Niesenpaar,
2540 3325 3414 3405 Schriftstellerin und einem Baron. Das Wer
662 3327 3422 3392 haht haben, sie durch pinchologische Begründungen Kuhns listiger Mime, sowic die bolden Rhein= zeigt, wie das Problem zu lösen ist, aus ei
