3436 4320
872 176 992 241 de
1564 170 2017 261 box 24/1
256 172 1409 278 19. Der Ruf s Lebens
1876 1267 2256 1340 Telephon 12801.
1367 1359 2070 1484 „OBSERVER
1183 1471 2300 1536 I. österr. behördl. konz. Unternehmen für Zeitungs-Ausschnitte
1384 1526 2131 1614 Wien, I., Concordiaplatz 4.
1596 1588 1914 1657 Vertretungen
1197 1628 2309 1709 in Berlin, Budapest, Chicago, Christiania, Genf, Kopenhagen,
1194 1679 2309 1740 London, Madrid, Mailand, Minneapolis, New-York, Paris, Rom,
1368 1720 2136 1791 San Francisco, Stockholm, St. Petersburg.
1540 1766 1973 1826 (Quellenangabe ohno Gewähr.)
1207 1854 1624 1926 Ausschnitt aus:
1403 1944 2356 2040 •8 2 Sftassburger Post
1135 1970 1405 2047 PL:
1217 2039 2393 2105 Berlin, 26. Febr. Am Samstag wurde im Lessingtheater
1154 2086 2398 2155 Arthur Schuitzters Schauspiel in drei Akten „Der Ruf des
1518 2126 2392 2203 Male gegeben. Der Ruf des Lebens ergeht an
1159 2166 2392 2238 ein junges Mädchen, das wie eine Sklavin von ihrem alten kranken
1153 2198 2394 2277 Vater gehalten wird. Sie geht in der Nacht, bevor das Regiment der
1152 2233 2384 2308 blauen österreichischen Kürassiere in den Krieg zieht, zu einem jungen
1146 2258 2398 2372 Leutnant in die Kaserne, nachdem sie vorher ihren Vater vergiftet und
1155 2320 2387 2395 einen treuen Bewerber abgewiesen hat. Im Zimmer des Leutnants
1144 2356 2414 2432 wird sie hinter einem Vorhang Zeuge des Abschieds, den dieser von
1152 2388 2396 2471 seiner Geliebten, der Frau seines Obersten, nimmt. Der Oberst be¬
1143 2428 2393 2498 lauscht hinter einem anderen Vorhang die Szene und erschießt die Un¬
1135 2465 2380 2554 getreue. Dem Leutnant überläßt er, wie er aus dem Leben gehen
1137 2521 2388 2589 will. Als dieser die Pistole zieht, springt Marie vor, und die beiden
1139 2546 2392 2628 verbringen die Nacht zusammen, worauf Max sich an der Leiche der
1138 2589 2384 2670 erschossenen Frau den Tod gibt. Auch an andere Personen ergeht der
1138 2628 2389 2701 Ruf des Lebens. Katharine, eine Verwandte Mariens, die von einem
1124 2667 2381 2735 Forstadjunkten verführt und verlassen worden ist, fühlt sich krank und
1132 2701 2368 2787 da sie weiß, daß ihr Leben nur noch zwei Jahre dauern wird gibt sie
1120 2743 2386 2817 sich, um diese Zeit auszunutzen, allen Männern hin, die sie haben
1124 2784 2374 2858 wollen, bis sie wahnsinnig wird. Die Aufführung mit den ausgezeich¬
1122 2821 2415 2923 neten Kräften des Lessingtheaters (Irma Trinsch — Maria, Herrg
1114 2862 2371 2938 Bassermann — Oberst, Herr Stieler — Max) konnte nur hervorragend
1124 2900 2376 2989 sein. In den Beifall mischte sich besonders am Schluß starker Wider¬
1121 2950 2373 3019 spruch. Jedoch konnte sich Arthur Schnitzler nach allen drei Aktschlüssen
1121 2988 1997 3040 unter lebhaftem Beifall vor dem Vorhang zeigen.
