3436 4352
283 175 1429 271 19. Der Ruf des Lebens
1593 194 2041 281 box 24/2
1093 874 1848 987 Dd Ap #n
1440 980 1501 1048 —
1112 1001 1286 1048 4—
1531 1003 1968 1046 Cheater
1876 1091 2684 1150 gehetztes Herz klammert sich an den mitleid¬
1009 1086 1851 1160 Körperkraft, wenn der Hundertjährige seine
1870 1145 2600 1208 losen Henker seiner ererbten Macht. —
1022 1144 1850 1206 Erinnerungen auskramt, und der Zar wie
2006 1185 2698 1241 cet esprit d’impudence et d’erreur
1018 1191 1848 1246 ein guter Hausvater dem Geschwätzigen zuhört,
1929 1238 2699 1280 Delachutedes rois funeste avant-coureur.
1023 1242 1856 1291 während hinter ihm schon das harle Auge
1951 1274 2707 1332 So ward uns das russische Gastspiel
1010 1280 1846 1336 des Günstlings die Köpfe zählt, die fallen
1866 1316 2693 1383 mehr als ein künstlerisches Erlebnis. Es
1021 1324 1853 1377 sollen; wenn aus dem elenden Grau der
1870 1362 2688 1425 gab uns zu manchem den Schlüssel des Ver¬
1020 1367 1838 1424 Bürgerkleider, dem prunkenden Gold der
1869 1417 2687 1461 ständnisses; erschien uns ein Gleichnis und
1017 1404 1844 1469 Prälatengewänder und der Heiligennischen
1871 1443 2701 1507 ein Wetterleuchten. Und so wäre vielleicht
1022 1455 1844 1501 und dem flimmernden Glanz der Edelsteine
1859 1501 2691 1557 neben ihm auch besseres verblaßt, als es
1020 1498 1845 1538 an den Fingern und Gürteln der Großen
1019 1539 1841 1590 sich ein fremdartiges, packendes Bild vor
1855 1540 2702 1594 die letzten an dramatischen Taten so armen
1855 1585 2690 1648 Wochen zu zeigen hatten. Dieses Spiel der
1017 1585 1840 1628 unseren Blicken entrollt — dann fühlen wir
1865 1629 2700 1680 Moskowiter gab uns keinen Dichter, kein
1013 1633 1845 1684 aus einer seltsamen Mischung von Glanz
1855 1669 2699 1716 neues Stück, keine Virkuosenleistung, die
1008 1675 1846 1721 und Elend, von Verschlagenheit und Harm¬
1869 1714 2693 1764 man gesehen haben muß, wenn man in
1011 1732 1855 1781 losigkeit, von Kurzweil und Schwermut, von
1859 1753 2694 1819 Berlin W. mit Anstand will soupieren
1012 1768 1841 1811 gutmütigem Augenblicksgenuß und ver¬
1869 1802 2689 1858 können. Es gab unendlich viel mehr: ein
1010 1808 1849 1858 haltener Grausamkeit, von Kultursehnsucht
1872 1849 2695 1905 Volk in seiner Resignation und seinen
1022 1847 1704 1908 und Asiatentum: das ist Rußland.
1081 1896 1807 1944 Das einzig Anechte an diesem Stück —
1867 1888 2691 1949 Hoffnungen, in seiner Schlaffheit und Leidens¬
1019 1934 1836 1997 an der Historie gemessen — ist der Zar.
1865 1948 2700 1995 stärke, in all dem, was seine Erniedrigung
1863 1990 2689 2038 und seine Größe ausmacht, was seine Gegen¬
1017 1974 1844 2042 Feodor, Iwan des Schrecklichen schüchterner
1867 2022 2694 2079 wart verschuldet und was seine Zukunft
1016 2037 1843 2079 Sohn, war ein Trottel und nur ein Trottel.
1859 2073 2173 2129 bauen wird ..
1022 2067 1834 2120 Tolstoi wandelt ihn zu einem weichen gut¬
1946 2124 2688 2181 Was bedeut  aber solchen unvergeßlichen
1018 2122 1847 2179 herzigen Schwächling; und Moskwin macht
1867 2153 2690 2210 Abenden, da ein großes, reiches, unbekanntes
1019 2161 1836 2211 ihn in einer bewundernswerten schauspiele¬
1866 2202 2690 2260 Leben hereinflutete in das so lange dilet¬
1009 2203 1842 2248 rischen Leistung zu einer unvergeßlichen
1016 2252 1837 2315 rührenden Gestalt. Schon körperlich nieder¬
1863 2260 2687 2302 tantisch entweihte Bühnenhaus der Char¬
1858 2299 2691 2348 lottenstraße, das bißchen Theater am Friedrich
1016 2303 1850 2355 gedrückt von dem Gewicht all des Goldes
1011 2339 1844 2386 und der Juwelen, die seine weibisch langen
1867 2337 2691 2387 Karl=Afer und in der Wallnertheater¬
1855 2374 2683 2445 Straße? Dort versuchte Arthur Schnitzler.
1020 2381 1839 2443 und bunten Staatsgewänder zieren, leidet
1860 2426 2697 2483 der feine Poet mit der modernen, müden
1008 2421 1843 2479 dieser Zar das ganze Martyrium gekrönter
1870 2469 2705 2525 Wiener Note, ein robustes Theaterstück zu
1018 2471 1852 2526 Anfähigkeit. Der Blick der ängstlichen Augen,
1862 2511 2703 2576 zimmern. Die Tochter vergiftet den Vater
1015 2512 1840 2563 die zaghafte Rede seines Mundes, jede Hand¬
1871 2550 2698 2613 im ersten Akt. Ein Gatte erschießt die
1020 2556 1853 2621 bewegung, die ein Befehl sein soll — alles
1021 2602 1852 2653 wird zur schüchternen flehenden Bitte: „Laßt
1873 2601 2687 2651 Angetreue im zweiten Akt. Ein lebens¬
1016 2649 1844 2701 mich's nicht entgelten, daß ich der Zar bin.
1860 2640 2704 2705 hungriges Mädel stirbt an Schwindsucht im
1873 2691 2700 2744 dritten Akt. Was bleibt, ist eine Resignation
1014 2691 1844 2748 Quält, betrügt, verlaßt mich nicht, weil ich
1017 2734 1851 2804 so mächtig bin!“ Nur wenn die Zarin Irina,
1871 2732 2692 2783 und ein oft gehörter alter Schnitzler=Trost:
1865 2782 2707 2830 Schuld und Sünde — große Worte. Das
1023 2780 1844 2831 den Leidenszug um die großen, dunklen
1865 2833 2699 2876 Leben spielt mit ihnen und zerbricht lachend
1014 2833 1842 2879 Augen, sich zu ihm beugt; wenn er mit zag¬
1866 2869 2693 2923 ihren Sinn. Das Leben will nur sich selbst
1017 2876 1845 2918 haftem Scherz ein Lächeln zaubern konnte
1873 2918 2695 2966 um seiner selbst willen... „Der Ruf des
1012 2913 1843 2966 auf die ernsten Lippen dieser klügeren Frau;
1866 2954 2691 2997 Lebens“ hätte nicht so laut sein dürfen, be¬
1023 2953 1844 3003 wenn er inder zärtlichen Berührung ihrer
1876 3000 2704 3053 gleitet von Gepolter und Schüssen, hätte
1018 3000 1850 3056 schlanken Hände spürt, daß es ein Wesen
1018 3044 1849 3102 gibt, das ihn, den allmächtig Ohnmächtigen
1866 3037 2700 3086 schnitzlerischer bleiben müssen, hinter den
1876 3092 2697 3143 Worten ein Locken und eine Sehnsucht. Das
1015 3103 1855 3139 liebt, obschon er der Zar ist, dann breitet
1860 3141 2701 3189 war der große Erfolg der „Liebelei“, die
1015 3132 1844 3185 es sich für Augenblicke wie eine selige Zu¬
1873 3173 2703 3226 dem robusteren „Ruf des Lebens“ den
1024 3177 1854 3232 versicht verklärend, verschönend über sein
1874 3220 2688 3274 heimlichen Leitgedanken und das Feinste und
1015 3215 1859 3287 schlaffes, fahles Gesicht. Dann vergißt er
1861 3262 2703 3305 Beste in leise schwingenden Stimmungen
1027 3257 1826 3322 ganz, wie „mächtig“ er ist und träumt —
1869 3307 2691 3361 mitgegeben hat. So entwickelt sich aus den¬
1025 3309 1844 3371 bloß glücklich zu sein. And er schiebt die
1858 3354 2691 3396 selben Motiven — Liebessehnsucht des süßen
1017 3345 1858 3410 Dokumente und Staatsgeschäfte sorglos mit
1870 3384 2700 3451 kleinen Mädels, Doppelverhältnis eines flotten,
1015 3403 1856 3454 dem Handrücken zu Boris Godunow hinüber,
1859 3447 2698 3499 gutherzigen Burschen zu einer verheirateten
1011 3446 1839 3499 dem Starken, Nervenlosen, Eisernen, dessen
1871 3493 2701 3539 Frau der Gesellschaft und zu einem Bürger¬
1009 3491 1846 3541 heimlich hämmernder Ehrgeiz schon den Anter¬
1866 3538 2701 3586 mädel — dort ein handlungsarmes Stückchen
1017 3530 1837 3579 gang der Schujskis vorbereitet und den Mord
1861 3572 2701 3629 echter moderner Lebenspoesie, das uns lange
1010 3584 1838 3638 des kleinen Demetrius plant. Sein müd¬
1790 3641 1941 3732 * 107 =
