3436 4384
278 255 1433 383 19. Der Ruf des Lebens
1593 277 2051 372 box 24/2
780 1432 1991 1490 neuesten Drama gesprochenen Worten: „Das sind meine
205 1446 729 1542 Auf des Lebens“.
1664 1476 1983 1560 von Leidenden
782 1487 1560 1553 Wege von Irrenden zu Lei erden ..
186 1516 696 1604 re, 25. Februar 1906.)
775 1529 1678 1597 zu Sterbenden“ völlig idenlifizieren können.
883 1581 1977 1638 Aber der Haß gegen den stumpfen, alle Energieen,
194 1573 758 1650 eer wohl seinem ursprüng¬
780 1610 1980 1678 jede Hoffnung und jede Sehnsucht lähmenden Tod wird
173 1620 767 1687 icht der Arzt Arthur
778 1671 1985 1726 bei Schnitzler nun zu einem leidenschaftlichen Hindrängen
186 1668 766 1739 dunklen, verschlugenen La¬
775 1711 1989 1773 auf den reinen Lebensgenuß, auf die kraftvolle Betonung
176 1708 754 1803 Grenzpunkt findet, da Tod
783 1766 1986 1816 aller gesunden, ehrlichen und innigen Freuden. Mit einer
192 1757 767 1826 eilig vorüberhuschende Se¬
777 1801 1982 1862 Ichphilosophie, die ihre Formen absichtlich deutlich
175 1813 758 1867 das eine unter der harten
772 1841 1986 1911 wählt, sie nicht in dokirinärer Rede, sondern in plastischer
176 1848 770 1917 schnell verdunstet. Ja, noch
781 1892 1980 1953 Bildhafligkeit gestaltet, will er jetzt jenen Grenzstrich
189 1897 758 1969 weiteren Verbindungslinien
778 1930 1981 2000 zwischen Tod und Leben, den er seit Jahren umspürt,
190 1943 770 2012 Abgestorbenen (oder den
781 1994 1982 2051 verbreitern. Er will die Erziehung zur Kühnheit,
190 1985 768 2052 heiße, laute Leben hinab¬
782 2036 1978 2097 die Nietzsche anbahnte, auf diesem Spezialgebiete wieder
189 2032 769 2103 en, die auf diese Art sozu¬
779 2078 1984 2130 aufnehmen, und seine Hand weist vom Kult des Grabes
205 2078 753 2140 ihre Direktiven erhalten.
780 2121 1985 2178 auf den grünen Teppich des Lebens. Wo er reichlich
202 2119 756 2194 aus dem Novellencyklus:
782 2164 1978 2222 ein und ein halbes Jahrzehnt lang Verneinendes gab:
203 2171 765 2232 man eine besonders deut¬
777 2218 1991 2277 die Einflüsse des Todes, dessen Modergeruch auch noch
175 2206 771 2276 dfindertums. Noch von der
779 2252 1984 2310 blühende Existenzen geistig, physisch, moralisch faulen
181 2265 757 2327 üsse bebend steht ein Mann
1678 2293 1991 2368 oder wenig¬
783 2302 1440 2362 läßt, will er jetzt bejahen
175 2309 765 2374 kiner Geliebten. In dem
786 2324 1982 2404 stens eine Möglichkeit zu einem positiven Resultat geben.
197 2337 764 2416 zeigt sich, wie in den
778 2398 1981 2452 Freilich muß dieses erst erobert werden: erobert durch ein
167 2388 767 2466 Pietäten vom plumpen Edilt
788 2436 1982 2493 heroisches Abstreifen aller weichlichen und zagenden Re¬
173 2440 757 2515 sam vernichtet werden. In
787 2484 1987 2540 gungen. „Wen die andern kümmern, der darf nicht glück¬
166 2494 758 2559 as Andenken der Dahinge¬
777 2529 1989 2593 lich sein!" Man lasse also vollends verwelken, was schon
167 2528 764 2601 er Schleier....: denn,
777 2563 1991 2635 im Verdorren ist. Man belaste sich nicht mit Gedächtnis¬
174 2583 677 2651 rkt der Gatte erst jetzt,
781 2612 1982 2686 zeremonien, mit Reue und Nachdenklichkeit, wo das eigene
154 2624 769 2692 Wnd so zieht sich die Linie
1870 2666 1992 2721 und
785 2675 1870 2720 Schicksal kraftvoll gedeihen will. „Wir leben ...
218 2671 762 2740 der Frau Berta Garlan,
780 2706 1992 2776 es war!“ Man opfere sich nicht für die Phantome, die
169 2724 758 2785 sichte des Leutnants Gustl.
786 2750 1998 2816 der moralische Schematismus der Tradition als die letzten
166 2756 771 2815 tönt das Gebot, daß die
777 2794 1988 2856 Ziele des Lebens aufnennt. Nur das Glück, das dem
252 2800 769 2871 Julian Fichtner zum
175 2812 258 2867 ers
786 2839 1980 2895 Persönlichen in uns Genüge schafft, ist vollwertig zu
182 2853 762 2916 len. Auch die „lebendigen
1880 2881 1985 2950 In
782 2893 1880 2953 nehmen ....: ist wirklich ein Ziel unserer Tage.
168 2902 758 2961 ain den verschiedensten Ab¬
780 2945 1986 3009 allem: die gänzliche Umordnung der Schillerschen Theorie!
165 2943 767 3010 lvier neuartigen, inhaltlichen
1864 2981 1997 3049 und
778 2996 1735 3045 Denn das Leben ist nun der Götter höchstes,
166 2985 767 3069 otiv, das schon in Christi¬
780 3029 1987 3096 die Schuld bleibt der Uebel größtes nur, so lange man
162 3030 770 3108 #ter des jungen Fritz Toten¬
777 3066 1335 3139 sie als solche #e#ten lößt.
183 3092 769 3147 angeschlagen ward, klingt
875 3112 1985 3190 Bei Schniler wird Marie Moser, ein Wiener Mädel
202 3133 767 3192 da die Heldenscharen des
780 3142 1988 3228 aus den Vormerztagen, durch eigene Erfahrungen zu
161 3173 770 3241 hleier der Beatrice“ den Tod¬
177 3219 1980 3270 nehmen. So wird Arthur dieser Tendenz des unerschrockensten Egoismus erzogen.
171 3260 1999 3342 Schaffens mit den in seinem] Daß sie ihn von Hause aus nicht hat; daß er nicht
3082 1348 3216 1448 n
2002 1433 3216 1498 ein „Stück von ihr“ ist, kostet sie gleich ihr ganzes
2010 1482 3215 1545 Glück, von dem sie später (nach der Erkenntnis) nur einen
2766 1528 3204 1589 ein leises seelisches
2010 1522 2533 1583 zarten Reflex sehen.
2000 1543 3202 1637 Wiederspiel fühlen wird. Sie welkt an der Seite eines
1994 1623 3210 1674 veriterten, bissigen Greises, der dem blühenden und sich
1999 1655 3213 1727 sehnenden Kinde die Tage seiner Agonie durch giftige
2006 1710 3211 1766 Reden und die Behandlung eines Sklavenhalters zum
2001 1749 3213 1814 Martyrium macht. Ihre Verwandte, ein junges Ding,
2006 1795 3206 1861 das den Keim der Schwindsucht in der Brust hat, findet
1995 1840 3214 1906 den Mut, (um sich eine letzte, heiße Lebensfrist zu er¬
2010 1885 3220 1936 obern) von der alternden Mutter fort, zu dem geliebten
2001 1929 3211 2001 Manne zu laufen. Um auch Marie von der Fessel los¬
1997 1974 3220 2040 zubinden, müssen freilich noch schärfere Motive hinzu¬
2009 2027 3211 2088 kommen, die den Poeten Schnitzler, im Bestreben deutlich
2007 2078 3221 2139 zu sprechen, mit dem Geschmack der Modernen scharf an¬
2008 2117 3215 2194 einander geraten lassen. Sie muß erst wissen, daß der
1999 2161 3125 2219 von ihr Erwählte — auch ein junger Offizier. —
1998 2203 3212 2271 nächsten Morgen den sicheren Schlachtentod aussuchen
1991 2256 2138 2325 wird
2343 2259 3216 2322 Sie muß erfahren, daß derjenige, dessen
2011 2299 3220 2368 alte Schuld zu fühnen, sich nun ein ganzes Regiment
2009 2347 2271 2409 opfern soll,
2266 2342 3220 2420 ihr eigener Vater war. Sie hat also noch
1999 2383 2268 2453 eine Nacht
2435 2398 3216 2450 und sie kann zugleich erleben und
2007 2419 3216 2497 rächen. So reicht sie dem Alten den Giftbecher. Die
2000 2475 3214 2536 Zärtlinge, die so etwas bei Herrn Sudermann wunder¬
2002 2530 3214 2602 schön finden würden, fühlen hier ihr Haar sich sträuben.
2011 2576 3213 2645 Sie merken nicht, daß eine Renaissancephilosophie nur
2016 2624 3216 2676 mit lapidaren Mitteln zu vergegenwärtigen ist: daß ge¬
2009 2661 3214 2721 rode der Umwälzer besonders deutlich sprechen muß.
2008 2708 3210 2779 Sie wissen auch nicht mehr, daß sie selbst nach einer
2007 2750 3218 2810 Verkräftigung der Schaubühne mit allen Mitteln lechzen.
2003 2811 3212 2863 und daß wir für diese dringliche Notwendigkeit niemals
2015 2850 3220 2917 einen besseren Mitarbeiter finden werden, als Arthur
2004 2879 3218 2959 Schnitzler, der seine wilden, zwingenden Motionen nicht
2003 2946 3213 3000 (im Stile der Macher) „arrangiert“ sondern sie als
1997 2968 3217 3054 letzte Notwendigkeiten dem feinen Geäste stiller, beengter,
1997 3024 3213 3076 aber von innerem Leben konvulsivisch bebender Stim¬
2000 3068 3216 3147 mungen entflammen läßt. Der den Mut hat, diese Bau¬
2003 3129 3202 3186 art in diesem Fa#le sogar noch durch einen zweiten Alt,
2000 3166 3212 3241 durch ähnliche Stimmungen zu ähnlichen Effeklen weiter¬
2009 3217 2699 3273 zuführen. Ich sage: Bravissimo!
2109 3244 3220 3343 Marie stürzt in das Haus des geliebten Mannes.
