3484 4224
257 2691 502 2845 an 1
176 2950 504 3058 ungs-Ausschaltte
426 3166 503 3219 en¬
426 3210 503 3268 rk.
167 3472 421 3679 ust.
170 3677 302 3782 en.
283 3744 588 3822 Der sensationelle
175 3777 587 3867 ine Schnitzler=Premiere
178 3840 590 3905 hms. — Die Selbstkritik
179 3881 585 3939 ne Autor. — Ein auf¬
185 3911 593 3978 Loge. — Ausgesperrt.
188 3970 564 4020 Freikarten kommt. —
187 4005 551 4060 s mysteriöse Dekret.
250 4037 604 4118 — Ein Erfolg, auf
1576 168 2060 271 box 24/3
293 184 1440 278 19. Der Ruf des Lebens
575 623 3118 719 bei der Premiere selbstverständlich zugegen sein, trotzdem er einerfund man ist neugierig, ob der Versuch diesmal glückt. Welche
582 695 3109 758 von jenen ist, die es über sich bringen, der Aufführung ihrer Gründe für den ablehnenden Standpunkt maßgebend waren, ist
1824 746 3105 809 nicht ganz klar. Es werden nur Mutmaßungen laut: Sym¬
576 749 1296 825 Stücke eventuell auch fernzubleiben.
702 803 3116 852 Dafür gibt es andere Autoren, deren Körperkonstitution sopathien und Antipathien sollen da eine Rolle spielen, was
1837 837 3111 920 eigentlich sehr zu bedauern ist. Das Dekret wird durch Dienst¬
574 847 1843 905 gesund ist, daß sie jeder Aufführung ihres Stückes beiwohnen.
1845 890 2765 967 jahre erworben, bedeutet also ein gutes Recht.
578 896 1837 959 Sie bleiben sich selbst treue Stammkunden und freuen sich über
1936 931 3120 991 Aber recht haben und recht behalten ist bekanntlich
589 940 1848 997 das Gedeihen ihres Musenkindes. Auch Herr X., der heuer mit
1840 981 3121 1050 zweierlei. Neulich hatte Direktor Jarno mit einem Autor eine
587 980 1843 1043 einer Komödie einen großen Efolg gehabt hat, zählt zu dieser
1840 1024 3118 1089 lange Auseinandersetzung; er schlug ihm Aenderungen vor und
590 1034 1846 1104 Autorengattung. Er fehlt bei keiner Aufführung, und wenn das
1838 1066 3128 1158 blieb bei seiner Meinung auch dann, als der Autor ihn vom
587 1086 1840 1151 Wetter noch so schlecht ist, scheut er nicht den Weg und erscheint
1845 1132 2417 1200 Gegenteil überzeugen wollte.
579 1131 1844 1178 in der Dire tionsloge. Er hat erst vor kurzem erklärt: „Und
1940 1150 3070 1240 „Glauben Sie mir, ich habe recht“, fagte der Direktor.
575 1173 1856 1255 wenn mein Stück hundertmal en suite geht, ich werde es jeden
1935 1215 3122 1284 Aergerlich erwiderte der Autor: „Ja, sagen Sie, Herr
586 1226 1848 1282 Abend gesehen haben!“ Das ist ein Rekord, den wohl noch kein
1847 1260 2961 1333 Direktor, warum müssen immer nur Sie recht haben?“
587 1277 1843 1330 Autor zu erzielen die — Empfänglichkeit gehabt hat. Herr X. ist
1949 1291 3114 1374 „Weil Sie immer unrecht haben!“ lautete die schlag¬
1142 1320 1852 1394 Publikum. Dann studiert er
581 1328 1118 1397 eben sein dankbarstes
1840 1358 3127 1448 fertige Antwort Jarnos, und der andere ging hin — und änderte
581 1358 1852 1435 die eigenen Wirkungen, um sie für sein nächstes Stück zu ver¬
1838 1409 2121 1484 seine Ansicht.
575 1412 1840 1478 werten. Er arbeitet natürlich bereits am nächsten Werk. Der
1941 1445 3131 1532 Ein kleines Genrebildchen. Vor kurzem jubilierte man in
577 1467 1836 1524 Erfolg spornt an. In den Zwischenakten kann man ihn mit einem
1845 1500 3138 1563 einem hiesigen Theater. Einer der Autoren des aufgeführten
570 1515 1836 1571 großen Bleistift hantieren sehen. Er macht sich Notizen für das
1844 1560 3118 1626 Werkes erhielt folgende Abrechnung von seiten des Theater¬
568 1572 1836 1628 nächste Stück. Während er sein gegenwärtiges Opus genießt,
1835 1604 2047 1682 sekretärs:
582 1611 1844 1670 „schafft“ er schon an einem neuen. Und sein Trick ist, daß er
1932 1654 3122 1720 Jubiläumsaufführung: Tantiemenanteil Kronen 80•—, für
575 1654 1846 1727 allen Schauspielern, die in seinem jetzigen Repertoirestück „brav
1847 1704 3124 1773 Kränze und Blumen Kronen 150•—. Es ergibt sich somit ein
583 1708 1841 1768 und sittsam sind“, gute Rollen in seiner nächsten Komödie ver¬
1843 1754 2808 1823 Guthaben von Kronen 70•— für die Direktion.
581 1754 1839 1813 spricht. Wer aber patzt oder nachlässig spielt, ist beim Zukunfts¬
1934 1787 3127 1866 Der glückliche Autor freut sich trotzdem auf das nächste
581 1804 1853 1873 werk ausgeschaltet. Damit hat er sie nun alle in der Hand, denn
1841 1825 2211 1920 Jubiläumsdefizit!
576 1838 1600 1919 der Rollenhunger ist bekanntlich groß beim Theater.
688 1886 1837 1955 Trotz alledem freuen sie sich nicht über den Autor. Sie
567 1944 1854 2017 nennen ihn den „Kontrollor“. Das Aufpassen ist den lieben
576 1989 1854 2054 Akteuren nicht sehr angenehm. Wenn ein Stück bereits jubiliert
575 2031 1859 2097 hat, will man sich doch gehen lassen. Und die scharfen Blicke
570 2081 1860 2153 eines Dichters, der seine Pointen ängstlich bewacht, verträgt nicht
578 2136 1865 2192 jeder. Besonders eines Dichters, der nach der 60. Aufführung
569 2177 1866 2247 noch zu einem Schauspieler kam und ihm sagte: „Sie müssen diesen
570 2222 1857 2288 Satz viel dämonischer sprechen.“ Der Schauspieler rächte sich und war
571 2274 1861 2334 so dämonisch, daß dem Autor in seiner Loge angst und bange wurde.
580 2328 1864 2389 Darauf haben sie ihm nun auch noch einen anderen Streich ge¬
571 2366 1858 2441 spielt. Sie haben ihn einfach aus dem Theater ausgesperrt.
585 2422 1860 2478 Mittwoch ging er wie gewöhnlich elastischen Schrittes
574 2470 1855 2555 schnurstracks auf die Direktionsloge zu. Wer malt
1398 2500 1857 2585 geschlossen. „Bitte,
584 2499 1410 2590 sein Entsetzen? Die Loge ist
588 2555 1860 2640 Löffnen Sie“, sagt er dem Billetteur. „Der Herr Direktor hat
590 2606 1867 2678 den Schlüssel bei sich und ist — abgereist.“ Was tat der Autor,
591 2662 1859 2729 um keine Aufführung seines Stückes zu versäumen. Er eilte
594 2703 1859 2769 an die Kasse und bat um ein anderes Billett. „Der Herr
582 2758 1838 2819 Sekretär muß es anweisen, ich darf keine Karte ausfolgen,“
593 2794 1867 2866 bemerkt der Kassier. Und so mußte der gute Autor seinen Sitz
584 2843 1862 2915 auf der letzten Galerie, wo er ganz eingekeilt war, voll bezahlen.
589 2912 1864 2959 Er hat sich an diesem Abend grün und gelb geärgert. Denn die
597 2946 1871 3001 Schauspieler, die ihn nicht in der Direktionsloge sahen, glaubten
602 2998 1864 3055 natürlich, er sei auch nicht im Theater. Sie atmeten erleichtert
588 3044 1860 3110 auf und ließen sich endlich gehen. So „schlampert“ hatten sie noch
595 3092 1116 3158 an keinem Abend gespielt!
682 3114 1859 3198 Man kann sich auf nichts mehr verlassen, nicht einmal auf
580 3184 1852 3253 den Aberglauben. Ein weiblicher Star, dem nicht weniger als
590 3223 1864 3299 drei glückbringende Rauchfangkehrer begegnet waren, als er zur
597 3288 1853 3339 Generalprobe ins Theater eilte, erklärte freudestrahlend: „Das
589 3320 1864 3402 Stück muß Erfolg haben.“ Und — o Eva! — das Stück fiel
586 3372 1867 3432 trotzdem durch! Nun schwört die Schwerenttäuschte nicht mehr
598 3416 1860 3492 auf die sonst so beliebte Rauchsangkehrergilde, die sonst immer
591 3467 1850 3533 Angenehmes in Aussicht zu stellen pflegt. Sie wird sich nächstens
577 3507 1860 3588 mehr an die Hufeisen halten, die sie mit emsigem Fleiße sammelt.
586 3560 1857 3639 Manchmal ist der Aberglaube aber beim Theater doch zu etwas
589 3610 1412 3680 gut. Das beweist folgendes Geschichtchen:
687 3630 1861 3721 Alexander Girardi hat eine Konserenz mit einem vater¬
589 3692 1864 3769 ländischen Dichter, der ihm eine Rolle nach Maß zu verfertigen
587 3748 1865 3813 hat und gerade zur letzten „Anprobe“ kommt. Das Stück sitzt im
589 3803 1867 3863 ganzen und großen sehr gut, nur im dritten Akt wirft es noch
593 3854 1867 3918 Falten. Aber der Stoff ist haltbar für eine Saison, echte
1019 3898 1854 3965 — denn die Grundidee ist von Dickens!
597 3894 1012 3952 englische Ware
579 3944 1859 4016 Girardi macht seine kleinen Einwände, die sehr zutreffend sind
578 3994 1862 4061 und dem vaterländischen Autor auch einleuchten. „Ich mache die
587 4036 1852 4113 Geschichte heute abend fertig", sagt er. „Für morgen lade ich
590 4099 1852 4156 #nn z Einennund 1# Cnen de
