3436 4320
820 188 949 251 de
1147 184 1191 251 b
1032 177 1109 252 L
1534 181 1961 276 box 24/1
217 190 1348 288 19. Dereene se er de e e eee e e
974 712 1984 800 villes dans lesquelles cette culture existe déja
126 729 936 820 hzaines de jeunes gens qui savent ce
963 784 1987 838 depuis longtemps. Et un art naitra véritable¬
123 789 937 843 que le théätre, qui se sont distingués
962 826 1980 881 ment n’importe on?., A merveille, mais il ne
115 835 944 892 hommes de theätre, c’est le vieux
970 872 1982 923 faut pas oublier que les nouveau-nés restent
116 879 940 954 Barnay qui a été appelé cette année à
963 913 1674 982 quelque temps dans des langes.
122 921 941 982 on du Théatre Royal. Un vieillard qui
1011 958 1992 1017 Berlin voit ses théätres nouveaux etse réjouit
130 964 947 1031 en face des temps nouveaux, de l’art
976 1006 1986 1059 de leur vigueur et les acclame d’en bas. Un en¬
127 1003 938 1059 des générations nouvelles, sans étre
976 1026 1990 1106 semble qui date de deux ou trois ans et qu'un
122 1053 948 1117 à les comprendre, un homme de la
964 1087 1984 1140 directeur économe a complété par de jeunes
123 1089 948 1159 ole, qui n’a pas la capacité de s’adapter
972 1151 1996 1191 acteurs est admiré à cause de son unité.
126 1143 939 1203 ins modernes. Sa nomination a causé
964 1186 1994 1231 Les jeunes acteurs viennois qui sortent du Con¬
116 1173 953 1232 de surprise, mais on a bientôt compris
971 1213 1994 1270 servatoire et qui sont engagés immédiatement
115 1226 945 1299 navait voulu faire. e Les choses restent
974 1266 1993 1322 dans de grands théatres berlinois se croient au
131 1274 957 1325 et elles resteront en l’état. II s’était
973 1303 1982 1363 paradis. Les directeurs berlinois doivent aussi
130 1312 952 1365 dément retiré dans la retraite, il avait
974 1355 1996 1406 oser confier de grands röles à des débutants.
124 1366 946 1411 ési pleinement que son labeur quoti¬
970 1388 1994 1450 Ils font jouer leurs meilleurs acteurs à la pre¬
112 1402 950 1465 it terminé, qu'il avait déjà écrit ses
984 1434 1999 1501 mière devant la presse. Dane les représentations
126 1448 956 1513 sil yaquatre ans. M. Barnay ne se
985 1489 1996 1545 qui suivent, viennent les cinquièmes, sixièmes
988 1520 1996 1577 et septièmes remplaçants, etles jeunes ont ainsi
128 1538 954 1599 osition isolée du Théätre Royal à Berlin
977 1567 1996 1623 leur tour. Le public s’en aperçoit peu. II est sa¬
128 1586 952 1643 nséquence qu'il reste assez de place
988 1615 1993 1666 tisfait quand un seul des célebres joue, et on
151 1624 961 1690 autres théätres; il y a de la place
979 1660 1994 1713 fait de jolies économies sur les traitements d’ac¬
120 1671 957 1727 hm, sour Reinbardt et pour tous les
976 1693 2002 1748 teurs. Les jennes gens de Vienne sont enthou¬
128 1713 952 1772 est pourquoi, à Berlin, cette concur¬
975 1734 1996 1793 siasmés de ccla; ils vantent Berlin de toute
119 1762 953 1822 vace est possible, c’est pourquoi ces
988 1784 1998 1839 facon et insultent Vienne, on on ’uccepterait
114 1803 953 1863 es recherches, ces peines laborienses,
981 1826 1999 1904 pas des débutants maladroits qui gerdent en¬
119 1849 966 1902 et diverses sont possibles, c’est pour¬
986 1870 1833 1927 core toutes les inexpériences de l’école.
125 1888 956 1942 changement de mode ct de style, qul
1030 1906 1999 1969 Max Reinhardt a de nouveau déccuvert les
123 1936 962 1993 le à une véritable vie artistique est pos¬
979 1947 2007 2018 représentations classiqnesavecleur style et leur
994 2004 2004 2056 décoration, par sa misc en scène du Songe d’te
127 2020 956 2084 veut le formuler, cet état se résume
985 2048 2004 2100 nuit d’été, et il a représenté cette année quand
131 2080 957 2137 Vienne, il existe un art grand, vieil et
980 2085 2015 2156 il est entré au Théätre Allemand le Murchand
116 2118 968 2168 est déjà acquis, il a déjà imprégné tout
992 2130 2011 2191 de Venise, de Shakespeare, et Krrtchen von Heil¬
124 2162 956 2216 e d’un goüt sür. Vienne est silencieuse,
991 2172 2015 2231 bronn, de Kleist, avec une mise z scène nou¬
120 2212 956 2261 Ientement de nouveau en avant, f’est
1000 2217 1998 2269 velle. Les décors étaient de peintres célèbres,
122 2244 966 2314 ée par les idées fugitives qui ne vivent
990 2263 2034 2327 les costumes, les meubles, les acccssoires étaient
110 2295 968 2361 ur, et croft d’une façon organique,
993 2303 2011 2367 beaux et de style. Berlin était enthousiasmé.
117 2341 440 2408 un vieil arbre.
991 2361 2006 2421 Mais ce qui pour Berlin est, en cette matière,
993 2403 2006 2447 nouveau- et extraordinaire, est peür Vienne
116 2390 970 2453 lin, un art doit naitre, étre congu, étre
985 2450 2010 2498 suffisant et tout naturel. Personne n’est sur¬
116 2438 966 2509 Tout est là: richesse, puissance politi¬
991 2477 2012 2533 pris, & Vienne, quant an Burgtheater le rideau
110 2481 972 2540 ssance économique; il n’y a que l’art
994 2521 2001 2575 se léve ct découvre des décors d’ane beauté em¬
114 2520 976 2586 te à faire. Sur ce pavé berlinois, 4e
991 2565 2004 2636 pruntée aux vieux maitres et à la munificence
117 2575 978 2629 Schoses qui méritent l’admiration sont
1002 2618 2008 2682 princière. On ne serait étonné que si Shylock
102 2614 979 2667 tes. L’art etles artistes seulement sont
992 2649 2011 2715 était personnifié par un acteur insuffisant, si
111 2653 964 2708 Herhardt Hauptmann est un Silésien,
999 2696 2010 2749 les acteurs commeitaient les plus petites fautes
118 2704 974 2757 Wedekind un Munichois, Schnitzler et
1000 2748 2013 2798 dans les vers classiques, si les chevaliers et les
101 2745 971 2809 nsthal sont Viennois. Un grand drama¬
998 2784 2023 2838 nobles dans Kaichen von Heilbronn portaient
118 2788 971 2846 ui serait Berlinois: il n’en existe pas. Et
995 2830 2017 2884 leurs armures comme un smoking et un pa¬
118 2838 967 2886 lle géante, qui journellement voit de nou¬
1002 2871 2020 2931 nama. Ces nuences n’entrent pas en ligne de
111 2875 974 2931 fondations, de nouvelles banques, de
112 2919 971 2976 ux magasins, de nouveaux palais de
994 2911 2024 2979 compte à Berlin. A Vienne, les oreilles et les
996 2963 2008 3031 yeux sont préparés pour les plus délicates har¬
107 2961 973 3024 e nouveaux moyens de transports, voit
105 3014 980 3081 aque jour de nouveaux théätres sortir
996 3015 1208 3069 monies.
1039 3060 2022 3112 Berlin possede la plus grande publicité, il a
118 3067 979 3111 des temples d’art, naturellement, dans
999 3111 2025 3147 aujourd'hui, en Allemagne, la voix la plus
113 3097 976 3154 s Tart vrai, véritable, élevé, naitra, sera
1004 3127 2026 3193 haute; s’il en était autrement on devrait parler
117 3140 466 3209 sera respecté.
1009 3185 2026 3233 davanlage du Torquato Tasso joué par Kainz
130 3179 976 3244 situation a aussi ses charmes. C’est
1003 3238 2026 3285 au Burgtheater de Vienne que du Shylock de
113 3233 984 3293 uelque chose de beau de voir #fairen de
1001 3263 2020 3319 Schildkraut. Ce Tasso est le véritable événement
116 3282 976 3340 hre intellectuelle, à condition pourtant
988 3296 2034 3379 de la saison. Denuis Frédéric Mittennuzer, qui
124 3323 988 3377 e regarde nas en méme temps d’autres
2017 714 3035 792 jouait don Carlos au Burgtheater, on a vu jouer
2018 777 3030 837 pour la première fois ich un personnage classi¬
2023 821 3039 874 quc. On peut dire que le Tasso de Gesthe qui,
2011 861 3036 917 sur la scène, atouiours paru un peu fébuleux
2010 911 3054 960 et peu vivant, a été rendu vivant au théätre,
2008 950 3050 997 grüce au vigoureux tempérament de M. Kainz,
2028 991 3039 1054 gräce à son intuition psychologique créatrice
2018 1035 3042 1090 incroyable. HIya plus, le Tasso de Kainz nous
2022 1083 2767 1149 a rapprochés plus près de Gosthe.
2054 1119 3043 1177 Si la vicille ville impériale viennoise avait
2026 1172 3041 1221 autant de voix que Berlin, en aurait depuis
2015 1225 3048 1264 longtemps crié sur tous les toits qu'un autre
2028 1260 3039 1303 événement important s’était produit cettc an¬
2027 1296 3043 1348 née: la nouvelle mise en scène de Mozart, que
2020 1342 3042 1390 le génial directeur de la cour, Gustave Mahler, a
2019 1380 3045 1446 réalisée avec l’aide du génial professeur Roller.
2023 1429 3049 1477 Un nouveau principe décoratif, un nouvel art
2017 1477 3054 1522 des scènes théátrales ont été appliqués ici. Un
2017 1510 3062 1570 art qui nous débarrasse du réalisme rebattu
2027 1553 3056 1599 de la scône et donne libre champ à l’illu¬
2019 1588 3051 1653 sion. Un art qui ne nous bätit pas sur la scène
2018 1651 3055 1693 des palais, des colonnes, des forteresses, des
2023 1683 3059 1734 villes en toile et en papier qui gont l’air s
2031 1727 3061 1774 d’étre vrais, mais qui nous donne enfin la seule
2018 1773 3060 1835 chose que la scène puisse donner, en raison
2031 1818 3048 1869 meme de sa nature: des morceaux, des indica¬
2028 1851 3057 1914 tions. Cet événement, qui pour tout le dévelop¬
2023 1902 3064 1959 pement de la peinture de décor est d’une impor¬
2032 1947 3055 2000 tance considérable. qui n’est rien de plus et
2030 2000 3055 2053 rien de moins que e début d’une nouvelle épo¬
2031 2026 3067 2091 que, avait déjà commencé il ya plusieurs années
2036 2073 3060 2135 par la nouvelle mise en scène de Tristan. Puis
2023 2118 3064 2182 vint la mise en scène de Fidelio et de 1’Or du
2031 2163 3063 2224 Rhin. Par la mise en scène de Don Juan, le prin¬
2027 2204 3058 2273 cipe du professemr Roller est appliqué définiti¬
2033 2253 2469 2320 vement et éprouvé.
2070 2272 3059 2349 Nous devons nous entendre sur la question
2031 2331 3054 2405 de savoir si, en maiière d’art, c’est la quantité
2029 2382 3063 2447 on Jla qualité qui l’emporte. Si nbus sommes
2037 2424 3058 2471 d’accord pour que la qualité pèse un peu dans
2034 2467 3063 2530 la halance, nous devons reconnaitre que cela
2036 2526 3066 2566 valalt la peine de parler de Vienne. A Berlin,
2021 2560 3068 2603 un plus Frand mouvement, une concurrence
2033 2598 3067 2655 zélée, un travail hätif. Ibsen, Hauptmann, Wede¬
2029 2631 3061 2693 kind, Hoima#esthal, Schmitzler, Gorki, Wilde,
2041 2680 3060 2743 Tout ccqus écrit avait des pièces: première sur
2040 2727 3068 2789 première, dans dix, douze, quinze thédtres. A
2039 2784 3062 2825 Vienne, la résurrectien de Torgucko Tasso et la
2043 2810 3068 2871 création d’un art de la scène par le professeur
2043 2856 3073 2917 Roller. Nous ne voulons pas affirmer ce quia le
2036 2914 3063 2973 plus de valeur, cequi est ie plus important, le
2032 2941 3075 3000 plus fécond pour l’avenir. Nous voulons étre
2038 3000 3068 3048 conciliant et exprimer seulement que Berlin, en
2042 3038 3069 3093 matière d’art, ne marche pas tout à fait à la
2045 3079 3065 3134 téte, comme on le prétend toujours, et que
2051 3125 3074 3178 Vienne n’est pas aussi méprisable que le croient
2028 3163 2939 3219 les Viennois que l’on a exportés à Berlin.
2590 3232 2948 3313 FExxx SAurEN.
