3436 4352
1570 226 2044 334 box 24/5
250 231 1428 340 19. Der Ruf des Lebens
2799 1554 2868 1652 1
1651 1555 2519 1664 n
1002 1602 2090 1699 Meen, unferer Landschaft adähnate Sil, den noch der
2073 1636 3166 1702 Josef Weilen. Der im Vormärz unfreiwillig unter
1008 1688 2085 1748 Dingelstedt der Makartzeit besaß. Jetzt, wo sich das
148 1661 1016 1769 ener Theater und der Krieg.
2076 1685 3165 1758 die Soldaten gesteckte Dichter hat aus seiner ehrenvoll
998 1724 2075 1790 ganze deutsche Volk auf seinen Eigenwert neu besinnt
2077 1738 3150 1801 beschlossenen militärischen Dienstzeit das Geschenk ehr¬
178 1735 779 1839 Von Dr. Mar Pirker.
1015 1781 2074 1855 und die fremden Schätze, die es nicht immer wählerisch
2074 1796 3162 1856 licher Begeisterung für #en wundervollen Nationen¬
136 1804 1008 1894 uHerbstbeginn schüchtern im Dröhnen des
1006 1835 2072 1891 herbeigerafft, überprüft, wäre die Gelegenheit da, eine
2068 1846 3150 1905 organismus der österreichischen Armee mit in seine
164 1882 1010 1945 die Frage aufflatterte: Sollen wir Theater
1008 1880 2082 1947 neue wienerische Theaterkultur zu schaffen und damit
2074 1891 3158 1954 weitere, so eng mit dem Burgtheater verknüpfte Lauf¬
152 1938 1023 2017 gaten einsichtige Publizisten mit gewichtigen
1003 1930 2076 2012 auch der österreichischen Provinz einen festen Mittel¬
2078 1938 3174 2008 bahn bekommen: er macht den Prinzen Eugen zum;
151 1989 1004 2046 nd mit einem resoluten Ja auf den Plan.
991 1979 2079 2064 punkt zu geben. Das kann und darf aber nicht so
2068 1990 3156 2054 Verkünder der Größe Österreichs. „Am Tage von
148 2042 1013 2098 te vor der lähmenden Massenpsychose, in
1005 2039 2078 2099 geschehen, daß man alte, brave Volksstücke, wie etwa
2067 2039 3163 2110 Oudenarde“ heißt das hübsche, kleine Stück, zum ersten
147 2078 1012 2147 geistige und künstlerische Leben stockt, man
1008 2087 2081 2152 das Langersche „Zwei Mann von Heß“ neu adaptiert,
2069 2093 3161 2167 Male im Jahre 1865, anläßlich der Enthüllung des
152 2141 1005 2197 sich an das im üppigen Alltag des Friedens
1005 2130 2071 2192 oder durch schreibsertige Stückefabrikanten das unge¬
2072 2139 3153 2214 Prinz Eugen=Denkmals, aufgeführt: und doch mehr
149 2176 1018 2258 ne Dichterwort von der Schaubühne als
1006 2184 2072 2262 heure Ringen der Gegenwart zu Gelegenheitsstücken
2076 2202 3150 2261 als ein bloßes Gelegenheitsstück. Es geht eine hinreißende
140 2224 1004 2303 lischen Anstalt, man sprach von ihrer er¬
1006 2245 2072 2302 „verarbeiten“ läßt, deren Titel von den Schlagworten
2071 2246 3144 2304 Wärme von der Rede des Prinzen aus, dessen gewaltige
146 2280 1010 2351 geist= und herzerhebenden Kraft, von hundert
1005 2283 2078 2348 des Tages leben. Dazu ist das Erleben dieser Tage zu
2068 2291 3157 2357 geistige Bedeutung vielleicht noch manches, wohl nur
137 2329 998 2396 eellen und, was nicht weniger ins Gewicht
1004 2326 2088 2401 heilig, zu gewaltig: wir empfinden die Mache nicht
2066 2345 3154 2398 episch zu lösende Problem bieten dürfte: eine Wärme,
148 2382 1016 2438 chaftlichen Gründen. Denn mit dem geistigen
1007 2388 2073 2455 nur als ausdringliche Störung, sondern als Sakrileg,
2073 2380 3149 2462 der sich keiner der im festlich beleuchteten Hause Ver¬
140 2427 1008 2497 Der Nation, zu dessen Stützen das Theater
1008 2433 2070 2501 als Sünde nicht nur wider den Geschmack, sondern
2074 2442 3147 2517 sammelten entzog. Es sind vielleicht die großen Worte,
148 2489 1013 2552 igt der schon in Friedenszeit oft genug von
1008 2493 2071 2558 wider den Geist dieser Zeit. Tritt diese Fabriks¬
2072 2495 3153 2568 die einfachen Linien Her Generation von gestern nötig,
143 2541 1004 2601 gen bedrohte materielle Haushalt des Schau¬
1004 2519 2070 2615 ware im gesälligen Gewande guter Operetten¬
2073 2549 3147 2620 um die heterogene Masse des Theaterpublikums in
145 2579 1017 2653 g zusammen und so wird, was vor wenigen
1006 2576 2076 2657 Musik auf, wie etwa Leon=Kalmans Singspiel „Gold
2068 2595 3149 2662 ein für den Moment einheitliches Gefühl ineinander¬
138 2645 1010 2697 och eine rein künstlerische Frage war: der
1003 2639 2069 2710 gab ich für Eisen“, so gibt man sich eher zufrieden
2059 2630 3155 2719 zuschmelzen. Es war vielleicht nicht nur das spezifisch
137 2686 1009 2749 rieb, eine der vielen sozialen Pflichten und
995 2687 2076 2762 und erhofft für unsere schon an bebenklicher Stoff¬
2069 2678 3146 2755 Norddeutsche, das den „Prinzen von Homburg“, mit
134 2728 1002 2802 n, die die große Zeit an den nicht unmittel¬
1009 2750 2075 2806 armut dahinsiechende Operette eine Neubelebung, ob¬
2073 2746 3154 2812 dem sich das Burgtheater=Ensemble im Theater an der
138 2781 1006 2848 gten stellt. Wie haben sich nun die Erwar¬
999 2790 2069 2868 wohl die ungeheuren äußeren und inneren Dimensionen
2061 2795 3146 2864 Wien dem Publikum vorstellte, in eine kühlere, mehr
150 2828 1000 2907 ffnungen, im Theater Erhebung, Trost und
1003 2837 2076 2906 dieses Krieges keine so günstigen Bedingungen schaffen,
2063 2843 3148 2902 literarische, als menschliche Atmosphäre tauchte. Es ist die
151 2879 1001 2958 zu finden, im ersten Theatermonat erfüllt,
998 2881 2072 2956 wie die kriegerischen Harlekinaden der französischen Re¬
2065 2892 3150 2967 tragische Größe Kleists, sein an Kant genährter Relativis¬
158 2944 1004 3000 wir für die nächste Zukunft zu erwarten?
995 2941 2073 3008 volution für Goethes „Bürgergeneral“. Und auch die
2064 2951 3152 3000 mus, der seinen Helden der unbedenklich vorwärtsstürmen¬
133 2995 1005 3047 Wiener Theater haben eine stolze Tradition
1006 2985 2072 3057 erhabenen Momente gehen heute unter in dem Brausen
2063 2993 3152 3065 den Schwungkraft, der Naivetät, die das Volk instinktiv
143 3040 1008 3100 en: daß sie dieser großen Vergangenheit nicht
1003 3035 2069 3095 der in Bewegung gesetzten Massen: das alte Helden¬
2058 3041 3143 3122 verlangt, beraubt: ihn freilich dem Kenner des Lebens
142 3089 1011 3153 echt wurden, ward in den letzten Jahren
1005 3094 2075 3163 ideal, wie Hindenburgs aufstrahlender Name zeigt, noch
2062 3089 3148 3165 nur noch näher aus Herz rückt. Daß aber auch wir
162 3142 1001 3204 festgestellt. Es mangelte nicht am Glanz
997 3147 2066 3217 immer lebendig, ist heute wie schon im Roman des
2060 3140 3144 3213 heute eingeordnet sind in ein großes Allgemein¬
152 3178 1002 3246 n, die die „Burg“ einst zur ersten Bühne
998 3197 2071 3261 neunzehnten Jahrhunderts demokratisiert, und so war es
2059 3209 3155 3269 gefühl, zeigt das fremde, abweisende Gefühl, mit
150 3239 1000 3304 s machten, nicht am schauspielerischen
999 3240 2072 3310 ganz natürlich, daß man bei der Eröffnungsvorstellung
2062 3257 3158 3310 dem wir Schnitzlers Der Ruf des Lebens“ auf der :
152 3291 1010 3355 ber indem sich Wien wie jede andere Groß¬
998 3285 2071 3343 des Burgtheaters neben Grillparzers zündendem
2059 3288 3151 3383 Bühn Volkskhraters begrüßten. Hier wird der
144 3339 1008 3399 en internationalen Großbetrieb einordnete,
998 3338 2068 3401 Radetzky=Prolog den hervorragendsten Festspieldichter der
2067 3344 3148 3409 Relativismus Methode und führt zu dem sehr unzeit¬
155 3392 3170 3487 Eigengut verloren, vor allem der unserem „Laube= und Dingelstedtzeit zu Worte kommen ließ: gemäßen Räsonnement über den einzigen überlebenden;
712 3493 1132 3619 PA-P
