3484 4352
1583 292 2037 377 box 24/1
1085 309 1186 373 Le
884 311 1075 378 des
264 315 1435 405 19. Der Ruf .Lebens
2998 1215 3399 1286 werden, deshalb arb
2995 1260 3389 1325 auf dieses Ziel nach
2192 1257 2663 1333 Bessere Aussichten.
650 1249 1844 1345 manche die Frage auf, do dies nicht als Vertagung der
1877 1296 3393 1388 London, 26. Februar. (Eig. Drahtber.) In der Stim= einen ruhigen, sachlig
656 1302 1849 1386 Konferenz auf unbestimmte Zeit aufzufassen sei. Diese Aus¬
662 1336 1849 1412 legung ist ein Irrtum. Es wird vielmehr auch von französischer
1821 1352 3400 1437 emung über die Marokko=Konferenz ist eine Wendung zum sätze nicht verringert
660 1389 1840 1480 Seite die Überzeugung ausgesprochen, daß das der Konferenz vor¬
1844 1445 3388 1533 „des Wiener Walzers hinaus eröffnet werden soll. Hören die Braven, die, hergab. Der zweite
3009 1477 3403 1550 mit verdoppelter Sch
1848 1499 3018 1574 da für Kaiser und Vaterland hinausziehen im Trompetengeschmetter,
1079 1513 1447 1600 Feuilleton.
3010 1520 3397 1593 mord, und das jung
1849 1536 3015 1612 Säbelrasseln und Pferdetrappeln den Ruf des Lebens nicht mehr, sind
3020 1555 3397 1628 setzt, um zehn Jahre
1846 1581 3019 1653 sie nun wirklich Helden oder bloß Narren? Ein Bernhard Shaw,
1033 1575 1505 1653 Lessing-Theater.
3011 1600 3405 1666 weise den Geliebten,
1847 1616 3023 1696 der Schnitzler unversehens angeregt haben mag, wäre um die Ant¬
710 1618 1849 1700 Sonnabend 24. Februar. Zum 1. Male: „Der Ruf des
3019 1632 3400 1697 und nicht sterben wo
1846 1657 3015 1735 wort nicht verlegen gewesen. Der weiche Wiener Dichter und feine
3014 1684 3416 1735 Schnitzlers zarte Hä#
663 1673 1783 1744 Lebens.“ Schauspiel in 3 Akten von Arthur Schnitzler.
1859 1694 3025 1766 Raisonneur, gewohnt, jedem Recht zu geben und die Relativität
3014 1698 3399 1773 denklich machen wie
711 1723 1853 1786 Den Inhalt des Stückes habe ich bereits erzählt, eine tiefere
1855 1739 3024 1802 der Dinge zu genießen, hat nicht Eigensinn genug, um sich zu be¬
3024 1758 3408 1822 Teufelszeug vom Les
669 1765 1858 1838 seelische Nachwirkung, die wir sonst Schnitzler immer gedankt haben,
1848 1773 3014 1853 schränken und zu entscheiden. Er brennt wie häufig das Licht an
3014 1793 3405 1860 knallen, besonders n
665 1790 1858 1888 nicht verspürt: es bleibt nur noch übrig, sich die künstlerischen
1851 1815 3031 1885 beiden Enden an und sagt, daß einige sich selbst betrügen, andere
3016 1839 3397 1897 benden Walzerkläng
679 1836 1855 1907 Intentionen vorzustellen, die dieser dramatischen Mißbildung das
1855 1851 3021 1926 betrogen werden, und die meisten je nach der Beleuchtung wohl
3022 1872 3403 1934 Donau erlauschen so
675 1879 1858 1951 Leben geben sollten. Unseren Dichtern ist die Naivetät, die den
1850 1886 3013 1959 Helden oder Narren scheinen mögen. Ein Betrüger, der Helden¬
3029 1917 3403 1972 sammen geht nicht,
675 1915 1861 1982 Mut der Erfindung bedingt, abhanden gekommen. Schnitzler wollte
1855 1927 3024 1999 ruhm erschleichen möchte, ist der Oberst, der die Legende von dem
3021 1957 3409 2017 mal, bis sein Feld
677 1950 1866 2022 sich diesen Mut abpressen, und er hat etwas erfunden, was gar
1865 1968 3024 2039 durch die Schuld des Regiments verlorenen Feldzug in
3030 1979 3408 2052 sich auf dem der an
668 1981 1858 2060 nicht schlecht war und mir mindestens den ersten Akt interessant
1861 2012 3034 2076 die Welt und zugleich sich in den Kopf gesetzt hat, bei
3021 2029 3412 2091 er wenigstens das
676 2033 1858 2103 machte. Die blauen Kürassiere haben sich geschworen, datz keiner
1866 2047 3029 2118 dem allgemeinen Selbstmord das Leben und die Hörner,
3026 2068 3411 2131 mechanisch zusammen
672 2064 1862 2143 von ihnen lebend aus dem Kriege zurückkehren soll, um die Ehre
1856 2081 3022 2163 mit denen ihn seine Frau begabt hat, auf dem Felde der
3030 2111 3401 2163 von denen ich ihm u
670 2102 1866 2194 ihres Regiments wiederherzustellen, das dreißig Jahre vorher von
1865 2121 3028 2193 Ehre zu lassen. Die ganze Legende ist ein Witz dieses geistreichen
3024 2145 3407 2204 Der Schaß des Obe
681 2159 1865 2220 einer plötzlichen Panik in die Flucht getrieben, eine Sch'acht und einen
1863 2159 3029 2230 Herrn, aber wie der kluge Arzt bemerkt, der alles versteht, es
3023 2182 3417 2255 nommen ins Blaue,
677 2186 1870 2270 Feldzug zu Ungunsten des Landes entschieden hatte. Von den früheren
1868 2203 3024 2271 könnte auch etwas daran sein, und man soll nicht fragen, woher
3037 2210 3410 2288 auf die Sache seelis
685 2225 1875 2304 Offizieren lebt nur noch einer, Maries Vater; an jenem Tage
1856 2232 3036 2311 das Große kommt. Ehre, Ruhm, Vaterland mögen nur Worte
3028 2260 3375 2326 des Leutnants
681 2255 1864 2348 war er plötzlich aus einem Helden zum Feigling geworden er
1858 2279 3035 2357 sein aber sie klingen schön. Und Verrat, Buhlerei, Mord, was
3239 2310 3334 2355 zu
3036 2295 3252 2370 uns jetzt
689 2291 1875 2395 war schuld an der Panik, und er ist es nun eigentlich, der diese
1861 2311 3041 2388 alles sein Liebling Marie nicht ohne sein Mitwissen begangen hat,
3227 2336 3377 2391 nicht
3042 2346 3231 2399 kommen,
683 2338 1872 2419 ganze blühende Jugend in den Tod schickt. Dafür hat er sein
1871 2338 3034 2426 sind häßlich klingende Worte, aber es braucht nichts dahinter zu
3032 2371 3413 2446 geschaute Drohun
692 2383 1874 2459 Leben gewettet und an der Hekatombe, die da für Ehre, Ruhm,
1877 2377 3044 2470 sein, und wir kommen auch darüber wie über alles hinweg, wenn
2913 2415 2976 2470 M¬
3040 2417 3428 2482 gespielt haben muß.
687 2418 1864 2510 Vaterland fallen soll, weidet er sich gefräßig wie an einem Blut¬
1873 2435 3039 2506 wir nur am Leben bleiben, was Vergessen bedeutet. Wenn der Mann
3036 2452 3420 2518 ganz Fremdes, Une#
696 2459 1872 2545 opfer, mit dem er noch ein paar Jahre seines elenden, qualvollen
1870 2470 3033 2552 noch weiter redete, würde er bei der alten Schnitzlerschen Weisheit
3043 2492 3407 2552 dingung mit den
700 2496 1870 2572 Daseins von den bösen Mächten da oben zu erkaufen meint.
1870 2503 3043 2589 enden, daß es am schönsten ist, melancholisch in der Abendsonne zu sitzen
3039 2535 3403 2595 selben Theaterrecht
692 2536 1868 2622 Passons sur les saits. Die ganze Voraussetzung ist aus militärischen
1884 2536 3037 2617 und dabei von fernher die wehmütig süßen Klänge eines Wiener
3040 2575 3424 2633 Leutnant in der letz
694 2576 1874 2641 Gründen unwahrscheinlich, aber man muß gegen Voraussetzungen
1868 2572 3051 2658 Walzers zu hören. Schnitzler hat sich also um eine Erfindung be¬
3036 2611 3418 2679 spielt. Man kann f
697 2616 1882 2684 tolerant sein. Wenn Marie nun zu ihrem todgeweihten Leutnant
1871 2625 3045 2705 müht, die ihn selbst überwältigte um fortzeugend Scheußliches zu
3042 2652 3389 2712 Ausgang nehmen.
692 2656 1875 2738 läuft, nachdem sie den boshaften Vater, den Mörder ihres Glücks,
1880 2657 3046 2738 gebären, hat einen Vater durch die Tochter, eine Frau durch ihren
3041 2682 3418 2753 fortlaufen, im zwe
688 2691 1885 2765 ihrer Schönheit und Jugend unschädlich gemacht hat, so wird diese
1878 2698 3041 2774 Mann, einen Liebhaber durch sich selbst und dazu ein ganzes Re¬
3042 2709 3419 2799 Offiziers. Beide M
690 2731 1884 2811 Liebelei mit Vergiftung, diese private Herzenssache vor einen
1870 2739 3047 2824 giment umbringen lassen, nur um sich einmal um sich selbst zu
3045 2761 3426 2824 das, ohne zu wisse
697 2765 1888 2858 größeren ernsteren Hintergrund gestellt, der auf Heroismus weist,
1881 2783 3050 2849 drehen, um wieder dieselbe Philosophie des Quietismus zu belehren,
3047 2810 3421 2862 er bittet den Dram
696 2794 1886 2886 auf alle männlichen Ideale, die uns das Leben verachten heißen.
1881 2817 3044 2890 die sonst seine Anatoles mit bedächtig geformten Ringeln des
3058 2850 3408 2910 lich findet sich für
703 2845 1886 2929 Und so würde das Thema vom „Ruf des Lebens“ das bis dahin
1876 2854 3042 2936 Zigaretteurauchs von sich bliesen. Vielleicht hat er so viel erfinden
3048 2885 3412 2943 zu verbessern, und
702 2885 1889 2962 zwischen jungen und alten Lebemännern zwischen süßen kleinen
1891 2889 3048 2967 müssen, so weit über die ihm vertraute Welt melancholisch eitlen
3053 2915 3427 2987 bisher noch reich ge
709 2929 1884 2999 Mädeln und komplizierten Frauen in klugen, sauften, müden
1881 2935 3057 3000 Selbstgenusses hinausspringen wollen weil ihm nichts einfiel, weil
697 2962 1901 3042 Worten abgehandelt wurde, ein weiteres Echo finden in der
705 3013 3427 3092 größeren Weli, von der nun eine Vorstellung über die Philosophie] das verbrauchte Feld, das immerhin sein eigenes war, nichts mehr! der anderen, der Re
