3436 4352
1465 190 2001 279 box 24/3
232 205 1414 308 19. Der Ruf des Lebens
2818 1148 2941 1234 c
921 1215 3316 1295 stand empört sich über den Immoralisten! Aber „der Arzt am! menschlichen Gefühls: im Weinen und im Lachen. Ein Stück,
170 1120 427 1298 S
2103 1267 3305 1317 wienerisches Volkstum ist in ihr Kunst geworden, wie in ihrem
930 1264 1893 1330 Scheideweg“ ist ebensowenig eine Sa##re üher die
2105 1304 2910 1362 männlichen Gegenbild Alexander Girardi.
925 1289 2118 1361 wie ... „Fuhrmann Henschel“ die Tragödie der Schwerfuhr¬
154 1176 826 1396 Pna Altenschaft.
2154 1318 3312 1393 Das ergreifendste Erlebnis dieser letzten Wochen war aber das
919 1353 2103 1397 Iwerker. Sie ist ein Ausdruck des Welthildes dieses Sozialisten,
2107 1365 3297 1436 Gastspiel des Ehepaars Wedekind. Am ersten Abend stellten sie
930 1393 2106 1440 der im Wert=Schaffen, Wert=Erhalten die einzige Glückseligkeit
2112 1423 3290 1473 uns „Musik“, die Tragödie der unehelichen Mutterschaft dar, für
931 1428 2107 1478 und Besserungsmöglichkeit erblickt. Und weil das schwindsüchtige,
2117 1467 3292 1518 die es nur die Wahl zwischen Zuchthaus (wenn sie sich von der
157 1446 626 1542 ener Theaterbrief.
924 1473 2108 1525 schwindlerische Malgenie, um dessen Heilung es sich handelt, nur
2109 1500 3293 1560 Frucht befreit) und gesellschaftliche Verfehmung, wirtschaftlichen
927 1513 2105 1560 einen Illusionswert hat, muß es sterben, damit sein Wert in
397 1505 909 1598 ich Wien, Ende Dezember.
2117 1547 3289 1599 Zusammenbruch gibt (wenn sie das Kind gebie.!). Wedekind
925 1550 2109 1603 seinem Weibe weiter lebe. Doppelseitig, als leichtes Spiel, hinter
154 1552 870 1635 st. — Shaw. — „Der Ruf des
2116 1586 3292 1629 selber, der den hypnotisierenden Verführer gibt, ist ein Natürlich¬
920 1580 2101 1635 dem ein schwerer Ernst aufleuchtet, müßte „Der Arzt am Scheide¬
168 1601 923 1671 si Niese. — Gastpiel Wedekind.
2120 1615 3290 1667 keitsspieler besonderer Art. Er spricht nicht wie Schauspieler
925 1625 2109 1683 weg“ dargestellt werden. Doch dieser höchsten Forderung an
2114 1660 3283 1710 Konversationston sprechen, sondern mit der pointierenden Schärfe
942 1670 2099 1718 mimische Kunst waren nur Fräulein Marberg und Herr Edthofer
157 1670 939 1728 elseitigkeit, die heute von Shaw begeistert
2120 1696 3289 1753 eines vortragenden Professors. Er doziert. Mit starker innerer
942 1713 2112 1764 gewachsen. Das Professorenkollegium hat sich diese Doktorfrage
152 1707 925 1757 ejew erschüttert ist. Bedenkliche Charakter¬
2105 1741 3289 1792 Erregung, doch ohne ausmalende Gebärden. Seine Frau als
946 1749 2110 1802 vereinfacht: die Einen gaben den Ulk, die Anderen das Pathos.
158 1753 940 1803 Kunst von übermorgen und die Kunst von
2115 1773 3293 1825 hysterische Mutter, dieses Opferlamm eines Magnetiseurs, stand
946 1787 2104 1838 Und man sah vom Hanswurst bis zum Aphorismenprediger alle
171 1798 947 1846 pfänglichkeit vorschützt. Zwischen uns und
2120 1815 3290 1868 mimisch am Beginne mehr unter dem Einfluß Irene Trieschs
935 1826 2102 1883 Stufungen menschlicher Komik besetzt. Deswegen aber haben sich
155 1831 943 1879 ik liegen Gegenwart und Sehnsucht nach
2119 1847 3298 1915 als unter dem ihres Verführers. Später aber riß die Gewalt ihrer
943 1868 2115 1937 die Wiener ein bischen amüsiert, weil sie glaubten, es sei Max
157 1874 945 1928 Werke der jüngeren russischen Theaterdichter
2107 1891 3301 1946 Leidenschaft fort. Am zweiten Abend folgte Wedekinds Selbst¬
941 1902 1157 1967 Burckhard.
155 1914 942 1962 Bäume desselben schmalen Landstrichs. Ihre
2114 1931 3298 1979 verteidigung „Die Zensur“ zu der eine Erörterung über das
988 1924 2113 2000 Bei Shaw „kennen sie sich nicht aus". Sie wollen aber ganz
164 1946 952 2000 igkeit versetzt in einen quälenden Dusel,
2125 1968 3298 2027 Aufführungsverbot seiner „Pandora“ mit dem Zensor den äußeren
949 1978 2112 2040 genau wissen, was der Dichter eigentlich meint. Sie brauchen
160 1984 939 2041 wieder durch plötzliche furchtbare Drohungen
2110 2012 3306 2071 Anlaß abwirft. Dieses Stück ist eine dialektische Auseinander¬
1367 2028 1415 2059 1e
950 2033 2116 2073 einen Raisoneur und dieses verdeutlichende Sprachrohr hat hier
165 2033 947 2083 d diese wilden Ausbrüche des Jähzorns
2122 2052 3292 2101 setzung der Wedekindschen Tendenzen, seiner Weltanschauung und
941 2067 2110 2114 Arthur Schnitzlers „Ruf des Lebens“ zur Sensation gemacht.
162 2064 947 2122 egensart zur Nichtigkeit ihrer Anlässe. Diese
2121 2082 3308 2150 seiner künstlerischen Sehnsucht, die auf die Aussöhnung von
934 2097 2118 2157 Man kennt das Stück von der Aufführung des Lessingtheaters,
175 2109 906 2159 von Haß und Verachtung, daß die kle¬
2120 2128 3316 2181 Schönheit und Weltgesetz, „Heiligkeit und Schönheit, gerichtet ist.
943 2146 2109 2197 kennt seine Menschen, die ihre Liebe so leicht und die Lust mo¬
157 2140 944 2202 nde kultureller Selbstbeherrschung sprengt.
2117 2170 3316 2223 Es gilt die Aussöhnung von Weib und Werk, die Wiedervereini¬
950 2185 2120 2238 mentanen Kitzels so schwer nehmen, kennt die widerwärtige Toch¬
155 2194 936 2243 nsie darum ein primitives Volk und sind
2122 2214 3312 2264 gung von Körper und Geist, die Renaissance des Griechentums.
945 2223 2108 2282 ter, die ihren Vater ermordet, um eine Nacht lang bei einem
165 2228 947 2284 falt ihres Weltbildes ergriffen. Ich aber
2129 2251 3304 2307 Aber der Versuch mißglückt. Die Sphärenklänge der Harmonie
949 2264 2109 2321 Leutnant zu sein. Es gehören faustdicke Nerven dazu, um über
159 2255 944 2331 eit einer Weltweisbeit wenig übrig, deren
2122 2287 3306 2341 zerspringen in einen gellenden Schrei der Verzweiflung. Der
955 2302 2121 2356 zwei Leichen aufs Liebeslager zu springen. Und Schnitzler selber
172 2310 947 2370 Satze ausdrückt: „Alles muß man vernich¬
2121 2326 3302 2380 Dichter Buritan hat von seinem Weib eine Freiheitsfrist von 14
945 2343 2111 2390 widerruft halb und halb in einem sehr doktrinellen Lehrgedicht,
156 2351 950 2398 heit soll es überdauern.“ Ich tue dem
2128 2362 3309 2419 Tagen erbeten, um geistig zu sich selber zu kommen. Sie gibt ihm
947 2385 2119 2441 das Herr Kutschera mit ergreifendem Gefühl vortrug. Herr
158 2391 949 2436 cht den Gefallen, mir unter diesen Be¬
2121 2408 3308 2465 die Freiheit, unbefristet und ganz. Sie springt vom Balkon in
948 2422 2120 2474 Homma gab den hämischen Alten mit dem haßerfüllten Triumph
157 2422 956 2484 Menschheit“ etwas und beide Mal etwas an¬
2122 2449 3321 2499 die Tiefe. In ihm aber triumphiert die Schönheit über-die Gei¬
948 2463 2118 2513 des Lebens über den Tod der Jugend (ein ganzes Regiment muß
166 2461 954 2517 Weltzorn, der alles kleinstückchenweis zu¬
2131 2489 3315 2542 stigkeit. Der Hellene liegt auf den Knien und hetet zu Jesus
1315 2502 2129 2551 — gab diesen Alten viel zu hinfällig, so daß
956 2506 1326 2559 in den Tod reiten)
170 2507 946 2562 ist nicht bildhaft groß, sondern knabenhaft
2133 2517 3323 2593 Christus. Laut. Niemand wird dieses Gebet Frank Wedekinds
957 2535 2120 2594 der Mord der Tochter noch weniger einleuchtete, denn dieser
169 2553 951 2600 berühmte „ignis sanat“ ein sehr billiges
2134 2557 3079 2633 vergessen, als seine Frau von der Brüstung schwand.
955 2578 2127 2629 Baracke kann man mit einem Handgriff den Schlüssel entwinden,
157 2588 956 2645 anatismus, dem die Stirnadern schwellen,
954 2626 2132 2670 der den Weg zur geliebten Schlafkammer freigibt. Fräukein
164 2636 958 2681 m kühl bedächtigen Rationalismus ab, der
951 2660 2132 2710 Hannemann vermochte uns die Tat dieses Mädchens, dem der Va¬
173 2663 955 2722 seinen Erfolg verschafft hat. Man spielte
964 2700 2127 2748 ter seine Jugend nimmt, nicht näher zu bringen. Dieser Mord
156 2695 952 2760 under“ auf Jarnos Praterbühne unter dem
961 2735 2139 2803 wirkt nicht wie ein notwendiger Akt der Verzweiflung, sondern
165 2743 953 2802 Flüssigerweise wird dem gesunden Menschen¬
962 2769 1557 2838 wie ein augenblicklicher Einfall.
158 2783 960 2848 al bewiesen, daß es keine Wunder gebe,
1003 2805 2140 2883 Lieber als solche menschliche Halbwahrheit ist mir beinahe eine
163 2827 901 2873 nde Menschenverstand unbändig freut.
964 2860 2142 2913 unbekümmerte psychologische Unmöglichkeit, wie sie Heinrich
168 2842 952 2920 hin weiß. Wozu also? Die Dramatisierung
958 2893 2139 2956 Schrottenbachs „Baron Liederlich“ bringt. Das Aschenputtel einer
164 2910 948 2966 ns heute ohne Belang. Uns leuchten andere
951 2923 2162 3003 herabgekommenen freiherrlichen Familie verdingt sich bei einem
968 2987 2137 3032 amerikanischen Millionär als Köchin, wird dessen Frau und rettet
178 2970 953 3033 u neuer besserer Wahrheit. Solch ein Weg¬
962 3025 2140 3070 ihre ruinierten Eltern und Stiefgeschwister. Aber die köstliche
169 3026 956 3075 Ehaw (?). Das Volkstheater hat uns seinen
955 3057 2151 3119 Kunst der Niese erhebt diese fröhliche Belanglosigkeit zum künst¬
163 3063 962 3119 ewege“ vermittelt, und unsere kleinmütig
954 3101 2019 3147 lerischen Erlebnis. Ihr Genie wurzelt ganz im Gefühl.
169 3108 956 3155 n muß ihm dafür Dank wissen, denn das¬
966 3128 2198 3188 Geistigkeit ist nichts als ein gesunder Instinkt. Darum wirken ?
171 3145 961 3193 den Offenbarungen Victor Leons zujubelt.
959 3182 2199 3233 alle ihre Gestalten mit solch elementarer Selbstverständlichkeit. E
163 3187 962 3232 er Beflissentlichkeit ab, die einer edleren
965 3214 2208 3274 Sie ist die Verkörperung einer volkstümlichen Ehrbarkeit. Selbst] &
171 3218 956 3276 Für die Skepfis dieses Menschen, der sich
955 3252 2189 3312 ihren „Damen“ gibt diese naibe Natürlichkeit den Schimmer einer! st.
187 3260 957 3313 über seine verzweiflungsvollen Zweifel
2155 3280 2212 3346 e
181 3309 2138 3356 Wienern kein Organ gewachsen. Ihr Ver= gewissen Noblesse. Sie verschmäht alle Mittel äußerer Nuancie¬
177 3344 2237 3418 zeinen Witzworten haften; oder ihr Unver=rung und ist nie ergreifender als in den primitivsten Augenblicken! bil
