3484 4256
940 204 1050 266 de
320 189 2091 303 19. Der Rufs Lebens box 24/3
962 748 1076 832 484
965 869 2668 939 Man sagt, daß dieses Regiment in einem Augenblick wich, da es hätte standhalten
960 917 2665 989 müssen und können, daß diese Flucht die Übrigen mitriß und damit Schlacht und
963 978 2673 1056 Feldzug zum Unglück des Landes entschied. All das war beinahe in Vergessenheit
967 1036 2667 1122 geraten. Dielleicht ist es auch niemals ganz wahr gewesen. Nun aber, da der
973 1105 2662 1183 neue Krieg ausbrach, erinnerten sich die Offiziere des Regiments, von denen
961 1165 2669 1226 damals noch keiner mitgefochten hat, der alten Schmach und sie haben vom Kaiser
970 1209 2669 1286 die Gnade erbeten, mit dem eigenen Blute zu fühnen, was das Regiment vor
966 1272 2661 1344 dreißig Jahren verschuldet haben soll. Sie haben verlangt, dorthin gestellt zu
965 1334 2671 1410 werden, wo sie wohl den anderen von Rutzen sein können, wo aber ihr eigenes
971 1389 2666 1459 Derderben unabwendbar ist, und haben einander zugeschworen, daß keiner von
966 1468 2665 1534 ihnen die Heimat wiedersehen wird. Niemand kennt den Schuldigen, aber alle
970 1512 2665 1594 wollen sie sühnen. Nur einer kennt ihn, dieser aber hat nie davon gesprochen.
981 1584 2676 1666 Es ist Mariens kranker Dater und er gesteht ihr knapp vor seinem Code, daß er
972 1634 2677 1705 es selber war, der durch seine Flucht die anderen mitgerissen hat. Er führte die
979 1702 2678 1762 dritte Eskadron und hatte mit seinen Leuten zu warten. Seit vier Uhr morgens
984 1750 2685 1844 saßen sie zu Pferd und mußten warten. Alle sehnten sich nach einem Befehl zum
972 1804 2673 1891 Dorwärtsgehen und mußten warten. Eine Ewigkeit hundert Ewigkeiten...
982 1860 2686 1932 Sie durften sich nicht rühren und mußten warten. Don Fern her donnerte es und
986 1924 2679 1992 heulte es ... Aber sie wußten nicht, was geschah, und sie mußten warten ...
976 1981 2682 2062 Da mit einem Male packte ihn, was er früher nie gekannt, die Angst ... eine
980 2036 2679 2118 entsetzliche Angst und in diesem Augenblicke fühlte er, daß er noch nicht gelebt hat.
983 2097 2686 2183 „Und ich wollt leben, wie andere dürfen ... eine Frau wollt' ich haben und
989 2161 2628 2246 Kinder und leben! ... Und so rast' ich davon, die anderen mit mir, mir nach ..
982 2217 2684 2287 vor mir ... überall ... davon ... davon ... Und so ist es geschehen, daß ich
992 2294 2682 2367 heil zurückgekommen bin aus der Schlacht und ein Weib geheiratet hab', das mich
991 2341 2690 2421 verachtet, und ein Kind gekriegt, das mich haßt . .. und so ist es gekommen, daß
995 2400 2690 2468 heute die jungen Leute in den Tod ziehen, die ich nicht kenne, und daß ich noch
988 2474 2210 2532 lebe mit neunundsiebzig und sie alle überleben werde “
1082 2497 2683 2581 Und wie Mariens Dater, sind auch die Offiziere, die in dem Stücke auftreten,
997 2573 2692 2655 organisch mit der Handlung verknüpft und nicht allein dazu da, um das Wider¬
990 2639 2682 2714 spiel von Tod und Leben in den verschiedensten Spiegelungen zu veranschaulichen.
997 2692 2694 2776 Dom Obersten angefangen bis herab zum jüngsten Leutnant; jeder zeigt eine
986 2748 2689 2843 andere Kehrseite von Heldenmut und Tapferkeit, von Lebenslust und „Überdruß,
990 2806 2685 2898 und jeder tritt dem Tod anders entgegen. Anders der Oberst, der auf eine un¬
996 2866 2690 2955 befriedigte Laufbahn zurückblickt, seinen tatenarmen Beruf als unwürdige Spielerei
991 2942 2690 3011 empfindet und darum den Krieg als eine Erlösung begrüßt und Dorsorge trifft,
1006 3004 2698 3067 daß sein Regiment auch wirklich ins Feuer komme; anders der junge Leutnant, der
1004 3048 2697 3133 nicht einsieht, warum gerade sein Regiment durch freiwilligen Tod sühnen soll, was
997 3117 2707 3198 andere verschuldet haben. „Keiner von allen, die damals kämpften und flohen, ist
995 3176 2702 3244 mehr da; gegen einen anderen Feind zieh'n wir aus und für einen anderen Herrn;
1000 3228 2688 3300 die Fahne selber weiß nicht mehr, wer sie trug.“ Aber das heimliche Grauen vor
1004 3282 2701 3364 dem Ende ist ihnen allen gleich. Mag der eine den Tod suchen, der andere ihn
1011 3359 2701 3427 scheuen, magisch lockt der Ruf des Lebens. Und wenn ich den Sinn des Schau¬
1009 3401 2702 3483 spieles recht verstanden habe, so ist es der: wir alle, seien wir noch so mutig, noch
999 3464 2701 3559 so unglücklich, sträuben uns dennoch gegen den Tod, wie sich das Kind sträubt,
