3436 4352
220 152 1493 275 19. Der Ruf des Lebens
1517 166 1990 264 box 24/2
1366 824 1791 903 Die Berliner Theater.
2266 840 2390 910 295
748 927 2392 1004 tränkten“, in den Abgrund gestürzt. Kreon, der den Odipus auf den Weg geleitet
750 978 2393 1033 hat, in der Absicht, ihn zu ermorden, ist nun der erste, der dem Sieger huldigt, und
753 1024 2391 1106 schon naht auch das Volk, allen voran die Königin, bräutlich geschmückt, die Krone
746 1073 2386 1145 auf dem Haupt, liebestrunken. „Du bist ein Gott. Nur Götter schaffen um, was
753 1103 2393 1193 sie berühren. Ich bin dein Geschöpf: in einen Schlaf hast du mich wie in Feuer
739 1174 2381 1234 hinabgeworfen und mir drin erneut die Seele und die Glieder. Sprich: soll dein
741 1206 2383 1290 Geschöpf hinknieen zwischen deine Hände,“ sagt sie zu ihm und „sinkt über seinen
739 1260 1409 1319 Arm wie eine geknickte Blume".
842 1311 2378 1386 Hofmannsthal hat in diesem romantisch=modernen Odipus den ganzen Schwulst
751 1347 2388 1404 und die ganze Pracht seiner sinnlich=phantastischen Lyrik ausströmen lassen. Ein
743 1396 2385 1474 berückendes Glitzern und Funkeln, ein beständiger Nervenkitzel, eine unendliche, bald
740 1458 2377 1500 einschläfernde, bald unheimlich aufwühlende Melodie, alle Figuren in Brunst und
742 1493 2383 1555 Fieber des Entsezens und des Mordes, des Ehrgeizes und der Lust. Der erste und
744 1545 2382 1614 der dritte Akt bewegen sich durchaus in der Sphäre des Epos; eine Schilderung, eine
740 1581 2365 1648 Erzählung folgt der andern; nur der zweite Akt hat dramatischen Charakter, Fort¬
746 1624 2375 1709 gang und Steigerung und in der Volksszene einen wirkungsvollen Abschluß. Gewiß
742 1691 2383 1738 besitzt der Dichter ein eigenartiges Talent, mehr lyrischer als dramatischer Art, stärker
747 1715 2383 1806 in der Anatomie und in der Ausmalung der Leidenschaft als in der Erfindung einer
741 1781 2378 1855 anziehenden Handlung und in der Zeichnung einfacher, großzügiger Gestalten; aber
743 1817 2382 1892 es ist angekränkelt von der Überreizung der Nerven und der Bleichsucht der Hysterie.
744 1877 2369 1922 Mich erinnert Hofmannsthal im Wesen und Ausdruck an Daniel Kaspar von Lohen¬
742 1915 2381 1973 stein: dasselbe Wühlen im Gräßlichen, dieselben Peitschenhiebe, um das Blut in höhere
744 1964 2377 2043 Wallung zu bringen, und derselbe Wortschwall oder, wie die Modernen sagen:
737 2008 1028 2075 Farbenrausch.
838 2062 2378 2134 Das Deutsche Theater war am Ende der vergangenen Spielzeit im Frühjahr
743 2111 2377 2179 1905 von Paul Lindau aufgegeben worden und ist seitdem in die Verwaltung und
732 2158 2373 2209 den Besitz Max Reinhardts übergegangen. In der Leitung des Neuen und
728 2211 2359 2273 Kleinen Teaters hatte sich Mar Reinhardt durch die Regiekunst, die er in der Ein¬
729 2247 2375 2320 richtung des „Sommernachtstraumes“ und der „Lustigen Weiber von Windsor“, der
739 2305 2362 2350 „Kabale und Liebe“ und der „Minna von Barnhelm“ entfaltete, rasch den Ruf eines
730 2350 2359 2402 ausgezeichneten Regisseurs erworben. Auch die pekuniären Erfolge waren nicht aus¬
735 2398 2373 2457 geblieben, und alle Theaterfreunde sahen seiner Erwerbung des Deutschen Theaters mit
729 2438 2370 2498 großen Erwartungen entgegen. Diese Erwartungen sind denn auch, soweit sie sich
727 2476 2360 2559 auf die Herstellung des Bühnenbildes richteten, erfüllt worden. Reinhardt versteht
735 2540 2370 2578 es, den Stimmungston eines Dichtwerks fein zu erfassen und in Dekorationen und
737 2582 2360 2630 Einrichtungen gleichsam lebendig zu ma en. Der Zuschauer wird scheinbar mühelos
733 2615 2374 2691 in die Illusion versetzt, ob es sich nun um den Wald bei Athen, das niedrige, dürftig
730 2675 2359 2730 im Zopfstil ausgestattete Zimmer des Stadtmusikanten Miller oder um eine Gasse
720 2728 2349 2774 von Venedig mit Brücke und Kanalausschnitt handelt. Aber diese einseitige Bevor¬
723 2774 2368 2834 zugung des dekorativen Elements hat dem bisherigen Repertoire des Deutschen
722 2811 2363 2879 Theaters enge Grenzen gezogen. Es wurde am Donnerstag, den 19. Oktober mit
729 2867 2366 2947 Kleists Schauspiel „Das Käthchen von Heilbronn“ eröffnet und brachte dann noch
720 2924 2366 2983 Shakespeares Lustspiel „Der Kaufmann von Venedig“ mit Frau Agnes Sorma
719 2959 2356 3024 als Porzia und Herrn Robert Schildkraut als Shylock heraus. Gelegentlich
714 3001 2355 3062 wurde das Trauerspiel von Richard Beer=Hofmann „Der Graf von Charolais“ vom
723 3045 2353 3127 Neuen Theater, auf dem es am 23. Dezember 1904 zum erstenmal zur Auf¬
722 3104 2361 3179 führung gelangt war, herübergenommen. Die ersten Neuigkeiten erschienen am
729 3146 2358 3189 Freitag, den 12. Januar: zwei einaktige, literarisch unbedeutende Stücke, von
715 3202 2359 3248 Oskar Wilde, in einer deutschen Übertragung von Max Meyerfeld: „Eine
713 3240 2357 3312 slorentinische Tragödie" Ehebruch und Mord in Renaissance=Kostüm, mit
714 3286 2359 3347 dem echt Wildeschen Stich in das Gemeine, daß sich das Weib dem Mörder ihres
717 3331 2358 3411 Geliebten gierig in die Arme stürzt, weil er der Stärkere ist, und die französische
719 3375 2346 3438 Posse von Georges Courteline „Der Herr Kommissar“ in deutscher
707 3427 2357 3488 Übersetzung von Siegfried Trebitsch. Das Mittelstück des Abends bildete eine
