3392 4352
1501 197 1958 301 box 24/3
202 204 1345 314 19. Der Ruf des Lebens
2266 771 2381 937 e
2326 1003 2650 1097 F0
743 940 2266 1225 „oN!
2735 1047 3252 1185 In
1929 1062 2092 1152 des
3047 1236 3214 1335 —
2590 1261 2677 1349 445
2738 1217 2887 1371 7
2855 1291 2989 1398 (
1421 1276 2595 1395 Sagesrdl
645 1252 1301 1489 9
365 1440 493 1522 2
601 1446 1293 1565 a1s
1325 1450 3285 1567 Mahren und Schlesien.+
1379 1619 1425 1680 *5
3177 1612 3292 1697 59
1366 1616 2710 1710 Samstag den 18. Dezember 1909.
2628 1749 3292 1825 historischer Schilderungen, wie
1425 1748 2628 1839 läuterte Reife eines ästhetisch feinen Schöpferwillens.
2638 1820 3287 1883 fehlen der Erzählerin. Ihre Vis
1427 1821 2623 1890 Der tolle Wagemut und die lebemännische Wildheit, die
2633 1869 3292 1930 Volksmärchen, ihre Legenden z
1421 1868 2625 1932 der größte Lyriker Schwedens Michael Bellmann in den
2633 1913 3287 1973 ten, deren Poesic in kleinen, in
1425 1914 2631 1980 Balladen seiner Helden Fredman und Mowitz in die
2637 1957 3302 2023 Herausarbeitung des Grundged
1429 1974 2635 2031 Schnörkel und Zierate des Roloko gebannt, eint sich mit
2630 2012 3296 2065 löf ist am großartigsten da, wa
1429 2018 2628 2091 einer romantischen Beseelung der Natur und einer moder¬
2631 2062 3295 2132 Heimat steht, und auch wenn sie
1427 2059 2628 2144 nen Zergliederung der Seelen zur allseitigen Schilderung
2628 2107 3296 2175 auf, den Flügeln ihrer Phantaf
1431 2128 2629 2176 einer Zeit, eines Volkes, einer Welt. So ist denn Gösta
2626 2158 3285 2231 mit ihrer schwedischen Erde in
1428 2157 2629 2224 Berling auch bei uns ein Volksbuch geworden, das große
2631 2205 3294 2278 gehören die „Christuslegenden“
1417 2214 2627 2277 Verbreitung gefunden hat. Die Dichterin aber, die wohl
2634 2261 3304 2328 und Erzählungen von Jésus, w
1435 2266 2626 2334 selbst die Furcht haben mochte, mit diesem Erstlingswerk
2630 2305 3306 2372 gelien übecliefern, in einer per
1432 2321 2622 2377 ihren Höhepunkt erreicht zu haben, versuchte sich an neuen,
2637 2354 3301 2422 zubringen weiß, doch nicht zu
1434 2358 2630 2427 ganz anders gearteten Aufgaben und bewährte auch hier
2639 2402 3303 2468 Wohl aber sind viele ihrer Ge
1430 2412 1830 2499 ihre Meisterschaft.
2642 2447 3303 2526 würdig, in denen die grausige
1507 2441 2626 2533 Ihre Stellung als Lehrerin hatte sie nach dem Erfolg
2624 2502 3309 2570 Sage ertönt oder die weiche Me
1418 2530 2626 2586 von Gösta Berling aufgegeben; ihr ganz von den Bildern
2636 2546 3287 2617 einen alltäglichen Vorgang u
1432 2578 2637 2629 der Heimat erfülltes und doch nach Märchenfernen sehn¬
2626 2596 3304 2670 groß die Phantasic dieser Frau
1434 2610 2630 2677 süchtiges Gemüt verlangte in die Fremde, und der größte
2631 2657 3297 2718 senken kann in die Mord= und
1421 2661 2622 2728 Gegensatz zog sie an, die Schönheit des Südens, die My¬
2623 2698 3289 2768 das zeigt zum Beispiel ihre
1423 2714 2629 2782 stik des Orients. Aber auch vor den Werken italienischer
2639 2737 3300 2821 Schatz“, in der der schrille Ton
1427 2762 2631 2820 Kunst, in der üppigen Sonnenhelle Siziliens, an den ge¬
2632 2811 3288 2863 Untat gewetzt wird, beständig
1427 2811 2627 2878 heiligten Stätten Jerusalems vergaß sie die heimliche
2639 2842 3292 2912 das Verbrechen allmählich in
1426 2853 2635 2925 Nebelstimmung des Nordens nicht. Nach ihren Reisen
2627 2890 3305 2956 uns auswächst. Und daneben d
1425 2909 2623 2991 hat sie sich wieder in einer schwedischen Provinzstadt nie¬
2639 2942 3297 3018 Kinderbuch, das, in den letzten
1435 2967 2624 3027 dergelassen, in der alten Bergwerkstadt Falun, die der
2638 2996 3289 3059 „wunderbare Reise des kleinen
1439 2999 2635 3066 Schauplatz so vieler Sagen und Geschichten ist, in der
2641 3036 3307 3115 den Wildgänsen auszieht auf
1429 3051 2630 3118 Hauptstadt des urschwedischen Dalekarlien, und die Erleb¬
2636 3090 3302 3144 diese schönste Dichtung, die wo
1432 3092 2626 3184 nisse der fremden, wundersomen Gegenden vereinten sich
2638 3141 3299 3210 Jugend geschenkt hat und in de
1439 3147 2639 3220 mit ihrer tiefen Liebe zum Vaterland in der Synthese
2634 3178 3307 3261 dersens, mit einer klugen Welt
1434 3217 2632 3268 ihres großartigsten Romans „Jerusalem". Vorher hat sie
2648 3237 3307 3311 scheint, als ob in der Seele Se
1438 3250 2636 3346 im „Aßchrist“ den stärksten Gegensatz zu ihrem Hymnus
2640 3289 3303 3362 Wesen ihrer vaterländischen Ver
1431 3305 2629 3362 auf Schwedens Schönheit angeschlagen und die klassische
2642 3339 3296 3409 den sind, etwas vom Skalden
1435 3349 2636 3417 Landschaft Siziliens zum Rahmen einer tiefsinnigen Er¬
2641 3379 3307 3458 die männlichsten Elemente lebe
1438 3398 2629 3473 zählung gewählt. Signorellis Fresken in Orvieto, die den
2636 3430 3296 3496 ist es doch die Güte und Herzen
1430 3448 2623 3515 Ernst und das Grausen des Jüngsten Gerichtes so er¬
2632 3475 3310 3572 Dichten die persönlichste Notegu
1436 3494 2637 3558 schütternd malen, erweckten in ihr den Plan, die Wunder
3185 3538 3292 3598 720
1435 3537 2638 3623 des Antichrist in der Gegenwart aufleben zu lassen und
3196 3572 3292 3645 — Pe.
2022 3594 2093 3632 300
1433 3608 2636 3658 mit der sosialen Frage zu vervinden. Aber ihre Phalttasie
1440 3634 2643 3715 hob alles empor aus der nüchternen Wirklichkeit in die
1438 3670 2644 3778 romantische Traumhelle der Wunderstadt Diamante, über¬
2688 3666 3302 3776 „Der Ruf des Leh
1441 3720 2667 3810 goß alles mit Purpur, Gold und Azur. Und doch ist diese
1452 3801 2635 3858 schönheitstrunkene Schilderung ewigen Himmelbläus und
2636 3763 3297 3865 Schnitzler in Berlin,
1438 3830 2629 3905 üppiger Fruchtbarkeit der sehnsüchtige Lobgesang eines
2748 3831 3302 3933 — Wiener Theaterbrief von 28
1448 3867 2659 3961 Nordländers, der seine eigene Mysterien- und Märchen¬
2681 3906 3303 3981 —Das Leben ruft winkt, lockt
1444 3950 2638 4002 stimmung hineinträgt in die klare Heiterkeit der antiken!
2634 3977 3317 4031 überhören! „Zu spät“ klingt furch
1440 3975 2626 4052 Landschaft, der die Sonnenhelle durch den Schleier einer
2634 4016 3319 4081 Leben ist so kurz. Und nur die sich
1442 4028 2628 4105 dunklen Schwärmerei dämpft. Das ewige Sinnen und
1435 4066 3309 4146 Trachten der germanischen Seele nach wunderbaren Wei= schlafen ruhig in der Erde, die
