3436 4384
293 226 1460 362 19. Der Ruf des Lebens
1058 1256 1109 1333 0
390 1234 1257 1488 W Theater und Kunst.
544 1453 1122 1558 „Der Auf des Lebeno.“
362 1524 1332 1625 (Schauspiel in drei Akten von Artur Schnitzler. Erste
355 1575 1326 1678 Aufführung am Berliner Lessiug=Theater 24. Februar.)
855 1653 1300 1732 Berlin, 24. Februar.
377 1691 1305 1772 In der Richtung des „einsamen Weges“ ist
331 1752 1309 1822 Artur Schnitzler eine gute Strecke weiter¬
339 1792 1319 1866 gegangen, und von tieferer Melancholie noch ist
345 1838 1320 1908 erfüllt sein Lied von der Ueberwindung des
336 1881 1325 1950 Lebens durch das Leben. Und sublimierter noch
342 1922 1311 1996 erscheint die neue Art der Welt= und Menschen¬
337 1963 1314 2039 auffassung, die er in jener dramatischen Beichte
336 2010 1312 2070 bekundete. Und lebhafter und weicher streicht¬
337 2052 1319 2131 ihm die Phantasie um die harte Deutlichkeit der
342 2096 1316 2173 Dinge herum; und immer dringlicher wird seine
341 2141 1306 2213 Frage, nicht nach dem, was die Erscheinungen
341 2188 1316 2257 sind, sondern nach dem, was sie bedeuten,
333 2230 1305 2307 Aber nicht leugnet der Dichter pessimistisch den
324 2273 1311 2342 Wert dieses so widerspruchsvollen Lebens; er
334 2317 1304 2393 gelangt bloß zu der milden Weisheit Goethes:
336 2372 1300 2428 „Alles Vergängliche ist nur ein Gleichnis.“ Die
325 2400 1305 2479 wahrhaften Bedeutsamkeiten des modernen
328 2436 1297 2522 Dichterschaffens führen an irgendeinem Punkt
320 2496 1296 2563 ja doch alle auf Goethe zurück: In Goethe hat
325 2542 1290 2610 Schnitzler sich hineingelesen und =gelebt, auch
318 2582 1292 2660 der Dialog vor allem ist davon Zeuge, dieser
317 2616 1292 2707 gehaltene, ruhige, ätherisch=feste Dialog, der mit
321 2673 1298 2734 einem Satz, ja mit einem Wort oft von zeitlicher
323 2710 1290 2800 Erörterung hinweg plötzlich schimmernde Fern¬
314 2761 1284 2851 sichten in Lebensweiten und =Tiefen, in Ewig¬
325 2800 699 2868 gültiges eröffnet.
346 2866 1289 2936 Es ist charakteristisch, daß unter und neben
298 2896 1294 2996 diesem Ruf des Lebens, der in dem Schauspiel
317 2965 1294 3030 an manche und mancherlei Menschen ergeht, der
318 2992 1290 3081 Ruf des Todes erklingt, durchaus nicht kontrast
311 3040 1278 3116 haft, sondern sozusagen brüderlich=verwandt. In
316 3089 1285 3165 der Epoche, in die Schnitzler sein Drama hinein
298 3129 1278 3213 verlegt, stand die Welt noch unter dem Zauber¬
302 3157 1282 3250 bann der Romantik. Die Ideen haben geheim
303 3220 1278 3297 nisvolle Kraft über die Triebe des Handelns
306 3258 1293 3366 und der Nachruhm, die Märtyreraloriole in
1605 256 2055 361 box 24/2
3293 1208 3386 1261 die
3295 1254 3399 1308 aus
1348 1226 1963 1313 2von demi Mcli „
3284 1289 3397 1349 Burf
2040 1274 2197 1367 S
1349 1334 3393 1436 nicht zu teuer erkauft durch Opfertaten. Ein noch, ein eisgrauer, mißtranischer, bitterböser! froh
1349 1379 2319 1460 phantastischer Vorgang regt die Gemüter auf.
2318 1409 3387 1485 Mann, auf der Erde. Das Leben hat ihm nichts Daf
1339 1428 2323 1494 Das Volk ist in einen unglücklichen Krieg ver¬
2319 1455 3290 1533 Gutes gebracht, und doch hat den Achtzig¬
1338 1464 2318 1547 wickelt — da erinnert man sich in einem Reiter¬
2308 1482 3392 1568 jährigen das Grauen vor dem Tod noch nicht will
1348 1511 3400 1617 regiment, daß eine gewisse Schwadron einst in verlassen. So ragt er, schuldbeladen, ein falle
1340 1561 3288 1667 einem ebenso unglücklichen Feldzug durch feige dämonisches Symbol aus der Vergangenheit
3276 1597 3394 1660 gem
1344 1599 3279 1708 Flucht die Chancen einer Schlacht preisgegeben ins Gegenwärtige hinein. Und es ist hin¬
3290 1647 3387 1707 Nac
1342 1649 2314 1727 habe, und die Nachfahren der Schwadron ge¬
2312 1667 3290 1749 wiederum der Ruf des Lebens, der dieses
3287 1694 3393 1747 des
1345 1691 2304 1764 loben nun, durch einen Todesritt die Schuld zu
2317 1713 3290 1801 Symbol tilgt und auslöscht. Ihn vernimmt in
3284 1732 3383 1796 eine
1352 1736 2308 1812 fühnen, die von der Väter Tagen her über ihnen
2321 1757 3280 1843 ihrem häuslichen Sklavendienst die junge,
3285 1778 3390 1835 der
1346 1783 2314 1859 hängt. Die Geschichte meldet nichts von jener
2321 1804 3273 1881 schöne, heißblütige Tochter des alten Un¬
3273 1822 3390 1891 und
1331 1820 2312 1895 Fahnenflucht; sodann steht es so ziemlich fest,
2308 1853 3384 1930 geheuers. Schnitzlers süßes Mädel, eines von Sch
1335 1864 2314 1947 daß auch ohne den Rückzugs der Kavallerie der
2317 1877 3395 1986 den befleckten, unwissend=reinen Seelchen, die Tod
1333 1904 2312 1991 Kampf verloren gewesen wäre. Aber der Geist
2313 1941 3103 2010 zu lieben, aber auch zu leiden wissen.
3264 1955 3359 2029 der
1333 1954 2318 2030 der Legende ist stärker als die kühle Forschung.
2345 1985 3291 2052 Marie hat mit ihren sechsundzwanzig Jahren
3275 2003 3377 2055 den
1328 2018 3276 2103 und der Schwadronoberst hat leichtes Spiel, bei von den irdischen Freuden noch nichts genossen.
3278 2045 3383 2098 schw
1327 2038 2307 2117 seiner jungen Mannschaft den phantastischen
2305 2067 3276 2136 Von einem platonischen Herzenserlebnis, das
3272 2087 3387 2142 Lebe
1328 2087 2305 2165 Ehrbeariff bis zur Todessehnsucht zu steigern.
2307 2115 3378 2192 ihr in der großen Natur draußen ein melancholi= herb
1321 2132 3375 2223 Er selbst erlaubt sich dabei vielleicht nur einen scher Forstmann weckte, führt das Abenteuer dem
1327 2167 3190 2282 teuflischen Witz, einen kuriosen Akt der Selbst= eine Ballnacht sie jäh zu erotischen Wallung
1326 2213 2302 2290 verzweiflung: ihm liegt vielleicht weniger daran,
2306 2253 3186 2314 Ein forsch Reiteroffizier hat sie erobert,
3296 2220 3376 2320 en
1317 2268 2296 2333 die Fahne seines alten Regiments von der alten
2304 2290 3176 2360 wenn Marie sich bis heute nicht ihm wir
1319 2309 2296 2383 Schmach reinzuwaschen, als dem eigenen, durch
2312 2336 3167 2407 hingegeben hat, so ist die Ursache in Mar
3301 2351 3358 2408 Ma
1326 2354 2301 2424 die Untreue seines Weibes verpfuschten Dasein
2306 2394 3157 2453 „kränklichem Gewissen“, jenem Ibsen=Gew
1328 2391 2300 2477 ein glorreiches Ziel zu setzen — durch eine Apo¬
2297 2421 3172 2495 zu suchen, das übrigens dem süßen Wi
1326 2433 2298 2530 theofe von deren blutiger Herrlichkeit die zu¬
2300 2469 3194 2544 Mädel so gar nicht ansteht: Sie empfindet
1328 2470 1986 2560 künftige Geschichte melden wird.
2302 2515 3273 2589 Schuld, daß sie in Gedanken gebuhlt, in Ge¬
1362 2550 2289 2626 Dieses makabre Motiv ist es, das die
2306 2555 3385 2617 danken dem Bräutigam die Treue gebrochen. Pist
1336 2589 2293 2669 Stimmen des Lebens weckt: Stimmen jeder
2293 2598 3387 2677 in Gedanken den Vater gemordet, der ihr auf Lieb
1322 2610 2292 2703 Art und Wertung: sie rufen nicht nur zum
2301 2651 3382 2728 der Bahn zur Freiheit überall entgegentritt. ken
1328 2677 2282 2750 Genuß der Schönheit und irdischen Seligkeit,
2300 2694 3368 2757 Dieses Gewissen lähmt ihren frischen, kecken und
1334 2719 2283 2798 sie rufen auch zu allem Erbärmlichen und Häß¬
2291 2729 3274 2813 Willen zum Leben, zum Glück, lange. Bis jener
3269 2745 3371 2808 ihm
1323 2764 2290 2835 lichen — zur Untreue gegen die Pflicht, zu Ver¬
2294 2774 3264 2849 Ruf, der das Regiment ihres Geliebten in
1319 2815 2281 2889 gehungen der Selbstsucht, zu Mord. Ein gegen¬
2300 2823 3265 2894 den Tod treibt, auch an ihr Ohr schlägt. Da¬
3257 2840 3387 2904 heite
1334 2859 3370 2943 wärtiges Ereignis also macht sie frei. Aber bekommt sie ihren mutigen Willen zurück; über stalt
1324 2894 2289 2971 dem aufmerksamen Ohr klingen sie doch aus
2282 2909 3378 3000 die Leiche ihres Vaters (sie hat planmäßig dem Doch
1322 2940 2289 3006 einer tieferen Lage der Dinge herauf. Aus der
2293 2952 3377 3045 Verhaßten aus einem Medizinglas den Schlaf= Stin
1310 2985 2288 3065 Schuld der Väter, gegen die jetzt die Jugend
2290 2997 3264 3068 trunk vieler Nächte gereicht) hinweg eilt sie zu
3257 3028 3374 3084 trag
1323 3036 2298 3108 machtlos rebelliert. Der Todesruf, der die
2284 3038 3254 3113 schwüler Liebesnacht ins Haus ihres Max, des
3250 3066 3379 3132 hun
1325 3069 2298 3147 Reiter lockt, war ehedem ein Lebensruf: er, der
2286 3095 3252 3162 Offiziers, der morgen nicht mehr unter den
3251 3109 3391 3169 Hans
1323 3115 2288 3191 ihn einst vor dem Feinde hörte und der mit
2293 3128 2734 3196 Lebenden sein wird.
3246 3158 3362 3217 lösen
1324 3166 2294 3248 seiner Schwadron ausriß, um das holde
2320 3177 3264 3262 Ueber dem Haupte des Freundes nun ziehen
3255 3204 3379 3264 Wie
1323 3212 3256 3261 Diesseits wieder zu gewinnen und so an sich Tragödien mancherlei Art zusammen. Aus
3247 3243 3347 3299 an
1319 3256 3372 3363 säteren Verwicklungen schuldig zu werden, ist allen klingt der Ruf des Lebens. Der junge, Mar
