3436 4384
277 135 1459 263 19. Der Ruf des Lebens
1596 139 2078 259 box 24/2
436 1155 843 1240 an Perfen
3312 1198 3379 1296 —
424 1260 3389 1345 hundertmal sagen muß, hat man es nicht einmal emp=Korrektur an dem Schöpfungsakte vorgenommen. Einmal aber nicht, ihm durch
433 1347 3380 1415 funden. Wir klammern uns an unserer Männlichkeit wie ist das Weib auch der gewährende Teil, übt es Revanche Respektbezeugung zu ver
423 1396 3392 1466 an einer Rettungsplanke fest, in der ewigen Furcht, der für seine Gebärenspflicht. Es läßt in uns einen neuen müßte wirken, wie Allva
423 1436 3381 1491 reißende Lebensstrom müsse diese jeden Moment fort=Menschen erstehen, der sich wie eine Dschungel an unser Illusionen, Hoffnungen
427 1488 3381 1565 treiben. Heldentum, Arbeit und ähnliche Hilfsmittel der weichendes Selbst anpreßt und es schließlich ganz verdrängt.schließlich deren lästige
430 1550 3381 1598 Gedächtnisschwäche sind uns nur Narkotika. Ich kannte Wir können dann unserem verflossenen Ich Adieu sagen, Auf die Knie,“ oufen
426 1578 3387 1666 einen Schriftsteller, der knapp nach dem Heimgange seiner es zieht unwiderruflich fort, denn möglicherweise benötigt die Sterbejakramente ein
432 1633 3206 1716 von ihm innigst geliebten Gattin kolz auf seine trotzdem es eine zweite Frau für einen anderen Mann. Auch unser den Heldentod:
430 1687 2871 1761 fabrizierten humoristischen Aufsätze wies. „Ich kann mit Mut ist nur eine ästhetische Hilfe der weiblichen Phantasie.
434 1732 2868 1806 meiner kranken, weinenden Seele die Leute lachen machen," Wir wollen den Vorstellungen des anderen Geschlechtes
433 1785 2878 1858 wollte er uns mit freudiger Genugtuung ins Bewußtsein durch einen trigerischen Schein, durch eine bewußte Lüge
3122 1759 3380 1873 Dezenn
430 1825 2878 1902 rufen. Aber der Arme bedachte nicht, daß er selbst nur auf halbem Wege entgegenkommen. Ich kannte eine
3221 1848 3378 1926 (Feod
1644 1868 2861 1937 Momme, die ein holdes Mägdelein vor dem Ueber¬
429 1887 1657 1950 ein verzerrtes Reflexbild seines großen Unglückes war und
2943 1903 3314 1995 Vor alters fand
1648 1935 2876 2001 fahren rettete und sich dabei den Daumen zerquetschte. Mit
421 1941 1649 2004 sich bloß eine neue Welt aus den Trümmerresten seiner
1642 1953 3362 2035 einem seligen Lächeln wies sie auf die blutigen Hautfetzen, rische Gleichnis, das Lch
427 1972 1648 2052 alten mühsam konstruierte. Und sein Pendant, der uns
1658 2012 3374 2089 ehe sie das Taschentuch darüber wand. Sie war dabei feige Gedanke hat die #chrig
437 2038 1658 2101 durch sein Heldentum verblüfft, wollte er uns nicht be¬
1644 2078 3334 2145 und zugleich zu schwach, um wirklich feige zu sein. Wir daß er vielleicht niemal
425 2087 1668 2149 weisen, daß er solvent genug war, um das Fatum mit
1644 2132 3227 2198 müssen eben aus innerem Drang der Weiblichkeit das ent= während erheute
440 2135 1660 2209 sinem Leben bezahlen zu können? Goethe sagt in seinen
439 2190 3001 2242 „Xenien“ ungefähr: Die Natur verbindet Hohes und gegenrecken, was uns als deren Gegenteil dünkt, was ja zählt,
440 2226 2966 2293 Niederes im Menschen dadurch, daß sie Eitelkeit dazwischen= aus dern Grunde von dieser so vergöttert werden muß, Wen
440 2288 2965 2355 stellt.“ Eitel waren sie alle, die Stärke posieren, um über weil es ihr fehlt: die Männlichkeit. Wenn diese aben, nicht durch
2856 2328 2961 2395 freie
444 2339 2867 2413 ihr seelisches Debacle hinwegzutäuschen, eitel waren die vorhanden ist, da stellt die Farce zur rechten Zeit sich ein.
2846 2380 2961 2445 auf
440 2386 1690 2449 Aufrechten, die ohne die Krücke „Selbstbewußtsein“ nicht
1738 2416 2966 2487 Wir sind fast alle von Natur aus timid, es gibt Sole
428 2435 1667 2509 gehen können, eitel waren die Großen, denen es versagt
441 2494 2978 2553 war, Sklaven eines kleinen Glückes zu sein. Sie lechzen überwiegend nur ein gelerntes, studiertes, diplomiertes, Wur;
438 2533 2971 2605 nach dem letzten Katzenjammer noch nach dem letzten Rausch, mit Dekret ernanntes Heldentum. Wir sind feige, weil absch
443 2587 2979 2655 und dann, Bajazzis, schneidet die tollsten Grimassen, wir wie Schnitzlers Marie schon in Gedanken gemordet Mar
1642 2623 3031 2711 haben und weil wir davor bangen, daß ein Ruchloser an ein einf
438 2634 929 2721 es ist nur ein Spiel
1633 2684 3011 2758 runs selber unsere Pläne exekutiert. Aus dem Mißtrauen nur vr
2858 2721 3075 2801 anlaß.
1646 2730 2874 2800 gegen uns selbst quillt unser feministisches Zagen. Sind
540 2713 1669 2810 Heiliger Schopenhauer, großer Weininger, stehet mir
1643 2766 3106 2846 wir aber tapfer, so haben wir die Schlacht gegen Fortunas stellt sich e
438 2781 1666 2852 bei! Bei Schnitzler war es nicht nur das große Unglück,
2906 2808 2981 2878 112
428 2839 3147 2887 das wie eine Riesenspinne alles Erhabene an sich zog. Amazonen verloren. Normal ist eine Niederlage. immer verfängt, gen
439 2897 3174 2945 sondern auch das Weib rüttelie die hehren Empfindungen der Vorläufer eines Sieges. Diese psychologischen Kompli=Festfeier So
433 2917 3251 2994 aus ihrem Schlummer auf. Das Weib küßt unser kationen aufzudecken, wäre eines Dramatikers von großemsist es einfach eine
430 2978 3373 3037 Mannestum wach, ohne sein Eingreisen wäre es latent Atem würdig. Schnitzler hat vor dem Problem nur doch eine Privatangele
438 3025 3370 3116 geblieben. Fast scheint es, als hätte die Natur eine kleine achtungsvoll grüßend die Hellebarde gesenkt, traute sich Anders, wenn die Oeff
