3436 4352
268 147 1460 254 19. Der Ruf des Lebens
908 987 1630 1064 nigfach bewegten Hintergrunde die
908 1042 1622 1108 politischen und häuslichen Wirren
915 1101 1622 1163 unter dem letzten Rurik=Sprossen, bald
907 1144 1616 1212 nach Iwans des Schrecklichen Tode,
913 1187 1621 1244 schildert, ein farbenreiches Gemälde
903 1252 1622 1306 aus ihrer vaterländischen Geschichte
908 1296 1618 1357 und aus ihrem heimischen, damals
907 1334 1617 1397 noch völlig ungebrochenen Volkstum
896 1390 1620 1446 zu entwerfen, wie sie gleich darauf
903 1435 1624 1500 das Tschechowsche Stück in den Stand
902 1485 1609 1550 setzte, uns ein mit intimster Be¬
902 1532 1614 1599 obachtungsgabe erfaßtes Bild aus
903 1586 1619 1654 dem russischen Land= und Gesell¬
908 1634 1608 1700 schaftsleben der so ganz anders ge¬
908 1682 1610 1746 arteten Gegenwart vor Augen zu.
909 1729 1613 1803 führen. Ein Feld, weit und offen
897 1784 1616 1850 genug, um all ihre Inszenierungs¬
900 1825 1610 1898 künste zu entfalten und diese mit den
902 1882 1604 1948 unsern sich messen zu lassen. Was
894 1929 1604 2001 sie dabei an stil=, zeit= und stim¬
898 1989 1610 2047 mungsgerechter Ausstattung gezeigt
895 2025 1607 2085 haben, besteht auch vor unserer heute
891 2082 1599 2149 aufs äußerste geschärften Kritik in
895 2125 1602 2189 allen Ehren — aber zu erröten
897 2178 1599 2245 brauchen unsre besten Regisseure vor
897 2220 1606 2292 den russischen Leistungen in dieser
888 2276 1594 2339 Beziehung nicht. Selbstverständlich
894 2319 1596 2389 bringen die Gäste für die russische
890 2371 1603 2422 Landschaft, für die byzantinische Ar¬
891 2424 1592 2490 chitektur und Ausstattung des Zaren¬
887 2475 1594 2527 palastes, für die Geräte und die
889 2525 1597 2581 Kostüme manches aus ihrer Heimat
885 2576 1597 2632 mit, was bei uns — sagen wir in
886 2621 1592 2689 Aufführungen des Schillerschen „De¬
878 2667 1590 2728 metrius“ oder des Erlerschen „Zaren
882 2720 1591 2782 Peter“ — nicht so echt und natur¬
873 2770 1589 2835 getreu gezeigt werden kann; selbst¬
882 2815 1590 2885 verständlich auch weht uns aus ihrem
875 2862 1595 2938 „Onkel Wanja“ ein ungleich vollerer
873 2909 1588 2971 und kräftigerer Hauch der russischen
884 2965 1586 3024 Gegenwartskultur entgegen, als ihn
870 3019 1580 3067 uns etwa die noch dazu recht mittel¬
879 3069 1583 3128 mäßige Aufführung desselben Stückes
869 3111 1584 3172 am früheren Berliner Theater zu
867 3161 1588 3221 vermitteln vermochte. Aber die ein¬
873 3212 1588 3273 geborene Stimmung eines Bühnen¬
873 3256 1579 3326 werkes, seine malerisch=musikalischen
878 3307 1572 3375 Werte, kurz gesagt: die innere Melo¬
870 3356 1581 3426 die einer dramatischen Dichtung hat
868 3409 1577 3471 uns die Reinhardtsche Regiekunst und
846 3462 1238 3574 ∆ Miebeit ooe
1589 173 2038 263 box 24/2
1640 1014 2367 1079 früher, zu Zeiten des Naturalismus,
1650 1075 2373 1135 auch die Brahmssche im Deutschen
1645 1110 2359 1176 Theater ebenso rein und getreu
1644 1163 2363 1220 widergespiegelt. Man denke an das
1649 1218 2359 1273 „Friedensfest“ und den „Fuhrmann
1652 1255 2365 1320 Henschel“ bei Brahms, an den „Som¬
1640 1311 2363 1372 mernachtstraum“ und den „Kauf¬
1645 1357 2355 1423 mann von Venedig“ bei Reinhardt!
1636 1405 2354 1472 Ja, wir dürfen, ohne uns natio¬
1637 1462 2352 1517 nalistisch zu überheben, getrost sagen,
1635 1503 2343 1570 daß wir über den Stand der Mo“
1634 1548 2355 1616 kauer Regie, soweit damit die Be¬
1634 1598 2347 1659 handlung des äußeren Bühnenbild¬
1632 1655 2342 1717 des gemeint ist, um eine Stufe em¬
1639 1700 2347 1767 porgekommen sind. Den harten Zu¬
1636 1747 2345 1813 sammenstoß plastischer und beweg¬
1634 1793 2359 1859 licher Naturgegenstände (die Bäume
1633 1859 2341 1914 im „Sommernachtstraum“!) mit ge¬
1624 1902 2356 1964 malten Requisiten, wie das russische
1621 1943 2349 2021 Zarendrama ihn mehrmals und wie
1618 1991 2351 2065 ihn einmal auch das Tschechowsche
1633 2049 2352 2110 Stück zeigte, haben wir heute über¬
1628 2103 2343 2160 wunden; unsere Behandlung des Hin¬
1634 2138 2352 2206 tergrundes weiß freiere und lichtere
1630 2192 2339 2255 Durch= und Ausblicke zu schaffen; un¬
1625 2233 2347 2309 sere Ueberwindung der Beleuchtungs¬
1627 2294 2340 2343 schwierigkeiten und der niederträch¬
1627 2338 2349 2409 tigen Luftsoffiten hat Fortschritte ge¬
1621 2390 2342 2453 macht, mit denen sich die russische
1624 2431 2353 2502 Technik nicht messen kann. Soviel
1615 2495 2345 2549 zur Steuer der Gerechtigkeit einer
1623 2539 2346 2596 Tugend, die der Deutsche ja niemals
1623 2584 2338 2652 leichter vernachlässigt, als wenn es
1617 2642 2342 2702 sich um die Würdigung heimischer
1618 2681 2008 2747 Verdienste handelt.
1662 2730 2328 2798 Nun aber zum Spiel, zum Einzel¬
1608 2782 2340 2847 spiel und zum Zusammenspiel. Hier
1615 2826 2339 2895 sind uns die Russen — immer vor¬
1608 2876 2343 2945 ausgesetzt, daß ihre künstlerische Büh¬
1606 2928 2333 2995 nenentwicklung mit der unsrigen pa¬
1617 2986 2332 3048 rallel läuft; sonst kann uns die
1614 3014 2276 3092 ganze Vergleichung nichts nützen!
1612 3074 2323 3143 in jeder Beziehung um ein beträcht¬
1610 3130 2326 3197 liches überlegen. Der russische Schau¬
1610 3183 2331 3247 spieler, so versicherten uns die Ken¬
1597 3222 2331 3288 ner der russischen Bühnen, ist der
1608 3270 2325 3339 naturalistischste Schauspieler der Welt.
1602 3323 2336 3386 Das war nun doch eine halbe oder
1601 3373 2321 3434 zum mindesten eine schiefe Wahrheit.
1606 3415 2316 3496 Er ist nicht der naturalistischste, son¬
2169 3528 2277 3574 661
