3484 4320
1307 192 1343 251 1
253 185 1395 276 19. Der Ruf des.
518 1408 887 1484 Telephon 12801.
1311 1488 1430 1557 55
675 1520 1365 1603 „ODSENVER
484 1587 1591 1649 I. österr. behördl. konz. Unternehmen für Zeitungs-Ausschnitte
682 1650 1412 1734 Wien, I., Concordiaplatz 4.
893 1715 1203 1777 Vertretungen
488 1754 1591 1828 in Berlin, Budapest, Chicago, Christiania, Genf, Kopenhagen,
489 1800 1589 1868 London, Madrid, Mailand, Minneapolis, New-York, Paris, Rom,
648 1858 1430 1912 San Francisco, Stockholm, St. Petersburg.
828 1886 1249 1943 (Quallens gabe ohne Gewähr.)
992 1931 1274 2015 27. 2 1906
485 1956 911 2041 Ausschnitt aus:
940 2008 1635 2108 St. Petersburger Herold
497 2065 657 2120 vom:
442 2144 1241 2215 —uns Münner der Tar werden, wie jene!“
565 2200 1584 2251 „Der Ruf des Lebens“ von Artur Schnitzler
455 2247 1410 2301 im Berliner Lessingtheater. Artur Schnter#¬
449 2286 1546 2326 Schauspiel „Der Ruf des Lebens“ hatte am Sonnabead
450 2319 1547 2379 im Lessingtheater ein wechselvolles Schicksal. Der fesselnd
444 2373 1544 2419 interessante Expositionsakt mit dem Schlusse eines eigen¬
456 2406 1546 2448 artig motivierten Vatermordes, den ein, nutzloser häus¬
444 2445 1547 2484 licher Martern müdes, von wilder finnlicher Leidenschaft
441 2480 1544 2522 erfaßtes Mädchen begeht, machte starke Wirkung; auch
452 2525 1545 2561 der zweite Akt, der die zu ihrem Geliebten, einem Offi¬
454 2562 1533 2609 zier, flüchtende Heldin in eine Ehebruchstzagödie ver¬
456 2601 1559 2639 wickelt, schlug ein, aber der Schlußakt mit seiner super¬
448 2644 1547 2694 klugen Rückschau auf die wilden Ereignisse fand starke
455 2675 1571 2712 Opposition. Das geistoolle, aber überspitze Stück wurde
450 2722 1498 2776 vortrefflich dargestellt. Der Autor wurde öfter gerufen.
843 2814 1393 2876 .
1566 184 2003 273 box 24/1
2590 763 2689 806 Tele
2060 839 2755 969 „OBSERVER
1863 925 2879 1010 I. österr. behördl. konz. Unternehmen für Zeitungs-Auss.
2069 990 2807 1080 Wien, I., Concordiaplatz 4.
2286 1064 2581 1130 Vertretungen
1877 1095 2925 1191 in Berlin, Budapest, Chicago, Christiania, Genf, Kopenh#.
1880 1148 2876 1207 London, Madrid, Mailand, Minneapolis, New-York„ Paris,
2051 1195 2815 1246 San Francisco, Stockholm, St. Petersburg.
2223 1227 2708 1299 (Quellenangabe chns Gewähr.) )
1898 1317 2787 1397 Ausschnitt aus: „NN SMLN
1901 1441 2043 1488 vom:
2590 1401 2972 1573 Nao
1928 1658 3018 1743 — Berliner Theater. Man schreibt uns unterm 24. d. Me
1884 1700 3014 1773 ous Berlin: Arhur Schnitzlexls Schauspiel in drei Akten,
1888 1750 3015 1815 „Der Ruf des Lebens“ das heute im Lessing=Theater
1885 1773 3021 1853 in Szene ging. fand nur teilweise Beifall, und zwar nur in jenem¬
1885 1813 3018 1894 Teil, der gar nicht Schnitzlerisch, sondern eher derb theatralisch zuge¬
1894 1849 3026 1931 schnitten ist und temperamentvoll auf das Hochdramatische zuschreitet,
1881 1891 3013 1970 während die echt Schnitzlerischen Reflexionen des dritten Aktes abge¬
1882 1934 3014 2010 lehnt, oder doch beinahe abgelehnt wurden. Der Ruf des Lebens packt
1885 1972 3006 2048 ein Weib am Krankenlager ihres Vaters, eines greisen Militärs.
1883 2010 3014 2082 Während er sich verzweifelnd gegen den Tod auf seinem Lager wehrt,
1879 2047 3020 2115 schreitet sein Regiment. — die Schritte tönen in sein Krankenzimmer,
1912 2090 3006 2161 — in den Tod. Er selbst hat einst im Kampfe den Anlaß gegeben,
1874 2126 3019 2202 daß dies Regiment die Flucht ergreife, daher hat dasselbe nun, um die
1876 2164 3023 2223 Schande zu fühnen, sich selbst den gefährlichsten Posten erbeten. Aber
1874 2210 3006 2270 seine Tochter, die der Krankemt seinem Egoismus quält, die an das
1886 2240 3005 2319 Sterbelager geiesselt ist, während jener Offizier den sie liebt, seitdem
1888 2274 3007 2368 sie mit ihm getanzt, vielleicht morgen schon in den Tod geht, diese
1871 2309 3018 2384 Tochter, die mit unglaublicher Geduld alles für den kranken Vater¬
1878 2367 3005 2436 getan, die wird, da sie plötzlich den Ruf des Lebens hört, zur Vater¬
1882 2394 3017 2483 Mörderin. Sie gibt dem Vater den Schlaftrunk in so reichlichem
1871 2434 3001 2508 Maße, daß er für immer einschlafen muß. Das ist der erste Akt.
1873 2473 3007 2552 der ungemein wirkungsvoll ist und eine so dramatische
1873 2517 2999 2593 Kraft entwickelt, wie sie kein anderes Stück von Schnitzler,
1866 2557 3007 2619 ja überhaupt nur wenige Stücke der modernen Bühne
1876 2592 3017 2669 haben. Der zweite Akt ist zwar auch dramatisch, aber abgesehen da¬
1869 2627 3037 2691 von, daß er nicht mit gleichem Geschicke theaterwirksam aufgebaut in
1887 2739 3036 2784 virkt er psychologisch abstoßend. Den Ruf des Lebens bei jenem
1885 2783 3027 2845 Vörte vermag man zu begreifen, den tragischen Konflikt ihrer Tat
1893 2824 3025 2872 ann man nachfühlen. Das ist nicht so im zweiten Akt der Fall, wo
1894 2860 3030 2908 er junge Offizier, zu dem jene sündige Tochter kommt, eben mit einer
1899 2906 3028 2954 nderen im Liebesrausch gelegen, weshalb diese andere von ihrem
1885 2947 3019 2998 Zatten, der sie ertappt, getötet wird. Aber der junge Offizier zieht,
1893 2985 3016 3029 such vom Rufe des Lebens gelockt, die sündige Tochter von diesem
1897 3008 3034 3072 Schauplatz blutiger Geschehnisse fort zum Liebesgenusse. Das wirkt#
1894 3058 3032 3127 bstoßend. Wenn Schnitzler hätte beweisen wollen, daß Verbrechen
1905 3091 3018 3146 sicht nach der Elle, sondern nach dem Gefühl gemessen werden sollen,
1894 3137 3016 3178 o wäre hier ein prächtiges Beispiel gegeben. Das todeswürdige Ver¬
1900 3177 3016 3215 frechen der Tochter, die ihren Vater tötet, erweckt im ersten Akt das
1905 3212 3031 3271 Nitempfinden des Zuschauers, der Zynismus, mit welchem das Paar¬
1902 3254 3017 3294 in zweiten Akte von den blutigen Geschehnissen zum Genusse eilt, ver¬
1893 3294 3016 3349 etzt jedes Gefühl. Der dritte Akt ist vollkommen der Reflexion ge¬
1895 3325 3024 3388 zidmert, Marie lebt still dahin und empfindet, daß ein Leben ohne
1891 3374 3009 3431 roße Leidenschaft und ohne Schuld wohl größeres und reineres Be¬
1892 3394 3021 3464 agen böte. Irene Triesch gab die Heldin mit großer Kunst und
1907 3450 3020 3509 Lemperament, klug und innig. Bassermann, Marr seien noch
1900 3474 3034 3544 wähnt von den Darstellern, die nicht alle am rechten Platze standen
2703 3529 3035 3601 E. Isolani=
