3484 4352
1583 295 2030 389 box 24/1
1102 319 1177 381 L
286 306 1443 423 19. Der Ruf des ns
1943 454 3127 512 Dame hat einen innig befeelten Ton, der auch im Piano noch weit
1950 520 3120 569 trägt, sie genießt die Vorteile einer poetischen Erscheinung, und so
1943 563 3118 616 wurde auch diese Schwindsüchtige mit der Liebesraserei zu einem
1944 603 3126 672 schönen, wenn nicht überzeugenden, so doch verführerischen Bilde.
1950 667 3115 719 Etwas unentwickelt ist noch die Geberdensprache, besonders
1942 701 3123 752 wenn sich die Oberarme nicht vom Körper fort wagen,
1956 756 3128 807 während die Unterarme sich bewegen — aber das kann sich
1957 800 3122 857 mit der größeren Sicherheit geben, und wenn der gestrige
1948 844 3119 907 rein lyrische Ton aus einem reicheren Register ent¬
1943 912 3111 956 nommen sein sollte, so wäre eine Hoffnung etwa auf Nachfolge
1942 946 3129 1013 von Teresina Geßner gegeben. Bis auf Herrn Bassermann, der
1940 990 3120 1046 den Obersten und Nächer seiner Ehre in glänzendster Maske und
1943 1039 3130 1116 pikantester Trockenheit scharf herausgab, konnten die anderen
1950 1088 3127 1148 Darsteller an ihren Rollen nicht viel Freude haben. Herr
1949 1131 3117 1199 Marr hielt den kranken Vater, dessen Leiden etwas
1132 1162 1610 1254 Theater und Kunn.
1961 1183 3122 1251 langweilig wird sehr gut durch, Herr Reicher spielte
1970 1220 3129 1294 einen Arzt und Raisonneur mit geringer Lust Herr Rittner
818 1213 1939 1300 „Der Ruf des Lebeus“ von Arthur Schnitzler erscholl
1968 1277 3120 1348 seinen Forstadjunkten mit großer Unlust. Herr Stieler als
802 1275 1941 1344 jestern abend zum ersten Mal im Lessing=Theäter und rweckte
1968 1326 3120 1387 Lentnant wußte, wie immer, sympathisch zu bleiben, Fräulein Else
796 1338 1942 1385 ein recht lebhaftes Eche von Klatschen und Zischen. Unsere be¬
1965 1376 3118 1434 Schiff wie immer unsympathisch in der provinzmäßig verarbeiteten
798 1381 1941 1447 deutendsten Dramatiker stud nicht mehr im stande, einen reinen
1962 1439 3132 1494 Rolle der an sich schon fürchterlich romanhaften Oberstengattin.
789 1433 1938 1493 Erfolg oder einen reinen Mißerfolg zu erringen. Sie sollten
1960 1484 3115 1533 Frau Else Lehmann, die immer der Tochter Katharina nachzu¬
791 1477 1935 1536 wenigstens ihre leibhafte Persönlichkeit dem Kampfe entziehen und
1968 1520 3116 1586 laufen hatte, mußte sich damit begnügen, höchst appetitlich auszu¬
790 1530 1948 1583 sich dem Ruf des Publikums versagen, dessen Meinung sie überdies
785 1577 1946 1636 in begreiflicher Aufgeregtheit nicht immer verstehen; doch da spricht man
1955 1571 3126 1646 sehen. Das Stück kritifiert sich selbst, das solche Kräfte brach
797 1629 1943 1676 vergebens. Aber vielleicht sind sie klüger als der Mahner, vielleicht
1968 1630 2250 1721 legte. O. E.
796 1676 1949 1727 hatte das Publikam den zweiten und dritten Akt nicht für
793 1726 1958 1776 Schnitzlersche Arbeit gehalten wenn sich Herr Dr. Arthur Schnitzler
786 1768 1967 1843 aus Wien nicht durch persönliches Erscheinen für die Tatsache
794 1811 1962 1888 verbürgt hätte. Allein der erste Akt zeigt seine Hand. Zwei
796 1880 1958 1937 Mädchen folgen dem Ruf des Lebens. Marie hat erst ihren
791 1920 1952 1974 unheilbar kranken Vater nach Gretchens Methode mit einem
795 1970 1956 2022 Schlaftrunk zur ewigen Ruhe zu bringen, dann stürzt sie zu
788 2015 1956 2069 ihrem Leutnant von den blauen Kürassieren, dem tod¬
795 2070 1954 2126 geweihten Regiment; denn es ist Krieg, allerdings nur ein Theater¬
791 2101 1965 2172 krieg, nicht zu bemerken, wenn er nicht gerade gebraucht wird. In
799 2167 1953 2215 ihr Zögern und Bedenken hinein taumelt wie ein trunkener
788 2215 1959 2267 Schmetterling die schwindsüchtige Base Katharina, die wie im
790 2244 1964 2322 Fieber liebt, einen nach dem anderen, weil es doch bald aus ist.
795 2318 1956 2374 Der zweite Akt konnte von einem energischen Nachahmer
789 2341 1969 2415 des „Morituri“=Dichters gemacht sein. Marie trifft ihren Leutnant
795 2418 1959 2473 in einer ungewöhnlichen Situation, die sie, hinter einem Philippi¬
802 2459 1958 2518 schen Vorhang versteckt, erdulden muß. Die Frau des Obersten
801 2509 1954 2568 wird im Zimmer des Leutnants, ihres Liebhabers, von ihrem
788 2558 1954 2615 Manne erschosfen: So kann sie ihm nur eine Nacht schenken,
794 2614 1971 2664 da auch er am nächsten Morgen tot sein muß, und das geschieht!
788 2645 1966 2714 ausgiebig zwischen dem zweiten und dritten Akt, welch' letzterer
789 2699 1963 2766 wiederum von einem Nachahmer Schnitzlers gemacht scheint, der
790 2755 1955 2815 aus der „Liebelei“, dem „Einsamen Weg“ und dem „Schleier der
803 2784 1964 2853 Beatrice“ die feinsten Worte der Nachdenklichkeit ausgezogen hat.
793 2856 1955 2907 Hier zusammengetragen sagen sie ungefähr, daß, wer ge¬
788 2897 1963 2947 storben, tot ist, und wer lebt, lebendig ist. Gestorben
787 2939 1967 3006 ist das süße Katharinchen, aus ihrem Liebestraum ins
786 2998 1965 3057 formenlose Nichts hinübergetaumelt, am Leben geblieben das
783 3045 1967 3105 leidenschaftliche Mariechen, und so spricht nichts dagegen,
788 3083 1961 3148 daß sie nach Buhlerei und Mord noch einmal den strammen
792 3149 1960 3198 Forstadjunkten heiraten wird, der erst die Base und dann sie
786 3166 1970 3249 selbst treu geliebt hat. Das ist eben der Ruf des Lebens, den
791 3236 1959 3299 wir morgen noch des genaueren besprechen wollen. Die Auf¬
786 3284 1964 3355 führung war gut wie alles, was jetzt am Lessing=Theater
785 3347 1957 3398 gemacht wird, auch in dekorativer Hinsicht, da Herr
776 3397 1964 3456 Walser zwei einfache überzeugende Interieurs mit Kostümen
784 3432 1956 3489 zur Zeit der Schlacht von Custozza und für den
785 3481 1960 3548 dritten Akt eine entzückende Gartenlandschaft mit einem
792 3529 1968 3589 schweren Hintergrund von düsteren Tannenwäldern und
799 3581 1965 3634 darüber ragendem Hochgebirge geschaffen hatte. Frau Irene
794 3629 1968 3683 Triesch hatte als Marie nielleicht keinen Menschen, wohl aber
795 3681 1958 3737 eine Figur darzustellen uno sie gab ihr eine außerordentliche Bild¬
789 3720 1969 3789 kraft. Hinter dem sterbenden Vater stand sie wie udith und den
790 3789 1974 3837 todgeweihten Geliebten grüßte sie mit dem geheimutsvollen Lächeln
784 3820 1971 3894 der Monnalisa. Das Leidenschaftliche gelingt ihr besser als das
787 3870 1974 3936 Sinnliche, ihre Hingebung ist ein Feuer, das mehr brennt als wärmt,
790 3921 1965 3971 aber sie führt den Blitz auf der Zunge, und ihr Wesen leuchtet
793 3971 1964 4018 von einer Energie, die so leicht nichts verloren gibt. Als eine
781 4004 1971 4064 Retterin bewährte sich auch, zum ersten Mal auf diesen Brettern,
798 4051 1972 4117 die der Bühne wiedergewonnene Frau Grete Hofmann, sonst
784 4110 1972 4189 Frau Ernst Kraus, in der fast unmöglichen Rolle der Katharina. Die
