3392 4320
1490 157 1953 259 box 24/1
199 177 1351 267 19. Der Ruf des Lebens
2048 891 3079 967 mères, qui ne peuvent échapper à la magie de
1006 895 2032 989 après les autres brisent seulement. Ce qui
2042 939 3076 1013 leur sang, qui doivent sombrer dans un crime
91 936 982 1014 Etat; il lui donne la couronne d’Egypte
1005 969 2031 1050 reste, ce sont des fragments, des esquisses
2053 986 3087 1063 quelcenque, profond, mortel, parce que sans
106 997 998 1055 quand la chose-eviend trop absorbante,
1001 1010 2035 1085 de destinées. & C’est la viel) Schnitzler, qui
2050 1020 3092 1102 cela ils iraient au ciel eux-mèmes et seraient
107 1040 990 1101 implement, sans sentimentalité. c Adieu,
1008 1057 2033 1115 travaille comme bien peu avec des préoccupa¬
2045 1063 3091 1134 obligés de devenir des dieux. Ainsi il est mon¬
111 1078 1002 1147 tite Cléopätrels C’était tout à fait gentil.
1008 1095 2034 1170 tions morales, qui cherche à connaitre les der¬
2047 1118 3089 1184 tré que rien ne germe sur la terre qui puisse
111 1128 677 1193 e un apercu, etc’est tout.
1008 1134 2036 1214 niers secrets de ce que c’estqueedu théätre),
2060 1137 3109 1228 s’élever jusqu'au ciel. La race des Labdas¬
109 1147 997 1235 tensuite que vinrent les-grandes premiè¬
1002 1196 2042 1250 apour cette fois conduit lethéätre ad absurdum.
2061 1196 3086 1274 sides est si flère, si puissante, si hautaine
101 1222 1006 1283 abord la nouvelle pièce de Gerhardt Haupt¬
1001 1226 2041 1302 Ta rappelé adroitement au'il est vrai que la vie
2063 1249 3088 1314 que les dieux de l’Olympe craignent cette
121 1247 997 1318 Chaque année, la #euvelle pièce de
1016 1262 2049 1332 atoujours des effeis plus forts quc la scöne, que
2065 1284 3099 1359 couche de princes. Et parce qulil faut se défen¬
113 1297 998 1363 rdt Hauptmann est attenduc avec impa¬
1009 1307 2046 1381 la vérité asscz souvent est outrancière et que
2056 1332 3089 1393 dre, par pur souci de conservation, il détruisent
109 1339 1000 1406 . C’est l’événement le plus important, le
1017 1350 2057 1422 les effets du théätre peuvent étre dépassés. Les
2056 1377 3096 1440 la famille rovale de Thèbes. GEdipe, l’éclatant,
100 1376 1008 1457 ttachant de la saison. Mais peut-étre l'at¬
1010 1397 2045 1470 Berlinois onttoujours aimé Schnitzler, à cause de
2063 1427 3085 1496 Théroique OEdipe, quoi qu'il nuisse entrepren¬
100 1427 1009 1503 générale nuit-elle à l’auteur. Peut-étre cela
1017 1446 2037 1518 sa gräce viennoise, à cause de son charme pour
2061 1451 3092 1531 dre, doit courir à sa ruine. I est si haut qu'il
98 1466 1000 1546 duit-il à arracher les fleurs du bouquet
1024 1489 2046 1564 dire légèrement des choses lourdes, et à cause
2061 1507 3095 1593 n’existe plus de degré au-dessus de son som¬
122 1509 1004 1583 qu'elles se soient épanouies, à cucillir
1016 1532 2050 1599 de sa sensibilité délicate. Maintenant qu’il ac¬
2061 1543 3104 1621 met, qu'il n’existe plus rien, que la chute. On
99 1541 1010 1626 uits avant qu'ils soient mürs, pour les
1016 1573 2051 1653 quiert un développement supérieur et qu’il est
2070 1592 3096 1673 pense à la construction de la tour de Babel,
113 1609 1009 1666 er de Silésie sur le marché de Berlin seu¬
1019 1622 2056 1689 devenu plus réfléchi, ils ont moins de bienveil¬
2072 1637 3103 1714 quand les hommes entassaient pierre sur pierre
105 1644 1009 1716 tparce que le marché les réclame. On a
1012 1658 2052 1738 lance pour Jui. Le dialogue seintillant de sa co¬
2060 1678 3094 1769 Parce qu'ils voulaient allerau ciel; on se rappelle
104 1690 1001 1752 senti cela plusicurs fois. Et plus que ja¬
1016 1704 2045 1784 médie 1'Inferméde a trouvé peu d’écho. Et le
2069 1726 3085 1800 le vieux Dien de la Bible, qui, par peur de ses
103 1725 1014 1800 cet hiver, à la représentation de Ef Pippa
1018 1756 1875 1830 Cri de la ric a été tout à fait incompris.
2061 1762 3090 1840 fils terrestres, invente un moven de se protéger
105 1786 1007 1846 .C’est vraiment comme un fruit à demi
1062 1791 2054 1861 Le méme sort est échu à Hofmannsthal, à
2067 1795 3104 1880 contre eux. On pense à la folie rare et meur¬
100 1817 1009 1888 parfois d’une fraiche douccur, et parfois
1019 1850 2065 1907 cause des costumes antiques, à cause de la
2074 1857 3105 1928 trière de soi-méme, dans laquelle les Césars ro¬
98 1872 1006 1926 Prable. Dans son drame des Tisserands, je
1027 1881 2056 1958 splendeur radieuse de ses vers, à cause de la
2061 1884 3109 1963 mains s’abimèrent quand ils commençaient à
113 1900 1014 1971 quelqu'un dit:  Tout homme a un désir. „
1021 1921 2064 2003 beauté de ses lableaux de scine. Sa tragédie
2064 1944 3096 2012 dresser leurs colonpes dans le temple et à faire
109 1962 1009 2020 Sehnsucht). Ce mot pourrait servir de
1028 1972 2054 2043 OEdipe et 7e Sphinx contient le voyage d’OEdi¬
2073 1998 3110 2052 prier. On pense à Napoléon qui marche vers
109 1998 1012 2064 àEf Pippa danse. Car Pippa est le drame
1018 2014 2052 2091 pe vers Thebes, pendant lequel le maudit tue
2076 2030 3099 2101 Moscou à travers les steppes désolés de la
102 2058 1016 2106 sir. Cetté silhouette de petite fille attirante,
1034 2049 2063 2130 son père Laius, triomphe du Sphinx ct épouse
2069 2070 3112 2159 Russie, sans sens, sans but, poussé sans relä¬
91 2087 1017 2151 ente et séduisante est pour chacun quel¬
1008 2115 2060 2182 Jocaste, sa propre mère. C’est und tragédie
2070 2105 3110 2184 che par la magie de sa vie, comme OEdine
99 2118 1022 2192 hose de différent. Pour l'un, c’est unc con¬
1029 2156 2057 2219 qui a unc resonance de féie nuptiale. C’est
2073 2160 3110 2236 sans reläche court au terme de son destin. Et
98 2181 1009 2234 esensuelle; pour l’autre, le réve d’une féli¬
1019 2190 2051 2273 justement ceite féte nuptiale qui agit comme
2066 2204 3112 2281 les rapports apparaissent visibles à iravers les
100 2219 1011 2283 ivine; pour un troisième, simplement le
1027 2235 2047 2305 Catastrophe. C’est le charme ménie de cette
2075 2256 3098 2331 siècles. II yaune masse de puissance qui, réu¬
101 2264 1015 2334 Tout Berlin s’est cassé la téte pour savoir
1032 2271 2064 2348 cuvre. Comme elle est conduite en vers d’une
2071 2298 3110 2367 nic dans là main d’un homme, brise cethomme
108 2307 1013 2368 ece drame pouvait signiller. Les journaux
1029 2312 2069 2403 beauté inaccoutumée, les juges d’artet les cer¬
2070 2344 3099 2417 lui-méme. I ne doit pas y avoir de dieux sur
105 2348 1011 2408 ants se sont épuisés en commentaires de
1030 2365 2056 2437 cles qu'ils inspirent ont élevé la voix et se sont
100 2385 1023 2471 lie, et les philosophes écrivirent sur Pippa
2066 2402 2285 2466 la terrc.
1021 2410 2061 2477 écriés: c Pourquoi cette mythologie grecque?
95 2445 1009 2505 issertations, qui pour étre conçues sérieu¬
2521 2435 2639 2528 II
1032 2458 2060 2524 Qu'est-ce que nous fait OEdine Aujourd’hui?
92 2476 1021 2540 ntn’en étaient pas moins comiques. Le
1028 2493 2061 2577 Que nous importe Jecasic? Et que nons im¬
2103 2507 3110 2585 Je pourrais parler de bien d’autres pièces,
111 2527 1013 2585 cberlinois n’a pas voulu admettre cettc
1028 2527 2071 2627 porte la cruauté ir ensible des dieux, qui dé¬
2067 2547 3112 2629 mais je les ai oubliées pour la plupart. Je vour¬
107 2569 1021 2637 qu'ily a des choses qu’on ne saisit qu’avec
1034 2569 2066 2659 eident que quelqu'un doit tner son père sans
2077 2596 3114 2674 rais les rechercher dans les journaux de cet
1019 2625 2059 2706 savoir que c’est son père, ct partager le lit
96 2638 1013 2714 cuvres les plus importantes ont étc ap¬
2070 2638 3116 2719 hiver, mais à quoi hon déterrer des cudavres?
1027 2673 2063 2750 nuptial avec sa mèré sans savoir guc c’est
2075 2688 3109 2774 Je ne veux pas dire ici tout ce qui, est passé,
92 2682 1029 2768 es par deux Viennors, Artliur Schnitzler
1033 2721 2064 2788 sa mère qu’il étreint. Ce sont des idécs,
2071 2730 3114 2811 mais seulement ce que nous avons retenu, ce
100 2745 586 2822 go de Hofmannsthal
1032 2758 2058 2840 idées d’esthéte, dit-on, des choses, pour les¬
2079 2769 3102 2847 que nous avons gagné. Et ces pièces dont je
105 2770 1028 2851 Brahm à joué au Lessing Theater deux
1030 2808 2061 2880 quelles nous autres hommes modernes, nous
2074 2807 3135 2910 viens de parler constituent la récolte de ceite
111 2826 1034 2914 des pièces pleines de sens et bien miscs au
1029 2841 2065 2924 Kavons aucun intérét. „ Et l’on faisait la toute
129 2878 1019 2939 d Arthur Schnitzler, l'/nterméde et le
2075 2890 2261 2962 année.
1037 2893 2068 2974 pelite erreur suivante: on adressait ces repro¬
2125 2888 3122 2979 A Vienne, de toutes ces pièces, on n'a en que
87 2914 1027 2988 ie la Tie. On peut corsidérer les deux
1028 2944 2061 3011 ches à Hofmannsthal et on s’efforçait de défen¬
140 2963 1034 3030 côte à côte et reconnaitre en elles la
2072 2953 3124 3037 UInterméde, de Schnitzler. Une splendide ré¬
1029 2985 2066 3061 dre contre lui les autcurs des tragedies anti¬
140 3006 1026 3067 actuelle de développement d’Arthur
2076 2991 3115 3079 présentation au Burgtheater. Au Burgtheater
1040 3037 2062 3090 qucs. On préchait contre l’esthéte éloigné du
95 3055 1024 3122 itzler. L’une, I'Interméde, ne contient rien
2085 3049 3110 3123 on adonné encorc unc pièce funähre, Famille,
1032 3072 2063 3150 commun des mortels et on ne remarquait pas
91 3101 1016 3157 ne événements. Lautre est toute remplie de
2087 3096 3118 3167 de Karl Schonherr. C’est unjeune Tyrolien qui,
1045 3111 2068 3186 combien l'auteur avait rapproché de nous le
2068 3131 3122 3205 dans ses premiers travaux, a montré une éner¬
103 3143 1028 3205 strophes, d’assassinats, de mort et de sang.
1040 3162 2069 3227 vienx mythe. L'absence de sensibilité des dieux
2079 3168 3113 3261 gie dramatique lout à fait surprenante. Une
91 3185 1028 3245 remière montre que rien apparemment, ou
1046 3199 2069 3277 rapides à la vengeance, qui nous irrite si son¬
2080 3215 3117 3298 concision tres forle, un sentiment de la vie in¬
91 3218 1030 3294 Qque rien, n'a besoin de se passer; que des
1040 3247 2071 3308 vent dans les tragédies grecques, a été déve¬
2078 3260 3121 3342 fini. Familte, par contre, a été unc désillusion:
100 3268 1034 3336 ements doux, fins, tres intimes, suffisent
1035 3282 2077 3360 loppée ici dans son sens le plus profond. II
2075 3312 3114 3383 mal construile ct au total ennuyeuse. A part
102 3313 1027 3376 mplir la vie d’un homme. La seconde pièce
1038 3343 2075 3398 n’est d’ailleurs pas longtemps question des
95 3356 1038 3419 ätre, de plus, que des catastrophes considé¬
2083 3350 3125 3415 cela, le Burgthcater a donné encore unc pièce
1029 3366 2069 3445 dieux chez Hofmannsthal. I nest question que
96 3409 1039 3462 es, des faits puissants ne suffisent pas en¬
2074 3393 3128 3468 bizarre, débordante d’esbrit. de Bernard Schaw.
1032 3412 2075 3477 des hommes, des hommes qui sont obscuré¬
97 3453 1028 3505 àformer récllement une grande destinée.
108 3459 2420 3556 évönements qui font explosion les uns j ment liés à la destinée de leurs pèreset deleurs 1le Père perdu.
