3436 4320
1542 159 1997 263 box 24/1
223 172 1405 289 19. Der Ruf des Lebens
2749 1213 3337 1301 neuen Geliebten zur Tür hi
389 1217 2753 1307 Das Drama handelt vom Ruf des Lebens. Das Leben, Mädchen dem Rufe des Lebens folgt, wenn sie einer
1583 1277 2138 1360 erotischen Laune nachgibt.
2750 1274 3340 1350 Respekt vor der Soliditä
399 1265 1580 1355 sagt es, ist so stark und sein Ruf ist so machtvoll, daß
2747 1322 3338 1407 Mannes haben, der im st
1659 1333 2750 1406 Erotische Launen hat Arthur Schnitzler in seinen
402 1312 1577 1407 jeder, an den dieser Ruf eraeht, ihm folgen muß, allen
2749 1366 3308 1444 schießung seiner Geliebten
392 1367 1577 1443 Hindernissen zum Trotz. Der Gedanke ist schön und
1575 1369 2753 1439 Anatol=Szenen dargestellt; und man erfreut sich hier an
2765 1418 3284 1487 er sich selbst erschießt, in
388 1413 1577 1485 wahr; um ihn auszuführen, müßte das Drama den un¬
1571 1430 2757 1501 den heiteren Wirkungen, den geistreichen Paradoxen, die er
2757 1460 3334 1538 dem Selbstmorde liegenden
399 1460 1577 1536 widerstehlichen Rufer in all seiner Stärke und Größe
1574 1478 2763 1535 mit Anmut aus ihnen zu ziehen weiß. Als Motive für
2761 1507 3344 1586 stündchen zu genießen. Uehl
400 1523 1579 1597 zeigen. Und was zeigt es? Ein verliebtes Mädchen, das
1572 1523 2761 1595 solches Scherzspiel leisten sie treffliche Dienste. Aber unbe¬
2757 1559 3334 1622 durch den Obersten. Daß e
391 1576 1576 1638 über die Leiche des eigenen Vaters hinweg zu ihrem
1563 1577 2756 1649 greiflich ist, daß der Dichter glaubt, aus diesen Motiven,
2752 1607 3332 1666 Frau ohneweiters niederkng
396 1599 1571 1683 Buhlen läuft. Gewiß, auch Liebe ist Leben, und des
1585 1624 2756 1674 aus Anatol=Stimmungen und Anatol=Launen, auch
2747 1659 3349 1723 als ein Verfahren von mi
393 1661 1576 1726 Lebens Größe schildert auch ein Drama, das eine große
1571 1668 2764 1727 Tragödien, ganze große Tragödien mit Dolch und Gift
2756 1694 3343 1764 Im dritten Akt wird dann
388 1714 1577 1780 Liebe schildert. In dieser Weise hat lange vor Schnitzler
1576 1719 2758 1780 und allem sonstigen tragischen Zubehör, herleiten zu
2754 1741 3330 1826 um den der Oberst wußte, l
388 1761 1573 1824 ein Dichter das Drama vom Ruf des Lebens geschrieben.
1568 1754 2754 1820 können. In allen Trauerspielen, die Schnitzler während
2752 1795 3289 1853 konstatieren konnte der
389 1801 1582 1869 Wenn Julia, der Feindschaft der Familien zum Trotz, der
1580 1810 2766 1871 ## letzten Jahre geschrieben hat — dieser Autor, den sein
2756 1835 3321 1907 weßhalb er für sich und
397 1841 1583 1930 in jeder Stunde drohenden Todesgefahr nicht achtend, sich
1620 1852 2763 1910 #ter Humor wie keinen anderen auf das Gebiet des
2764 1888 3326 1960 Todesgelübde abgelegt hat.
403 1878 1574 1953 in Romeos Arme stürzt, so folgt sie dem Rufe des
1630 1890 2768 1951 stspiels verweist, läßt nicht davon ab, Trauerspiele zu
2758 1923 3334 1998 das Recht, für den Ehebruch
395 1932 1584 2010 Lebens, und man begreift, daß sie ihm folgen muß, weil
1645 1934 2769 2007 eiben — entwickelt sich die Handlung, mag sie in der
2757 1980 3340 2041 hat, nicht nur die Sünderin
391 1993 1580 2062 in dem Drama die Liebe, von welcher der Ruf des Lebens
1643 1980 2756 2075 zenwart oder in der Renaissance=Zeit spielen immer
2755 2021 3313 2102 Regiment, einige Hundert
2608 2024 2763 2102 rdie
400 2033 1582 2110 ergeht, in ihrer Allgewalt geschildert ist — geschildert von
1657 2028 2695 2111 aus Launen und Stimmungen nach Anatol=Art,“
2748 2073 3306 2148 daten und Offiziere, mit de
398 2086 1580 2158 der poetischen Allgewalt eines Dichters ohnegleichen. Man
1632 2089 2759 2170 ürlich völlig unzureichend sind, um die tragischen Wir¬
2761 2113 3334 2179 Unmöglichkeiten des Stück
389 2131 1589 2203 wird von Schnitzler cherlich nicht verlangen, daß er
1643 2128 2767 2196 zen zu begründen, die der Dichter aus ihnen ziebt. An
2753 2161 3341 2248 möglichste, von seinen morh
401 2174 1580 2235 dichtet, wie Shakespeare. Johl aber darf man beanspruchen,
2757 2210 3065 2293 geheuerlichste.
396 2228 1593 2281 daß in einem Drama, das von der Macht der Liebe
1644 2232 2761 2293 eniger Zeit Schnitzlers ganzes dramatisches Schaffen.
405 2275 1594 2345 handelt, die Liebe in einer Größe erscheint, die es
1649 2279 2777 2330 demselben Mißverhältnis geht auch sein neues Drama¬
2837 2261 3338 2355 Dieser wegen eines E
401 2306 1594 2386 ermöglicht, an ihre Macht zu glauben. In dem
2759 2314 3314 2394 Massenmord — denn das
1668 2324 2774 2400 Grunde. Die Heldin dieses Dramas soll. tragisch
402 2360 1598 2439 Schnitzlerschen Drama jedoch macht die Liebe nirgends den
2762 2364 3303 2433 den letzten Mann getötet¬
1644 2373 2724 2453 #ten. Doch was das Drama von den Vorgängen
400 2407 1596 2472 Eindruck der Größe; sa sie macht nicht einmal den Ein¬
1653 2437 2774 2503 Seele der Heldin mitteilt, reicht absolut nicht hin, um
2758 2420 3331 2493 Klarheit, daß das Drama,
400 2464 1585 2524 druck der Liebe. Ein Mädchen hat einen Mann ein
1642 2459 1702 2523 e
1671 2469 2766 2542 Handlungsweise zu motivieren. Und dieses Mädchen,
2759 2469 3332 2546 auch an einer Unterschätzun
401 2494 1594 2572 einzigesmal, nur wenige Stunden lang, gesehen; und
1586 2512 2775 2576 ##s ihren Vater tötet, um eine erotische Laune zu be¬
2769 2514 3321 2590 Autor den Tod so häufig
397 2557 1579 2622 noch eine lange Zeit nach dieser Begegnung ist ihr ganzes
1587 2563 2751 2643 fidigen, wirkt nicht tragisch, sondern nur peinlich und
2767 2563 3282 2624 tisches Auskunftsmittel, d
404 2601 1587 2659 Wesen beherrscht von dem Wunsche, sich diesem Manne,
1569 2594 1822 2688 #estoßend.
2757 2607 3320 2682 eine nach der anderen sterbe
396 2652 1593 2717 den sie kaum kennt, hinzugeben, selbst wenn sie, nachdem
2768 2659 3269 2722 ganz willkürlich sterben I
1656 2646 2748 2729 Ein Mädchen, wie Marie, hat niemals existierk und
398 2706 1587 2757 sie ihm einmal gehört hat, ihn nie mehr wiedersehen sollte.
2769 2705 3335 2781 vierung, steht nicht im Ein
1577 2689 2766 2775 kann niemals existiert haben. Die anderen Hauptfiguren
408 2746 1583 2810 Mit dem schönen Wort „Liebe“ kann man diese Regung
2760 2747 3330 2824 und mit dem Respekt, den
1575 2754 2764 2827 des Dramas sind nicht weniger unwahr und nicht weniger
411 2789 1590 2852 der Sinne wohl kaum benennen, die eher ein eigentüm¬
2767 2806 3285 2883 dieser Größe schuldet.
1587 2812 2769 2879 unangenehm. Der Vater, der ein sadistisches Vergnügen
400 2832 1578 2903 liches Gelüste, eine seltsame erotische Laune ist, deren
2770 2845 3344 2914 über den Tod auch der Di
1572 2852 2765 2926 darin findet, sein Kind, das ihn mit hingebender Liebe
405 2887 1580 2951 ganze Abnormität noch durch die Tatsache dargetan wird,
2760 2891 3330 2973 dem Gespräch zwischen de
1578 2897 2771 2953 pflegt, dadurch seelisch zu martern, daß er es Jahre hin¬
407 2934 1589 3000 daß das Mädchen, nur um dieses Gelüstes Willen, Herz
1586 2931 2772 3019 durch in seinem Krankenzimmer eingesperrt hält, ist ein
2753 2936 3341 3022 Albrecht im zweiten Akt w
406 2977 1595 3047 und Hand eines anderen Mannes zurückweist, der sie
1586 2994 2764 3062 moralisches Ungeheuer. In moralischer Beziehung nicht
2767 2995 3319 3075 reiches gesagt — es bleibt
410 3033 1588 3095 glücklich machen würde. Und es ist doch wirklich eine
1583 3038 2762 3105 höher zu achten ist der Offizier, Mariens Auserwählter.
2756 3036 3326 3120 diesem Drama nirgends di
401 3092 2762 3139 unmögliche Behauptung, wenn der Dichter erklärt, daß Er steht dabei, wie seine Geliebte erschossen wird; und
2760 3090 3297 3163 weder in der Art, wie ge
412 3131 3330 3232 ein abnormer Sexualtrieb das Leben ist, daß das nicht fünf Minuten später läuft er Arm in Arm mit einer über das Sterben gesproche
