3484 4352
324 149 1499 269 19. Der Ruf des Lebens
1639 170 2087 267 box 24/2
1639 1396 2342 1496 Die Berliner Theater.
1881 1483 2089 1563 —
2171 1547 2727 1634 Berlin, 7. April 1906.
1266 1618 2819 1681 Die diesmalige Spielzeit der Berliner Theater seit dem Anfang September 1905
1186 1676 2818 1742 gehört trotz der Mannigfaltigkeit ihrer Darbietungen in literarischer Hinsicht zu den
1185 1711 2820 1797 unergiebigsten und unerfreulichsten. Theatralisch hat sie wenigstens mit dem Gast¬
1196 1764 2817 1840 spiel des Moskauer Theaters in dem Berliner Theater während des Monats März
1184 1812 2821 1883 1906 einen Erfolg zu verzeichnen: das deutsche Publikum wurde dadurch mit der
1192 1861 2810 1926 Kunst und der Bühneneinrichtung einer hoch entwickelten russischen Schauspieler¬
1195 1917 2825 1987 =gesellschaft bekannt, die in der Inszenierung der Stücke und in dem Zusammenspiel
1177 1957 2831 2022 hei weitem alles übertraf, was wir bisher von italienischen, französischen, englischen
1194 2000 2814 2082 (und holländischen Gesellschaften gesehen hatten. Unsre eigene dramatische und schau¬
1198 2061 2818 2130 spielerische Kunst ist dagegen im Vergleich zu ihrem Reichtum und ihrer Blüte
887 2017 978 2148 7
1191 2095 2815 2156 während der neunziger Jahre zum Stillstand gekommen; die Dichter und die Schau¬
1192 2139 2829 2205 spieler atmen langsamer und schwerer; der Nachwuchs ist ganz ausgeblieben. Denn
1200 2183 2831 2263 die Klage, daß wirkliche dramatische Talente nicht auf die Bühne gelangen könnten,
929 2125 1142 2274 ∆
1206 2240 2825 2305 weil die Leiter der Theater sich allen Erstlingsarbeiten gegenüber ablehnend ver¬
1197 2283 2824 2358 hielten, ist heute bei dem Wettkampf so vieler Theater um ihre Existenz noch gegenstands¬
1202 2326 2835 2386 loser geworden, als sie es schon früher war. Wer auch nur einen flüchtigen Blick
1203 2377 2838 2441 in ein und ein andres Dutzend sogenannter Buchdramen wirft oder von dem Resultat
1201 2439 2833 2496 gelegentlicher dramatischer Preisbewerbungen Notiz nimmt, merkt bald, daß die
1197 2478 2837 2535 Bühnen Berlins das Brauchbare sehr wohl von der Spreu zu unterscheiden wissen.
1206 2520 2837 2581 So wagemutig, wie sie die Dichter gern wünschten, können sie beim besten Willen
1209 2564 2839 2627 nicht sein; ein Spatz von Gerhart Hauptmann ist ihnen lieber als eine Taube, die
1205 2611 2830 2683 ihnen ein neuer Ankömmling verspricht; denn der Spatz hat unter allen Umständen
1212 2656 2830 2724 sein Publikum, die Taube soll sich erst eins gewinnen. Und dies ist um so
1213 2698 2837 2785 schwerer, je mehr dem Publikum durch Übertreibungen und Überfeinerungen der
1210 2762 2838 2830 Bühneneinrichtungen auf der einen und der Sensationssucht und Verzwicktheit der
1209 2811 2831 2868 Dichtungen auf der andern Seite die Naivetät und die Genußfreudigkeit, der Sinn
1218 2847 2844 2925 für das Einfache und das Große verloren gegangen ist. Das realistische Stoffgebiet
1207 2895 2831 2960 ist beinahe erschöpft; die Leiden der kleinen Leute, die Trauerspiele im Keller sind
1217 2962 2847 3017 altmodisch geworden, und die neue Kunst mit ihren Stimmungsreizen und symbolischen
1209 2986 2846 3038 Geheimnissen schwankt noch, mehr unter Schemen als unter Menschen, ungewiß
1208 3036 2849 3109 tastend hin und her. Die Geschichte, der vornehmste und reichste Boden für die
1211 3082 2835 3145 dramatische Dichtung bei allen Völkern, gibt in der Hauptsache nur noch für das Buch¬
1221 3147 2841 3193 drama eine Ernte ab; auf den Berliner Bühnen ist diesmal kein neues historisches
1217 3180 2842 3252 Drama, selbst wenn man den Begriff noch so weit faßt, zur Aufführung gelangt.
1319 3229 2839 3287 Hier vor allem wäre es die Pflicht des Königlichen Schauspielhauses einzutreten.
1215 3280 2849 3352 Der neue Intendant der königlichen Schauspiele, Georg von Hülsen, ist in seiner nun¬
1222 3320 2844 3396 mehr dreijährigen Tätigkeit sowohl im Opern= wie im Schauspielhause durch bauliche
1224 3357 2846 3441 Veränderungen vielfach gehemmt worden. Aus dem Stillstand, in dem sich das
