3484 4256
1486 143 2028 269 box 24/4
254 162 1420 284 19. Der Ruf des Lebens
1684 1180 2650 1227 hören. Es war nicht immer die Sprache des Lebens,
1658 1226 2725 1286 der sie klang, es waren oft vom dramatischen Zweck des
1667 1265 2732 1312 Ganzen isolierte Buchgedanken, denen sie Ausdruck lieh,
1664 1292 2716 1348 aber immerhin, es war die Sprache eines Dichters und
1651 1330 2732 1396 wir hörten sie gern. Und wer dafür nicht genügend Ohr
1661 1369 2726 1434 hatte, der konnte sich an der Fülle der äußeren Begeben¬
1655 1413 2728 1469 heiten, die in den ersten beiden Akten des Stückes zusam¬
1653 1448 2717 1503 mengebrängt sind, schadlos halten. Der erste Akt, der
1660 1484 2719 1552 eigentlich ein Stück für sich allein ist, entrollt die Geschichte
1669 1529 2731 1573 einer von ihrem alten, kranken Vater, einem sterbenden.
1657 1566 2732 1628 Teufel, gepeinigten Tochter, von dem sie sich durch die Ver¬
1661 1610 2733 1667 abreichung „schlafbringender“ Tropfen befreit, um dem
1665 1642 2735 1696 „Ruf des Lebens“ wie sie ihn. versteht, Folge zu leisten.
1657 1671 2735 1750 Dem jungen Leutnant, der am andern Morgen mit seinem
1662 1727 2732 1776 — zur Tilgung einer alten Schmach — dem Tod geweihten
1657 1767 2724 1819 Regiment in den Kampf ziehen soll, gewährt sie noch eine
2141 1799 2720 1855 im zweiten Akt — wird sie in
1661 1799 2116 1855 Liebesnacht. Aber erst —
1666 1835 2733 1890 dem Versteck in seinem Zimmer noch Zeuge einer krassen
1669 1882 2739 1944 Szene, wic der Oberft des Leutnants seine treulose Frau,
1652 1920 2725 1977 die er bei dem ihren Verlockungen widerstrebenden Leut¬
1658 1954 2725 2009 nant überrascht, erschießt. Daß der Leutnant sich dann,
1654 1994 2716 2051 nach genossenem flüchtigen Liebesglück selbst erschossen hat,
1665 2031 2722 2078 hören wir in dem gedankenreichen, aber dramatisch schwäch¬
1667 2070 2727 2121 sten dritten Akt. Da kehrt auch die verschollen gewesene
1663 2105 2720 2180 Katharina, Mariens junge Verwandte, die der verführe¬
1674 2152 2721 2204 rische „Ruf des Lebens“ auf sündige Irrwege gelockt hat,
1681 2179 2727 2240 terbend heim, und der Arzt, Doktor Schindler, dem
1684 2233 2725 2282 chnitzler (man erinnert sich, daß er selbst Arzt war)
1683 2260 2729 2317 erine Gedanken über Tod und Leben in den Mund legt,
807 2266 1578 2361 Theater und Kunst.
1668 2294 2722 2364 spricht seine milden Worte dazu, die von einer seltsamen
690 2299 814 2382 ##)
897 2322 1429 2377 Breslauer Sommertheater.
678 2364 1665 2429 Freitag, den 20. August: „Der Ruf des Lebens“
1681 2380 2725 2439 Das alles ist, wie gesagt, kein dramatisches Meisterwerk.
701 2390 1665 2462 Arthur Schnitzlers Schauspiel „Der Ruf des Lebens“
1680 2427 2726 2469 aber doch die stimmungsreiche Schöpfung eines Poeten, die
601 2439 1674 2494 ist, wenn das Wort hier erlaubt ist, ein Outsider unter
1673 2458 2735 2522 uns vorgeführt zu haben, wir Herrn Direktor Ziegel Dank
622 2489 1661 2543 den dramatischen Werkn des feinen und doch starken Wie¬
1673 2501 1824 2563 wissen.
627 2525 1676 2578 ner Poeten. Rein äußerlich betrachtet, arbeitet es mit
633 2558 1677 2622 zum Teil recht krassen und groben Effekten, wie sie sonst
1743 2541 2729 2622 Die Aufführung erfüllte nicht alle Wünsche, jedoch
627 2593 1669 2650 nur in mehr auf Sensationswirkung berechneten Stücken
1670 2590 2743 2652 wurden die Hauptdarsteller, insbesondere Herr Nun¬
629 2650 1626 2695 angewandt werden, formell und bühnentechnisch ist's -
1673 2639 2735 2688 berg als der bösartige alte sterbende Moser, Fr. Hor¬
609 2679 1668 2737 wenn man von dem dramatisch straff gefaßten ersten Akt
1673 2679 2730 2736 witz als seine TochterMarie und Herr Ziegel als Oberst
614 2713 1673 2765 absieht — kein Meisterwerk und läßt die sonst so sorgsam
1677 2716 2731 2773 den Anforderungen ihrer wirksamen Rollen völlig, und die
616 2760 1668 2824 ausfeilende und glättende Hand des Autors vermissen, und
1676 2754 2737 2817 Herren Kober als Leutnant Max und Keßler als Forst¬
627 2794 1673 2854 zudem ist's mit einer schweren Fracht von Gedanken — oft
1673 2798 2730 2850 adjunkt Rainer den ihrigen im wesentlichen gerecht. Die
641 2836 1662 2888 sehr schönen, wenn auch nicht immer neuen Gedanken —
1666 2832 2728 2884 schwer zu erfassende Rolle der sterbenden „Sunderin“ Ka¬
2409 2875 2729 2929 wenn man von
621 2872 1665 2918 von Tod und Leben belastet, die der Leser des Buches
1677 2871 2370 2920 thaxina hatte sich Frl. Rakaricz —
1672 2913 2724 2965 ihren Spracheigentumlichkeiten einmal absieht — in eine#
630 2914 1677 2963 lieber als — im Durchschnitt — der Theaterbesucher ent¬
635 2955 1666 3003 gegennimmt. Trotz dieser Mängel ist's und bleibt's aber
1684 2987 2735 3042 sie schließlich doch an der verzwickten Aufgabe scheiterte, so
638 2993 1671 3040 ein Stück von wertvollem Kern, ein „nachdenkliches“
641 3018 1682 3086 Werk, aus dem einem das eine oder andere Wort in der
1676 3031 2728 3081 war's ein Scheitern in Ehren. Die übrigen Darsteller ver¬
630 3070 1672 3109 Seele nachklingt. Nach so manchem wertlosem Zeug, das
1672 3061 2731 3124 darben gerade nichts. Nach dem eindrucksvollen ersten Akt
2392 3089 2733 3161 in dem gleichen
630 3109 2307 3152 mian im Verlaufe einer Sommertheatersaison zwangsweise war der Beifall lebhaft, um dann
628 3149 2731 3217 genießen muß, ist's einem eine seelische Wohltat, wieder Grade, wie die dramatische Wirkung des Stückes — nach
2521 3176 2735 3250 M. M
622 3197 1861 3259 lemal die Surache eines Dichters auf der Bühne zu #zulassen.
