3484 4352
1396 452 1724 539 Telephon 12.801
852 553 1490 667 „UBSLN
609 670 1715 726 I. öst behördl. konz. Unternehmen für Zeitungs-Ausschnitte
831 706 1514 804 Wien, I. Konkordiaplatz 4
953 792 1371 880 Vertretungen
614 831 1703 926 in Berlin, Budapest, Chicago, Christiania, Genf, Kopen¬
607 899 1710 957 hagen, London, Madrid, Mailand, Minneapolis, New-Vork,
601 951 1716 1014 Paris, Rom, San Francisko, Stockholm, St. Petersburg
929 982 1394 1042 (Quellenangabe ohne Gewähr)
603 1024 960 1113 Husschnitt aus:
948 1047 1383 1157 Salzburger 1
1482 1072 1654 1168 latt
589 1106 1008 1195 vom:15. 12.1909
1072 1254 1532 1325 Der Ruf des Lebens.
830 1303 1789 1399 (Schauspiel in drei Aufzügen von Arkur Schnitzler.)
844 1371 1814 1435 Man muß es der Direktion des Deutschen Volks¬
766 1396 1815 1484 theaters hecy anrechnen, daß sie ab und zu das Werk
779 1470 1821 1538 eines deutschen Dichters auf ihre Bühne stellt. Denn
783 1517 1827 1577 die übrigen bürgerlichen Privatbühnen Wiens pflegen
776 1572 1826 1630 ja fast nur mehr französische oder slawische Kunst.
779 1614 1835 1701 Warum auch nicht? Die Deutschen, ohne Unterschied
769 1659 1834 1745 der Parteizugehörigkeit, finden das in der Ordnung.
769 1720 1835 1780 Man hai ja jetzt so vor kurzem eine Woche hindurch
781 1778 1840 1832 Schiller gefeiert und wird ihm in fünfzig Jahren ganz
779 1813 1835 1889 bestimmt wiederum die gleichen Ehren erweisen.
768 1861 1835 1911 Inzwischen aber will man sich in der kurzen Spanne
768 1917 1827 1986 Zeit bis zur nächsten Jubelfeier des deutschen Dichter¬
760 1974 1826 2037 heros auch ein bißchen an französischen Zoten ver¬
768 2000 1833 2077 gnügen. Und derartige Vorstellungen stärken das
775 2054 1834 2125 Nationalbewußtsein im eigene: Volke! Dann gibt es
776 2088 1841 2177 immerhin ein Burgtheater, das der Tradition gemäß
773 2168 1836 2223 deutsche Kunst in den Vordergrund stellt. Und es gibt
781 2217 1837 2266 außerdem noch eine freie Volksbühne, eine Schöpfung
775 2250 1841 2321 der sozialdemokratischen Partei, die zum Unterschied
778 2306 1832 2381 von den bürgerlichen Bühnen in fast ausschließlicher
763 2339 1838 2423 Weise hervorragende Werke germanischer Dichter zur
766 2387 1841 2482 Aufführung bringt und somit einem bestehenden
764 2450 1652 2529 n## nalen Kulturbedürfnis Rechnung trägt.
829 2500 1839 2571 Man muß also dem Deutschen Volkstheater wirk¬
763 2534 1835 2598 lich dankbar sein, daß es uns aus eigener Initiative
777 2599 1829 2660 ein Werk des feinsten Wiener Dichters in einer
760 2649 1834 2720 geradezu meisterhaften Darstellung geboten hat. Der
762 2696 1834 2752 Ruf des Lebens, dieses eigenartigste Werk Schnitz¬
766 2733 1828 2818 lees, hat seltsamer Weise in Berlin versagt. Das
761 2793 1821 2845 Berliner Publikum, das den heimatlosen deutschöster¬
762 2839 1829 2905 reichischen Dramatikern auf seinen Bühnen jenes
764 2890 1821 2951 Gastrecht gewährt, das die Deutschen in Oesterreich
770 2941 1819 2988 in überschwänglichem Maße den französischen und
761 2982 1823 3056 klawischer autoren einräumt, hat ausnahmsweise den
766 3036 1820 3103 Ruf des Lebens abgelehnt. Das ereignete sich vor
768 3083 1830 3149 drei Jahren. Und nun schien das Werk Schnitzlers
770 3138 1837 3208 für die Bühne verloren zu gehen. Da aber wagte zu
777 3184 1833 3242 Beginn der Saison Neumann in Prag eine Wieder¬
770 3229 1829 3294 belebung. Neumanns Ruf als Direktor ist aus der
771 3285 1831 3338 Kampfzeit Richard Wagners sehr begründet. Er ist
766 3332 1821 3385 eine der würdigen Ausnahmen unter den deutsch¬
778 3353 1829 3426 österreichischen Provinzdirektoren — man kann noch
771 3422 1818 3480 Graz und in jüngster Zeit Salzburg nennen —,
767 3466 1838 3542 die den Mut besitzen, deutsche Kunst auf deutschen
761 3518 1839 3602 Bühnen zu pflegen. Neumanns Wiederbelebung des
774 3570 1829 3640 Schnitzlerschen Werkes war von Erfolg gekrönt. Und
770 3619 1827 3696 dieser große Erfolg blieb dem Stücke auch bei der
779 3675 1715 3728 samstägigen Aufführung im Volkstheater treu.
840 3710 1830 3791 Es spielt um die Mitte des vorigen Jahrhunderts
756 3767 1832 3840 in Wien. Das Regiment der blauen Kürassiere, das
772 3825 1829 3880 vor dreißig Jahren durch die Flucht vor dem Feinde
765 3873 1830 3943 die entscheidende Niederlage verschuldete, will zur
779 3924 1831 3988 Sühne auf dem Schlachtfelde, auf das es jetzt gerufen
763 3953 1829 4049 wird, bis auf den letzten Mann bleiben. Die Offiziere
772 4019 1810 4069 und die ganze Mannschaft geloben dies in einem frei¬
773 4069 1813 4126 willig gegebenen Schwur. Niemand ahnt, daß noch
761 4090 1828 4192 ein Ueberlebender jener Schmach existiert. Es ist der
1839 179 2885 233 fürchterlichen Lage. Und nun reiten die bleuen
1847 222 2888 287 Kürassiere unter den Fenstern der Marie vorüber.
1829 271 2888 344 Da verniemt auch sie den Ruf de Lebens. Und als
1843 311 2883 383 sie von ihrer Cousine Katharina hört, daß ihr Herz¬
1824 372 2896 432 liebster unter den Abziehenden nicht war, daß en erst
1829 415 2896 463 morgen früh mit seiner Schwadron dem sicheren Tod
1836 462 2896 527 entgegenreitet, gibt es für sie kein Bleiben mehr bei
1827 488 2885 574 dem alten Mann, aus dessen Mund sie noch dazu ver¬
1835 549 2892 615 nommen, daß er derjenige ist, der den Schwur der
1829 583 2895 672 blauen Kürassiere verschuldete. Um sich von dem
1832 643 2883 708 Alten zu befreien, der sie zu sich in seinem Zimmer
1837 701 2887 768 einsperrt, gießt sie das Fläschchen Gift, das ihr der
1825 737 2889 809 Arzt anvertraut hatte, ganz in das Wasserglas aus.
1818 808 2881 860 Der Alte trinkt und stirbt. Sie aber eilt vimn der
1833 846 2886 892 Leiche weg zu ihrem Liebsten, muß in dessen Woh¬
1840 890 2887 953 nung, von einem Vorhang gedeckt, die Liebestragödie
1828 930 2897 1001 des jungen Offiziers miterleben, muß sehen, wie der
1827 974 2883 1053 Oberst sein junges Weib niederknallt und ihrem Herz¬
1827 1023 2885 1104 liebsten den Selbstmord aufzwingt. Da stürzt sie in
1829 1078 2893 1127 seine Arme, mit ihm an der Leiche der jungen Frau
1825 1129 2880 1196 vorüber, hinaus in die Nacht, dem stürmischen Ruf
1827 1173 2880 1251 des Lebens gehorchend. Der dritte Akt, dramatisch
1826 1214 2878 1299 der schwächste, aber lyrisch der stimmungsvollste, be¬
1828 1283 2884 1337 steht nur mehr aus Reflexionen. Er konnte dem Er¬
1830 1325 2887 1389 folg der vorausgegangenen Akte keinen Eintrag mehr
1835 1370 2878 1435 tun. Darsteller und Dichter wurden unzähligemale
1832 1426 2872 1486 gerufen. Es steht zu hoffen, daß „der Ruf des Lebens“.
1837 1465 2394 1531 auch in der Provinz erklingt.
2673 1474 2844 1540 g.ist.
