<?xml version="1.0" encoding="UTF-8" standalone="yes"?>
<PcGts xmlns="http://schema.primaresearch.org/PAGE/gts/pagecontent/2013-07-15" xmlns:xsi="http://www.w3.org/2001/XMLSchema-instance" xsi:schemaLocation="http://schema.primaresearch.org/PAGE/gts/pagecontent/2013-07-15 http://schema.primaresearch.org/PAGE/gts/pagecontent/2013-07-15/pagecontent.xsd">
    <Metadata>
        <Creator>prov=University of Rostock/Institute of Mathematics/CITlab/Gundram Leifert/gundram.leifert@uni-rostock.de:name=ONB_Newseye_GT_M1+(htr_id=10810)::::v=2.4.2
prov=University of Rostock/Institute of Mathematics/CITlab/Tobias Gruening/tobias.gruening@uni-rostock.de:name=de.uros.citlab.module.baseline2polygon.B2PSeamMultiOriented:v=2.4.2
prov=University of Rostock/Institute of Mathematics/CITlab/Tobias Gruening/tobias.gruening@uni-rostock.de:name=/mnt/transkribus/LA/DEA/URO/LA_news_onb_att.pb:de.uros.citlab.segmentation.CITlab_LA_ML:v=2.4.2
Transkribus</Creator>
        <Created>2019-10-07T11:21:47.463+02:00</Created>
        <LastChange>2019-10-08T11:17:03.461+02:00</LastChange>
        <TranskribusMetadata docId="223969" pageId="9498758" pageNr="518" tsid="16538249" status="IN_PROGRESS" userId="40391" imgUrl="https://files.transkribus.eu/Get?id=UAEPSKPKBNVKHIOZVQGKXQIB&amp;fileType=view" xmlUrl="https://files.transkribus.eu/Get?id=ZVYCQBDXQPJLLWJDABZBLEFY" imageId="6188980"/>
    </Metadata>
    <Page imageFilename="223969_0518.jpeg" imageWidth="3436" imageHeight="4352">
        <ReadingOrder>
            <OrderedGroup id="ro_1711451545710" caption="Regions reading order">
                <RegionRefIndexed index="0" regionRef="r1"/>
                <RegionRefIndexed index="1" regionRef="r2"/>
            </OrderedGroup>
        </ReadingOrder>
        <TextRegion orientation="0.0" id="r1" custom="readingOrder {index:0;}">
            <Coords points="281,466 281,3188 2017,3188 2017,466"/>
            <TextLine id="r1l1" custom="readingOrder {index:0;}">
                <Coords points="1571,495 1718,495 1743,511 1853,490 1877,504 1948,492 2026,511 2026,445 1990,426 1899,447 1855,426 1769,458 1696,436 1657,453 1603,431 1571,448"/>
                <Baseline points="1579,489 1604,490 1630,491 1656,492 1682,493 1707,494 1733,494 1759,494 1785,494 1810,494 1836,494 1862,494 1888,493 1913,492 1939,492 1965,492 1991,491 2017,490"/>
                <TextEquiv>
                    <Unicode>box 24/5</Unicode>
                </TextEquiv>
            </TextLine>
            <TextLine id="r1l2" custom="readingOrder {index:1;}">
                <Coords points="1089,502 1099,505 1121,504 1136,506 1140,453 1129,454 1128,452 1126,454 1117,443 1113,443 1108,439 1093,438"/>
                <Baseline points="1097,498 1128,500"/>
                <TextEquiv>
                    <Unicode>L</Unicode>
                </TextEquiv>
            </TextLine>
            <TextLine id="r1l3" custom="readingOrder {index:2;}">
                <Coords points="692,509 753,507 755,465 747,465 724,445 695,445"/>
                <Baseline points="701,498 745,500"/>
                <TextEquiv>
                    <Unicode>R</Unicode>
                </TextEquiv>
            </TextLine>
            <TextLine id="r1l4" custom="readingOrder {index:3;}">
                <Coords points="272,518 1410,531 1410,442 1202,440 1134,501 923,443 854,501 720,510 517,444 461,483 272,464"/>
                <Baseline points="281,508 337,512 393,516 449,519 505,520 561,521 617,522 673,522 729,521 785,520 841,519 897,517 953,516 1009,514 1065,513 1121,512 1177,511 1233,511 1289,512 1345,513 1402,515"/>
                <TextEquiv>
                    <Unicode>19. Der des ebens</Unicode>
                </TextEquiv>
            </TextLine>
            <TextLine id="r1l5" custom="readingOrder {index:4;}">
                <Coords points="460,2080 833,2112 886,2083 1199,2085 1368,2054 1366,2008 459,2053"/>
                <Baseline points="469,2097 513,2094 558,2091 602,2089 647,2087 691,2086 736,2084 780,2082 825,2081 869,2080 914,2079 958,2078 1003,2077 1047,2076 1092,2074 1136,2073 1181,2072 1225,2070 1270,2068 1314,2066 1359,2063"/>
                <TextEquiv>
                    <Unicode>Käre unser Schauspielhaus der rechte Rahmen.</Unicode>
                </TextEquiv>
            </TextLine>
            <TextLine id="r1l6" custom="readingOrder {index:5;}">
                <Coords points="549,2177 1702,2136 1701,2102 1479,2083 1089,2127 954,2096 548,2123"/>
                <Baseline points="558,2176 614,2172 671,2169 728,2166 785,2163 841,2161 898,2159 955,2156 1012,2155 1068,2152 1125,2151 1182,2149 1239,2148 1295,2146 1352,2145 1409,2144 1466,2142 1522,2141 1579,2139 1636,2138 1693,2137"/>
                <TextEquiv>
                    <Unicode>(Der Ruf des Lebens.) Kino im Schmitzler=Dialog. Bei</Unicode>
                </TextEquiv>
            </TextLine>
            <TextLine id="r1l7" custom="readingOrder {index:6;}">
                <Coords points="476,2215 1688,2193 1697,2154 475,2188"/>
                <Baseline points="485,2219 545,2216 605,2212 665,2210 725,2207 786,2205 846,2203 906,2201 966,2199 1026,2197 1087,2196 1147,2194 1207,2193 1267,2191 1327,2189 1388,2187 1448,2185 1508,2183 1568,2180 1628,2178 1689,2175"/>
                <TextEquiv>
                    <Unicode>zwei so unvereinbaren Dingen muß mindestens eines leiden.</Unicode>
                </TextEquiv>
            </TextLine>
            <TextLine id="r1l8" custom="readingOrder {index:7;}">
                <Coords points="489,2267 1660,2229 1698,2188 658,2202 488,2243"/>
                <Baseline points="497,2256 556,2252 616,2250 675,2247 735,2245 795,2243 854,2241 914,2239 974,2237 1033,2235 1093,2234 1153,2232 1212,2231 1272,2229 1332,2227 1391,2226 1451,2223 1511,2221 1570,2219 1630,2216 1690,2214"/>
                <TextEquiv>
                    <Unicode>In der Tat kommen beide zu kurz. Das Kino, das die derbe</Unicode>
                </TextEquiv>
            </TextLine>
            <TextLine id="r1l9" custom="readingOrder {index:8;}">
                <Coords points="1756,2254 1766,2255 1777,2250 1780,2253 1800,2256 1802,2254 1808,2259 1818,2253 1826,2255 1831,2224 1822,2223 1820,2225 1816,2220 1811,2220 1803,2213 1775,2221 1761,2219"/>
                <Baseline points="1765,2248 1791,2250 1817,2256"/>
                <TextEquiv>
                    <Unicode></Unicode>
                </TextEquiv>
            </TextLine>
            <TextLine id="r1l10" custom="readingOrder {index:9;}">
                <Coords points="487,2288 1590,2275 1701,2257 1700,2222 486,2266"/>
                <Baseline points="496,2295 555,2293 615,2291 675,2289 735,2287 795,2285 854,2283 914,2281 974,2278 1034,2276 1094,2274 1153,2272 1213,2270 1273,2268 1333,2266 1393,2264 1452,2262 1512,2260 1572,2259 1632,2257 1692,2256"/>
                <TextEquiv>
                    <Unicode>Technik eines Philippi verlangen würde, und Schnitzlers geist¬</Unicode>
                </TextEquiv>
            </TextLine>
            <TextLine id="r1l11" custom="readingOrder {index:10;}">
                <Coords points="489,2342 1488,2303 1803,2331 1846,2276 488,2313"/>
                <Baseline points="497,2333 564,2334 631,2333 698,2332 765,2330 832,2328 899,2325 966,2322 1033,2318 1100,2315 1168,2311 1235,2308 1302,2306 1369,2303 1436,2302 1503,2301 1570,2301 1637,2303 1704,2305 1771,2309 1839,2315"/>
                <TextEquiv>
                    <Unicode>reicher Dialog, der von der Fülle der Kolportagemotive erschlagens 2</Unicode>
                </TextEquiv>
            </TextLine>
            <TextLine id="r1l12" custom="readingOrder {index:11;}">
                <Coords points="486,2375 1756,2340 1754,2309 1532,2302 485,2345"/>
                <Baseline points="495,2377 557,2376 620,2374 682,2373 745,2371 808,2368 870,2366 933,2363 995,2361 1058,2358 1121,2356 1183,2353 1246,2351 1308,2348 1371,2345 1434,2343 1496,2341 1559,2339 1621,2338 1684,2336 1747,2335"/>
                <TextEquiv>
                    <Unicode>wird. Gistmord, Pistolenschuß, Vatermord, Rache an der un¬—</Unicode>
                </TextEquiv>
            </TextLine>
            <TextLine id="r1l13" custom="readingOrder {index:12;}">
                <Coords points="493,2426 1861,2403 1860,2357 1792,2335 492,2380"/>
                <Baseline points="501,2414 568,2415 636,2414 703,2413 771,2411 839,2408 906,2405 974,2401 1041,2397 1109,2393 1177,2390 1244,2387 1312,2384 1379,2382 1447,2381 1514,2382 1582,2383 1650,2385 1717,2390 1785,2396 1853,2404"/>
                <TextEquiv>
                    <Unicode>treuen Frau, Selbstmord des Betrügers, freiwilliger Massenmord= ##</Unicode>
                </TextEquiv>
            </TextLine>
            <TextLine id="r1l14" custom="readingOrder {index:13;}">
                <Coords points="494,2456 1769,2416 1727,2375 493,2427"/>
                <Baseline points="503,2454 565,2454 628,2453 691,2451 754,2449 817,2447 880,2445 943,2442 1006,2439 1069,2437 1132,2433 1194,2431 1257,2428 1320,2426 1383,2424 1446,2422 1509,2421 1572,2420 1635,2419 1698,2419 1761,2420"/>
                <TextEquiv>
                    <Unicode>eines Kürassierregimentes, um die vor 30 Jahren befleckten</Unicode>
                </TextEquiv>
            </TextLine>
            <TextLine id="r1l15" custom="readingOrder {index:14;}">
                <Coords points="501,2503 1768,2456 1645,2418 499,2461"/>
                <Baseline points="509,2495 571,2493 634,2492 696,2490 759,2487 821,2485 884,2483 946,2481 1009,2478 1071,2476 1134,2473 1196,2471 1259,2468 1321,2466 1384,2464 1446,2462 1509,2459 1571,2457 1634,2455 1696,2454 1759,2452"/>
                <TextEquiv>
                    <Unicode>Fahnenehre reinzuwaschen, heiße Liebesnacht vor dem Aus—</Unicode>
                </TextEquiv>
            </TextLine>
            <TextLine id="r1l16" custom="readingOrder {index:15;}">
                <Coords points="496,2544 1585,2512 1753,2461 495,2501"/>
                <Baseline points="505,2535 567,2534 629,2532 691,2530 753,2528 815,2526 877,2523 939,2521 1001,2518 1063,2515 1125,2513 1187,2511 1249,2508 1311,2506 1373,2504 1435,2503 1497,2501 1559,2500 1621,2499 1683,2499 1745,2499"/>
                <TextEquiv>
                    <Unicode>marsch, sie direkt von der Leiche des Vaters, er von der Bahre—</Unicode>
                </TextEquiv>
            </TextLine>
            <TextLine id="r1l17" custom="readingOrder {index:16;}">
                <Coords points="496,2588 1593,2537 1861,2563 1810,2504 1624,2496 495,2542"/>
                <Baseline points="505,2573 572,2573 639,2573 707,2571 774,2569 842,2566 909,2563 976,2560 1044,2557 1111,2554 1179,2551 1246,2547 1313,2545 1381,2543 1448,2541 1516,2540 1583,2540 1650,2540 1718,2542 1785,2545 1853,2549"/>
                <TextEquiv>
                    <Unicode>der erschossenen Frau weg, die aus Liebeshunger zur Diva S##</Unicode>
                </TextEquiv>
            </TextLine>
            <TextLine id="r1l18" custom="readingOrder {index:17;}">
                <Coords points="502,2627 1633,2589 1725,2546 501,2595"/>
                <Baseline points="511,2620 571,2617 631,2614 691,2611 752,2608 812,2605 872,2603 933,2600 993,2598 1053,2595 1114,2593 1174,2591 1234,2589 1294,2586 1355,2584 1415,2582 1475,2580 1536,2578 1596,2575 1656,2573 1717,2571"/>
                <TextEquiv>
                    <Unicode>geworden. Tuberkulose, in der Schwindsucht und Geistesver¬</Unicode>
                </TextEquiv>
            </TextLine>
            <TextLine id="r1l19" custom="readingOrder {index:18;}">
                <Coords points="496,2654 1854,2610 1650,2577 495,2627"/>
                <Baseline points="505,2656 572,2653 639,2651 706,2648 773,2645 840,2643 907,2640 974,2638 1041,2636 1108,2633 1175,2630 1242,2628 1309,2626 1376,2623 1443,2621 1510,2618 1577,2616 1644,2613 1711,2611 1778,2608 1845,2605"/>
                <TextEquiv>
                    <Unicode>wirrung einen seltsamen Reigen tanzen, das alles huscht in ##</Unicode>
                </TextEquiv>
            </TextLine>
            <TextLine id="r1l20" custom="readingOrder {index:19;}">
                <Coords points="499,2695 1716,2660 1715,2623 1618,2614 498,2656"/>
                <Baseline points="507,2695 567,2693 627,2691 687,2688 747,2686 807,2684 867,2681 927,2680 987,2677 1047,2675 1107,2673 1167,2671 1227,2669 1287,2667 1347,2664 1407,2663 1467,2661 1527,2658 1587,2656 1647,2654 1707,2652"/>
                <TextEquiv>
                    <Unicode>abgerissenen Bildern an uns vorüber. Der sicher gestaltenden,</Unicode>
                </TextEquiv>
            </TextLine>
            <TextLine id="r1l21" custom="readingOrder {index:20;}">
                <Coords points="1778,2688 1797,2684 1823,2702 1828,2698 1845,2710 1853,2709 1851,2637 1834,2637 1825,2631 1820,2636 1808,2635 1804,2640 1776,2639"/>
                <Baseline points="1786,2684 1815,2684 1844,2682"/>
                <TextEquiv>
                    <Unicode>—4</Unicode>
                </TextEquiv>
            </TextLine>
            <TextLine id="r1l22" custom="readingOrder {index:21;}">
                <Coords points="506,2740 1707,2711 1705,2660 1644,2658 505,2697"/>
                <Baseline points="514,2738 573,2736 632,2733 691,2731 750,2728 810,2726 869,2723 928,2720 987,2718 1046,2716 1106,2713 1165,2711 1224,2709 1283,2707 1342,2704 1402,2703 1461,2700 1520,2699 1579,2698 1638,2696 1698,2695"/>
                <TextEquiv>
                    <Unicode>packenden Kunst Frau Lauter=Weisers gelingt es, das</Unicode>
                </TextEquiv>
            </TextLine>
            <TextLine id="r1l23" custom="readingOrder {index:22;}">
                <Coords points="503,2774 1712,2734 1616,2695 502,2740"/>
                <Baseline points="511,2777 570,2775 630,2773 689,2770 749,2767 809,2765 868,2763 928,2760 987,2758 1047,2755 1107,2753 1166,2751 1226,2749 1285,2746 1345,2745 1405,2743 1464,2740 1524,2739 1583,2737 1643,2735 1703,2733"/>
                <TextEquiv>
                    <Unicode>Publikum zu starkem Beifall mitzureißen, aber die Schwächen</Unicode>
                </TextEquiv>
            </TextLine>
            <TextLine id="r1l24" custom="readingOrder {index:23;}">
                <Coords points="511,2820 1711,2771 1699,2734 510,2779"/>
                <Baseline points="520,2813 579,2812 638,2810 697,2809 756,2807 815,2805 874,2803 933,2802 992,2800 1051,2797 1111,2795 1170,2793 1229,2791 1288,2788 1347,2786 1406,2784 1465,2781 1524,2779 1583,2777 1642,2775 1702,2773"/>
                <TextEquiv>
                    <Unicode>des Schauspieles machen sich doch geltend und fordern das</Unicode>
                </TextEquiv>
            </TextLine>
            <TextLine id="r1l25" custom="readingOrder {index:24;}">
                <Coords points="505,2856 1643,2826 1709,2779 503,2817"/>
                <Baseline points="513,2856 572,2854 631,2852 691,2849 750,2847 810,2845 869,2843 929,2841 988,2838 1048,2836 1107,2833 1166,2831 1226,2829 1285,2826 1345,2824 1404,2822 1464,2819 1523,2817 1583,2815 1642,2813 1702,2811"/>
                <TextEquiv>
                    <Unicode>Publikum im dritten Akte zu entschiedenem Widerspruch. Außer</Unicode>
                </TextEquiv>
            </TextLine>
            <TextLine id="r1l26" custom="readingOrder {index:25;}">
                <Coords points="1761,2881 1771,2883 1779,2881 1789,2890 1799,2886 1801,2888 1804,2884 1825,2885 1827,2835 1812,2834 1802,2828 1786,2836 1763,2828"/>
                <Baseline points="1769,2865 1817,2867"/>
                <TextEquiv>
                    <Unicode>9100</Unicode>
                </TextEquiv>
            </TextLine>
            <TextLine id="r1l27" custom="readingOrder {index:26;}">
                <Coords points="506,2903 1711,2864 1710,2820 504,2856"/>
                <Baseline points="514,2898 573,2895 632,2892 692,2889 751,2887 811,2884 870,2882 929,2879 989,2877 1048,2875 1108,2872 1167,2870 1226,2868 1286,2865 1345,2863 1405,2861 1464,2859 1523,2857 1583,2854 1642,2852 1702,2850"/>
                <TextEquiv>
                    <Unicode>dem alten, widerlichen Vater, dem eigentlichen Urheber jener</Unicode>
                </TextEquiv>
            </TextLine>
            <TextLine id="r1l28" custom="readingOrder {index:27;}">
                <Coords points="513,2943 1723,2892 1600,2853 512,2905"/>
                <Baseline points="521,2935 580,2933 640,2930 700,2928 759,2925 819,2923 879,2920 938,2918 998,2916 1058,2914 1118,2912 1177,2909 1237,2908 1297,2905 1356,2903 1416,2901 1476,2899 1535,2896 1595,2894 1655,2892 1715,2890"/>
                <TextEquiv>
                    <Unicode>Regimentsschande, der mit vamphrartiger Tyrannei die Toch¬</Unicode>
                </TextEquiv>
            </TextLine>
            <TextLine id="r1l29" custom="readingOrder {index:28;}">
                <Coords points="514,2976 1716,2938 1682,2893 513,2944"/>
                <Baseline points="522,2975 581,2972 640,2970 699,2967 759,2964 818,2962 877,2960 936,2958 996,2955 1055,2954 1114,2951 1173,2950 1233,2947 1292,2946 1351,2944 1410,2942 1470,2941 1529,2938 1588,2937 1647,2935 1707,2933"/>
                <TextEquiv>
                    <Unicode>ter an sein Krankenlager fesselt (Pindo spielt ihn mit scharf</Unicode>
                </TextEquiv>
            </TextLine>
            <TextLine id="r1l30" custom="readingOrder {index:29;}">
                <Coords points="511,3018 1718,2970 1664,2935 510,2977"/>
                <Baseline points="519,3015 578,3012 638,3009 697,3006 757,3004 816,3002 876,3000 935,2997 995,2995 1054,2993 1114,2991 1174,2989 1233,2987 1293,2985 1352,2983 1412,2981 1471,2979 1531,2978 1590,2975 1650,2974 1710,2971"/>
                <TextEquiv>
                    <Unicode>markiertem Erfassen) wirkten alle anderen wie schemenhafe</Unicode>
                </TextEquiv>
            </TextLine>
            <TextLine id="r1l31" custom="readingOrder {index:30;}">
                <Coords points="518,3062 1725,3023 1724,2971 517,3026"/>
                <Baseline points="527,3051 586,3050 646,3048 705,3047 765,3045 824,3043 884,3041 943,3039 1003,3036 1062,3034 1122,3032 1181,3030 1241,3027 1300,3025 1360,3023 1419,3020 1479,3019 1538,3017 1598,3015 1657,3014 1717,3013"/>
                <TextEquiv>
                    <Unicode>Exisodenfiguren, da ihnen der Dichter zu wenig dramatisches</Unicode>
                </TextEquiv>
            </TextLine>
            <TextLine id="r1l32" custom="readingOrder {index:31;}">
                <Coords points="519,3095 1736,3047 1671,3014 518,3062"/>
                <Baseline points="528,3093 591,3090 654,3088 717,3086 780,3084 843,3082 906,3080 969,3077 1032,3075 1095,3073 1159,3071 1222,3068 1285,3066 1348,3064 1411,3062 1474,3059 1537,3057 1600,3055 1663,3052 1727,3050"/>
                <TextEquiv>
                    <Unicode>Eigenleben gab. Andersen, Olden, Otto, die Damen</Unicode>
                </TextEquiv>
            </TextLine>
            <TextLine id="r1l33" custom="readingOrder {index:32;}">
                <Coords points="517,3144 1675,3112 1722,3100 1721,3058 515,3094"/>
                <Baseline points="526,3133 585,3133 644,3132 704,3130 763,3128 823,3126 882,3123 941,3121 1001,3119 1060,3116 1120,3113 1179,3111 1238,3108 1298,3106 1357,3103 1417,3102 1476,3100 1535,3098 1595,3097 1654,3097 1714,3097"/>
                <TextEquiv>
                    <Unicode>Dürr, Imle, Godeck seien noch besonders hervorge¬</Unicode>
                </TextEquiv>
            </TextLine>
            <TextLine id="r1l34" custom="readingOrder {index:33;}">
                <Coords points="518,3182 550,3184 560,3178 576,3185 594,3175 636,3180 652,3170 669,3170 669,3152 645,3150 632,3138 601,3145 588,3135 572,3135 567,3140 562,3135 552,3140 542,3136 530,3145 518,3144"/>
                <Baseline points="527,3177 553,3176 580,3175 606,3175 633,3176 660,3178"/>
                <TextEquiv>
                    <Unicode>hoben.</Unicode>
                </TextEquiv>
            </TextLine>
            <TextEquiv>
                <Unicode>box 24/5
L
R
19. Der des ebens
Käre unser Schauspielhaus der rechte Rahmen.
(Der Ruf des Lebens.) Kino im Schmitzler=Dialog. Bei
zwei so unvereinbaren Dingen muß mindestens eines leiden.
In der Tat kommen beide zu kurz. Das Kino, das die derbe

Technik eines Philippi verlangen würde, und Schnitzlers geist¬
reicher Dialog, der von der Fülle der Kolportagemotive erschlagens 2
wird. Gistmord, Pistolenschuß, Vatermord, Rache an der un¬—
treuen Frau, Selbstmord des Betrügers, freiwilliger Massenmord= ##
eines Kürassierregimentes, um die vor 30 Jahren befleckten
Fahnenehre reinzuwaschen, heiße Liebesnacht vor dem Aus—
marsch, sie direkt von der Leiche des Vaters, er von der Bahre—
der erschossenen Frau weg, die aus Liebeshunger zur Diva S##
geworden. Tuberkulose, in der Schwindsucht und Geistesver¬
wirrung einen seltsamen Reigen tanzen, das alles huscht in ##
abgerissenen Bildern an uns vorüber. Der sicher gestaltenden,
—4
packenden Kunst Frau Lauter=Weisers gelingt es, das
Publikum zu starkem Beifall mitzureißen, aber die Schwächen
des Schauspieles machen sich doch geltend und fordern das
Publikum im dritten Akte zu entschiedenem Widerspruch. Außer
9100
dem alten, widerlichen Vater, dem eigentlichen Urheber jener
Regimentsschande, der mit vamphrartiger Tyrannei die Toch¬
ter an sein Krankenlager fesselt (Pindo spielt ihn mit scharf
markiertem Erfassen) wirkten alle anderen wie schemenhafe
Exisodenfiguren, da ihnen der Dichter zu wenig dramatisches
Eigenleben gab. Andersen, Olden, Otto, die Damen
Dürr, Imle, Godeck seien noch besonders hervorge¬
hoben.</Unicode>
            </TextEquiv>
        </TextRegion>
        <TextRegion orientation="0.0" id="r2" custom="readingOrder {index:1;}">
            <Coords points="2116,693 2116,4351 3251,4351 3251,693"/>
            <TextLine id="r2l1" custom="readingOrder {index:0;}">
                <Coords points="2585,747 2631,756 2677,723 2707,748 2718,742 2776,745 2773,654 2748,663 2715,651 2692,676 2668,660 2655,667 2641,654 2611,680 2603,675 2582,681"/>
                <Baseline points="2592,726 2617,722 2642,721 2667,722 2692,723 2717,721 2742,719 2767,714"/>
                <TextEquiv>
                    <Unicode>#</Unicode>
                </TextEquiv>
            </TextLine>
            <TextLine id="r2l2" custom="readingOrder {index:1;}">
                <Coords points="2476,819 2527,824 2545,815 2655,811 2689,820 2698,811 2715,817 2772,806 2771,765 2688,767 2665,751 2634,769 2603,765 2588,752 2558,771 2511,750 2475,763"/>
                <Baseline points="2484,808 2509,810 2534,811 2560,811 2585,811 2610,811 2636,810 2661,808 2686,806 2712,805 2737,804 2763,803"/>
                <TextEquiv>
                    <Unicode>Arbeiterwille</Unicode>
                </TextEquiv>
            </TextLine>
            <TextLine id="r2l3" custom="readingOrder {index:2;}">
                <Coords points="2116,903 3153,890 3152,836 3071,829 2116,850"/>
                <Baseline points="2125,882 2178,884 2232,885 2285,886 2339,887 2393,887 2446,887 2500,886 2554,885 2607,884 2661,883 2714,881 2768,880 2822,878 2875,877 2929,875 2983,874 3036,873 3090,873 3144,872"/>
                <TextEquiv>
                    <Unicode>Akt Gelegenheit zu siegreicher Entfaltung gegeben</Unicode>
                </TextEquiv>
            </TextLine>
            <TextLine id="r2l4" custom="readingOrder {index:3;}">
                <Coords points="2112,932 3049,933 3147,902 3136,873 2327,916 2111,897"/>
                <Baseline points="2121,928 2171,930 2222,932 2273,933 2324,934 2375,934 2426,934 2476,933 2527,932 2578,931 2629,929 2680,928 2731,926 2782,925 2832,922 2883,921 2934,919 2985,918 3036,917 3087,916 3138,916"/>
                <TextEquiv>
                    <Unicode>war. Den ewig geplagten Cosme verkörperte Herr</Unicode>
                </TextEquiv>
            </TextLine>
            <TextLine id="r2l5" custom="readingOrder {index:4;}">
                <Coords points="2117,971 3125,973 3145,914 2116,936"/>
                <Baseline points="2126,972 2176,973 2227,975 2277,975 2328,976 2378,976 2429,975 2479,975 2530,974 2580,974 2631,972 2681,972 2732,971 2782,969 2833,968 2883,967 2934,965 2984,964 3035,963 3085,961 3136,960"/>
                <TextEquiv>
                    <Unicode>Sterneck mit viel Geschick. Herr Fuchs als liebens¬</Unicode>
                </TextEquiv>
            </TextLine>
            <TextLine id="r2l6" custom="readingOrder {index:5;}">
                <Coords points="2116,1031 2963,992 3070,1016 3147,967 2115,974"/>
                <Baseline points="2124,1018 2174,1019 2225,1019 2276,1020 2327,1020 2377,1020 2428,1019 2479,1019 2530,1018 2580,1017 2631,1016 2682,1014 2733,1013 2783,1012 2834,1010 2885,1009 2936,1008 2986,1006 3037,1006 3088,1004 3139,1003"/>
                <TextEquiv>
                    <Unicode>würdiger Don Juan und Herr Rous als lebens¬</Unicode>
                </TextEquiv>
            </TextLine>
            <TextLine id="r2l7" custom="readingOrder {index:6;}">
                <Coords points="2111,1065 3045,1072 3156,1060 3155,1007 2110,1037"/>
                <Baseline points="2120,1062 2171,1062 2222,1061 2274,1061 2325,1061 2376,1060 2428,1059 2479,1058 2530,1057 2582,1056 2633,1055 2684,1054 2736,1054 2787,1052 2838,1052 2890,1051 2941,1050 2992,1049 3044,1049 3095,1048 3147,1048"/>
                <TextEquiv>
                    <Unicode>lustiger Loujs ergänzten die gute Rollenbesetzung</Unicode>
                </TextEquiv>
            </TextLine>
            <TextLine id="r2l8" custom="readingOrder {index:7;}">
                <Coords points="2107,1118 3112,1111 3150,1105 3150,1059 2106,1063"/>
                <Baseline points="2116,1107 2167,1107 2218,1108 2269,1108 2321,1107 2372,1107 2423,1106 2475,1106 2526,1105 2577,1104 2629,1102 2680,1102 2731,1100 2782,1099 2834,1098 2885,1097 2936,1096 2988,1095 3039,1093 3090,1092 3142,1092"/>
                <TextEquiv>
                    <Unicode>Schließlich sei noch der trefflichen Spiellejtung Di¬</Unicode>
                </TextEquiv>
            </TextLine>
            <TextLine id="r2l9" custom="readingOrder {index:8;}">
                <Coords points="2118,1154 3011,1161 3160,1130 3142,1096 3061,1093 2118,1122"/>
                <Baseline points="2127,1151 2178,1151 2229,1151 2280,1150 2332,1150 2383,1149 2434,1149 2485,1148 2537,1148 2588,1147 2639,1146 2690,1145 2742,1144 2793,1143 2844,1142 2895,1141 2947,1140 2998,1138 3049,1137 3100,1136 3152,1134"/>
                <TextEquiv>
                    <Unicode>rektor Grevenbergs, der gut gebrachten Damenchöre</Unicode>
                </TextEquiv>
            </TextLine>
            <TextLine id="r2l10" custom="readingOrder {index:9;}">
                <Coords points="2117,1205 3164,1175 3085,1139 2117,1155"/>
                <Baseline points="2125,1194 2176,1194 2228,1194 2279,1194 2331,1194 2382,1194 2434,1194 2485,1193 2537,1193 2588,1192 2640,1191 2691,1191 2743,1190 2794,1189 2846,1187 2897,1186 2949,1185 3000,1183 3052,1182 3103,1180 3155,1178"/>
                <TextEquiv>
                    <Unicode>und des launigen Orchesters gebacht, das unter</Unicode>
                </TextEquiv>
            </TextLine>
            <TextLine id="r2l11" custom="readingOrder {index:10;}">
                <Coords points="2115,1238 2537,1265 2807,1223 3150,1242 3153,1181 2114,1204"/>
                <Baseline points="2123,1236 2174,1237 2225,1238 2276,1238 2327,1238 2378,1238 2429,1238 2480,1238 2531,1237 2582,1236 2634,1235 2685,1234 2736,1233 2787,1231 2838,1229 2889,1227 2940,1225 2991,1223 3042,1221 3093,1218 3145,1215"/>
                <TextEquiv>
                    <Unicode>Seitz' Leitung die Linje nie verlor und den musika¬</Unicode>
                </TextEquiv>
            </TextLine>
            <TextLine id="r2l12" custom="readingOrder {index:11;}">
                <Coords points="2120,1289 3114,1281 3171,1258 3171,1219 2437,1264 2119,1245"/>
                <Baseline points="2128,1287 2179,1286 2231,1285 2283,1283 2335,1283 2386,1282 2438,1281 2490,1281 2542,1280 2593,1280 2645,1279 2697,1278 2749,1278 2800,1277 2852,1276 2904,1275 2956,1273 3007,1272 3059,1270 3111,1268 3163,1265"/>
                <TextEquiv>
                    <Unicode>lischen Inhalt des Werkes erschöpfend zutage</Unicode>
                </TextEquiv>
            </TextLine>
            <TextLine id="r2l13" custom="readingOrder {index:12;}">
                <Coords points="2123,1341 3160,1321 3159,1279 3095,1266 2122,1290"/>
                <Baseline points="2132,1332 2185,1331 2239,1330 2292,1329 2346,1328 2400,1328 2453,1327 2507,1326 2561,1326 2614,1325 2668,1324 2721,1323 2775,1322 2829,1321 2882,1320 2936,1318 2990,1317 3043,1314 3097,1312 3151,1309"/>
                <TextEquiv>
                    <Unicode>brachte, ob es nun motjvisch zu charakterisieren, in</Unicode>
                </TextEquiv>
            </TextLine>
            <TextLine id="r2l14" custom="readingOrder {index:13;}">
                <Coords points="2125,1385 3011,1357 3162,1385 3161,1321 3088,1314 2125,1343"/>
                <Baseline points="2133,1377 2184,1376 2235,1375 2286,1374 2337,1373 2388,1372 2439,1372 2490,1371 2541,1370 2592,1369 2643,1368 2694,1367 2745,1366 2796,1365 2847,1364 2898,1362 2949,1361 3000,1358 3051,1356 3102,1354 3153,1352"/>
                <TextEquiv>
                    <Unicode>großen Gedanken Liebe und Leben zu besingen</Unicode>
                </TextEquiv>
            </TextLine>
            <TextLine id="r2l15" custom="readingOrder {index:14;}">
                <Coords points="2140,1418 3161,1417 3125,1366 3002,1355 2140,1384"/>
                <Baseline points="2149,1423 2199,1422 2249,1421 2299,1420 2349,1419 2399,1418 2449,1417 2499,1416 2549,1415 2599,1414 2650,1413 2700,1411 2750,1410 2800,1409 2850,1407 2900,1406 2950,1404 3000,1402 3050,1401 3100,1399 3151,1397"/>
                <TextEquiv>
                    <Unicode>(Intermezzo des zweiten Aufzuges), in Walzer¬</Unicode>
                </TextEquiv>
            </TextLine>
            <TextLine id="r2l16" custom="readingOrder {index:15;}">
                <Coords points="2127,1468 3073,1461 3172,1446 3171,1382 3033,1418 2126,1424"/>
                <Baseline points="2135,1463 2186,1463 2237,1463 2289,1462 2340,1461 2392,1461 2443,1460 2495,1459 2546,1458 2598,1457 2649,1456 2700,1455 2752,1454 2803,1452 2855,1451 2906,1449 2958,1447 3009,1445 3061,1443 3112,1441 3164,1439"/>
                <TextEquiv>
                    <Unicode>rhythmen zu schweben oder über tote Punkte hin¬</Unicode>
                </TextEquiv>
            </TextLine>
            <TextLine id="r2l17" custom="readingOrder {index:16;}">
                <Coords points="2123,1514 3167,1512 3148,1444 2122,1473"/>
                <Baseline points="2132,1506 2183,1506 2234,1506 2285,1506 2337,1505 2388,1505 2439,1504 2490,1504 2542,1503 2593,1502 2644,1501 2695,1500 2747,1499 2798,1497 2849,1495 2900,1494 2952,1492 3003,1490 3054,1487 3105,1485 3157,1483"/>
                <TextEquiv>
                    <Unicode>wegzuführen galt. Das ausverkaufte Haus war an¬</Unicode>
                </TextEquiv>
            </TextLine>
            <TextLine id="r2l18" custom="readingOrder {index:17;}">
                <Coords points="2125,1561 2794,1564 3160,1542 3170,1507 2125,1520"/>
                <Baseline points="2133,1554 2184,1552 2235,1550 2287,1548 2338,1548 2390,1546 2441,1546 2492,1545 2544,1544 2595,1543 2647,1543 2698,1542 2749,1541 2801,1540 2852,1539 2904,1538 2955,1537 3006,1535 3058,1532 3109,1530 3161,1527"/>
                <TextEquiv>
                    <Unicode>fangs mit Beifallskandgebungen zurückhaltend, zum</Unicode>
                </TextEquiv>
            </TextLine>
            <TextLine id="r2l19" custom="readingOrder {index:18;}">
                <Coords points="2137,1592 2961,1590 3172,1572 3171,1525 2136,1570"/>
                <Baseline points="2145,1594 2195,1593 2246,1592 2297,1592 2348,1591 2399,1591 2450,1591 2501,1591 2552,1591 2603,1591 2654,1591 2704,1590 2755,1590 2806,1589 2857,1587 2908,1585 2959,1584 3010,1581 3061,1577 3112,1574 3163,1569"/>
                <TextEquiv>
                    <Unicode>Schlusse aber wurden Darsteller, Spiellejter und</Unicode>
                </TextEquiv>
            </TextLine>
            <TextLine id="r2l20" custom="readingOrder {index:19;}">
                <Coords points="2126,1641 2612,1661 3056,1612 3165,1639 3163,1573 2125,1605"/>
                <Baseline points="2135,1635 2186,1637 2237,1638 2288,1639 2339,1639 2390,1639 2441,1639 2492,1638 2543,1636 2594,1635 2645,1633 2696,1632 2747,1630 2798,1629 2849,1627 2900,1625 2951,1624 3002,1622 3053,1621 3104,1620 3156,1620"/>
                <TextEquiv>
                    <Unicode>Dirigent zu vielfach wjederholten Malen vor die</Unicode>
                </TextEquiv>
            </TextLine>
            <TextLine id="r2l21" custom="readingOrder {index:20;}">
                <Coords points="2124,1682 2170,1707 2210,1687 2285,1684 2305,1699 2342,1686 2459,1690 2504,1685 2505,1653 2437,1657 2383,1637 2292,1659 2271,1648 2124,1641"/>
                <Baseline points="2132,1681 2158,1681 2184,1681 2210,1681 2236,1680 2262,1680 2288,1680 2314,1679 2340,1679 2366,1679 2392,1679 2418,1681 2444,1682 2470,1683 2496,1685"/>
                <TextEquiv>
                    <Unicode>Rampe gerusen.</Unicode>
                </TextEquiv>
            </TextLine>
            <TextLine id="r2l22" custom="readingOrder {index:21;}">
                <Coords points="2197,1732 3122,1724 3190,1714 3188,1639 3067,1680 2622,1653 2508,1701 2196,1691"/>
                <Baseline points="2205,1727 2253,1727 2302,1727 2351,1727 2400,1726 2449,1725 2498,1724 2546,1723 2595,1722 2644,1720 2693,1719 2742,1717 2791,1716 2840,1714 2888,1713 2937,1712 2986,1711 3035,1710 3084,1709 3133,1709 3182,1708"/>
                <TextEquiv>
                    <Unicode>Schauspielhaus. „Der Ruf des Lebens.“ Bange</Unicode>
                </TextEquiv>
            </TextLine>
            <TextLine id="r2l23" custom="readingOrder {index:22;}">
                <Coords points="2128,1771 3175,1745 3150,1715 2996,1709 2359,1749 2127,1713"/>
                <Baseline points="2137,1772 2188,1772 2240,1772 2291,1771 2343,1771 2394,1770 2446,1770 2497,1769 2549,1769 2600,1768 2652,1767 2703,1765 2755,1765 2806,1763 2858,1762 2909,1760 2961,1759 3012,1757 3064,1755 3115,1753 3167,1751"/>
                <TextEquiv>
                    <Unicode>Stimmung, die an Katastrophen mahnt, herrscht, wenn</Unicode>
                </TextEquiv>
            </TextLine>
            <TextLine id="r2l24" custom="readingOrder {index:23;}">
                <Coords points="2143,1831 3069,1813 3169,1801 3168,1752 2142,1784"/>
                <Baseline points="2151,1815 2201,1816 2251,1817 2302,1817 2352,1818 2403,1817 2453,1817 2504,1817 2554,1816 2605,1815 2655,1814 2705,1813 2756,1811 2806,1810 2857,1808 2907,1806 2958,1804 3008,1802 3059,1800 3109,1798 3160,1796"/>
                <TextEquiv>
                    <Unicode>Schnitzlers Spiel beginnt, in dem der Menschen</Unicode>
                </TextEquiv>
            </TextLine>
            <TextLine id="r2l25" custom="readingOrder {index:24;}">
                <Coords points="2141,1862 3120,1853 3194,1831 3192,1773 2796,1834 2686,1808 2140,1831"/>
                <Baseline points="2149,1862 2200,1863 2252,1863 2304,1863 2356,1863 2408,1862 2460,1861 2511,1860 2563,1859 2615,1858 2667,1856 2719,1855 2771,1853 2823,1851 2874,1849 2926,1848 2978,1846 3030,1844 3082,1843 3134,1841 3186,1840"/>
                <TextEquiv>
                    <Unicode>Schllsucht nach dem Leben zieht. Des Lebens Ruf</Unicode>
                </TextEquiv>
            </TextLine>
            <TextLine id="r2l26" custom="readingOrder {index:25;}">
                <Coords points="2135,1919 3124,1900 3175,1890 3174,1845 2264,1877 2133,1854"/>
                <Baseline points="2143,1907 2194,1906 2245,1906 2296,1905 2347,1905 2399,1904 2450,1903 2501,1902 2552,1901 2603,1900 2655,1899 2706,1898 2757,1896 2808,1895 2859,1893 2911,1891 2962,1889 3013,1886 3064,1884 3115,1881 3167,1879"/>
                <TextEquiv>
                    <Unicode>hören diese passiven Menschen, die sich treiben lassen</Unicode>
                </TextEquiv>
            </TextLine>
            <TextLine id="r2l27" custom="readingOrder {index:26;}">
                <Coords points="2133,1964 3230,1934 3229,1893 3161,1888 2132,1922"/>
                <Baseline points="2141,1953 2195,1952 2249,1952 2303,1951 2357,1950 2411,1949 2465,1948 2519,1946 2573,1946 2627,1944 2681,1942 2735,1941 2789,1939 2843,1938 2897,1937 2951,1935 3005,1933 3059,1932 3113,1931 3167,1929 3221,1928"/>
                <TextEquiv>
                    <Unicode>und nur dann handeln, wenn urdunkles Aufrauschen! 2</Unicode>
                </TextEquiv>
            </TextLine>
            <TextLine id="r2l28" custom="readingOrder {index:27;}">
                <Coords points="2133,1983 3217,1983 3178,1928 2132,1964"/>
                <Baseline points="2141,1997 2194,1996 2247,1995 2301,1994 2354,1993 2408,1992 2461,1990 2514,1989 2568,1988 2621,1986 2675,1985 2728,1984 2781,1983 2835,1981 2888,1980 2942,1978 2995,1977 3048,1975 3102,1973 3155,1972 3209,1970"/>
                <TextEquiv>
                    <Unicode>des Blutes und drängende Umstände sie zum Handelns a</Unicode>
                </TextEquiv>
            </TextLine>
            <TextLine id="r2l29" custom="readingOrder {index:28;}">
                <Coords points="2139,2039 3204,2029 3217,1983 2138,2007"/>
                <Baseline points="2147,2048 2200,2044 2253,2041 2306,2039 2359,2037 2412,2036 2465,2034 2518,2033 2571,2032 2624,2031 2678,2030 2731,2029 2784,2028 2837,2027 2890,2026 2943,2025 2996,2024 3049,2022 3102,2020 3155,2017 3209,2014"/>
                <TextEquiv>
                    <Unicode>zwingen. So tötet Maria, die ihrer Jugend Tagesd</Unicode>
                </TextEquiv>
            </TextLine>
            <TextLine id="r2l30" custom="readingOrder {index:29;}">
                <Coords points="2140,2084 2959,2089 3150,2073 3177,2016 2139,2051"/>
                <Baseline points="2149,2087 2200,2085 2251,2083 2302,2082 2353,2081 2404,2079 2455,2078 2506,2077 2557,2075 2608,2074 2659,2073 2710,2072 2761,2071 2812,2070 2863,2069 2914,2068 2965,2067 3016,2065 3067,2064 3118,2063 3169,2061"/>
                <TextEquiv>
                    <Unicode>ihrem ans Krankenbett gefesselten Vater opfern muß,</Unicode>
                </TextEquiv>
            </TextLine>
            <TextLine id="r2l31" custom="readingOrder {index:30;}">
                <Coords points="2146,2155 2267,2116 2384,2142 3191,2126 3189,2072 3091,2064 2144,2090"/>
                <Baseline points="2153,2130 2204,2128 2255,2127 2307,2126 2358,2124 2410,2123 2461,2122 2512,2121 2564,2120 2615,2119 2667,2118 2718,2117 2769,2116 2821,2115 2872,2113 2924,2112 2975,2110 3026,2109 3078,2107 3129,2105 3181,2103"/>
                <TextEquiv>
                    <Unicode>ihren Vampir, um dem winkenden Leben zu folgen</Unicode>
                </TextEquiv>
            </TextLine>
            <TextLine id="r2l32" custom="readingOrder {index:31;}">
                <Coords points="2212,2172 3191,2165 3189,2092 3080,2124 2211,2128"/>
                <Baseline points="2220,2172 2268,2171 2316,2171 2364,2170 2412,2169 2460,2168 2508,2167 2556,2166 2604,2165 2652,2164 2701,2162 2749,2161 2797,2160 2845,2158 2893,2157 2941,2156 2989,2154 3037,2153 3085,2152 3133,2151 3182,2150"/>
                <TextEquiv>
                    <Unicode>für eine Nacht. Für sie heißt es Max. Der, ein</Unicode>
                </TextEquiv>
            </TextLine>
            <TextLine id="r2l33" custom="readingOrder {index:32;}">
                <Coords points="2143,2214 3202,2204 3201,2160 2983,2146 2143,2182"/>
                <Baseline points="2152,2215 2204,2214 2256,2214 2308,2213 2360,2213 2412,2212 2464,2211 2516,2210 2568,2208 2620,2207 2672,2206 2724,2205 2776,2204 2828,2202 2880,2201 2932,2200 2984,2199 3036,2198 3088,2197 3140,2196 3193,2195"/>
                <TextEquiv>
                    <Unicode>Leutnant, ist wie die anderen blauen Küraffiere dem</Unicode>
                </TextEquiv>
            </TextLine>
            <TextLine id="r2l34" custom="readingOrder {index:33;}">
                <Coords points="2141,2258 3153,2251 3182,2191 2140,2228"/>
                <Baseline points="2150,2260 2201,2259 2252,2258 2303,2257 2355,2256 2406,2255 2457,2254 2508,2253 2560,2252 2611,2251 2662,2250 2713,2249 2765,2248 2816,2247 2867,2245 2918,2244 2970,2243 3021,2241 3072,2240 3123,2238 3175,2236"/>
                <TextEquiv>
                    <Unicode>Tode verschuldet; denn diese müssen, um das Phantom</Unicode>
                </TextEquiv>
            </TextLine>
            <TextLine id="r2l35" custom="readingOrder {index:34;}">
                <Coords points="2153,2311 2657,2306 2700,2274 2767,2305 3179,2292 3178,2243 2988,2236 2152,2262"/>
                <Baseline points="2161,2306 2211,2305 2261,2304 2312,2302 2362,2301 2413,2300 2463,2298 2514,2297 2564,2296 2615,2295 2665,2294 2715,2292 2766,2291 2816,2290 2867,2288 2917,2287 2968,2285 3018,2284 3069,2282 3119,2280 3170,2278"/>
                <TextEquiv>
                    <Unicode>„Regimentsehre“ zu retten, die Blauen flohen vor</Unicode>
                </TextEquiv>
            </TextLine>
            <TextLine id="r2l36" custom="readingOrder {index:35;}">
                <Coords points="2146,2336 3181,2342 3180,2291 3092,2277 2145,2314"/>
                <Baseline points="2154,2354 2207,2352 2261,2350 2314,2348 2368,2346 2422,2344 2475,2343 2529,2342 2583,2340 2636,2339 2690,2338 2743,2337 2797,2335 2851,2334 2904,2333 2958,2331 3012,2330 3065,2328 3119,2326 3173,2324"/>
                <TextEquiv>
                    <Unicode>Jahren in einer Schlacht, als einer der ersten floh</Unicode>
                </TextEquiv>
            </TextLine>
            <TextLine id="r2l37" custom="readingOrder {index:36;}">
                <Coords points="2152,2397 3193,2378 3192,2325 2449,2360 2151,2336"/>
                <Baseline points="2160,2397 2211,2394 2262,2391 2313,2389 2365,2387 2416,2386 2467,2385 2518,2383 2570,2382 2621,2382 2672,2381 2723,2380 2775,2380 2826,2379 2877,2379 2928,2378 2980,2377 3031,2376 3082,2375 3133,2373 3185,2371"/>
                <TextEquiv>
                    <Unicode>Marias Vater — in den kommenden Kämpfen zu¬</Unicode>
                </TextEquiv>
            </TextLine>
            <TextLine id="r2l38" custom="readingOrder {index:37;}">
                <Coords points="2150,2444 3205,2412 3163,2366 2149,2396"/>
                <Baseline points="2159,2442 2210,2439 2262,2437 2314,2434 2366,2432 2418,2430 2470,2429 2522,2427 2574,2426 2626,2424 2678,2424 2729,2423 2781,2421 2833,2420 2885,2419 2937,2419 2989,2418 3041,2416 3093,2416 3145,2415 3197,2413"/>
                <TextEquiv>
                    <Unicode>grunde gehen. Er, voll der Ehre, betrog seinen Oberst</Unicode>
                </TextEquiv>
            </TextLine>
            <TextLine id="r2l39" custom="readingOrder {index:38;}">
                <Coords points="2141,2486 3259,2458 3219,2393 3162,2430 2141,2452"/>
                <Baseline points="2150,2482 2205,2481 2260,2480 2315,2479 2370,2478 2425,2476 2480,2475 2535,2474 2590,2472 2645,2470 2700,2469 2755,2467 2810,2465 2865,2464 2920,2463 2975,2462 3030,2461 3085,2461 3140,2461 3195,2461 3251,2462"/>
                <TextEquiv>
                    <Unicode>mit dessen Frau, zur Rede gestellt, belügt er diesen; &amp;</Unicode>
                </TextEquiv>
            </TextLine>
            <TextLine id="r2l40" custom="readingOrder {index:39;}">
                <Coords points="2142,2510 2237,2537 3226,2522 3246,2473 2141,2487"/>
                <Baseline points="2151,2527 2205,2525 2259,2524 2313,2522 2368,2521 2422,2520 2476,2518 2531,2517 2585,2516 2639,2515 2694,2514 2748,2513 2802,2513 2856,2512 2911,2511 2965,2510 3019,2509 3074,2508 3128,2507 3182,2506 3237,2505"/>
                <TextEquiv>
                    <Unicode>doch der Oberst überrascht beide, erschießt sie undje</Unicode>
                </TextEquiv>
            </TextLine>
            <TextLine id="r2l41" custom="readingOrder {index:40;}">
                <Coords points="2150,2568 3185,2560 3184,2511 2149,2527"/>
                <Baseline points="2159,2573 2209,2571 2260,2569 2311,2567 2362,2565 2413,2564 2464,2562 2514,2561 2565,2560 2616,2559 2667,2558 2718,2557 2769,2556 2820,2554 2870,2553 2921,2552 2972,2551 3023,2550 3074,2548 3125,2546 3176,2544"/>
                <TextEquiv>
                    <Unicode>zwingt den Leutnant, sich zu erschießen; Marja, die</Unicode>
                </TextEquiv>
            </TextLine>
            <TextLine id="r2l42" custom="readingOrder {index:41;}">
                <Coords points="2152,2626 3185,2599 3184,2553 3113,2548 2151,2569"/>
                <Baseline points="2161,2617 2211,2615 2262,2613 2313,2611 2364,2610 2414,2608 2465,2607 2516,2606 2567,2605 2617,2604 2668,2603 2719,2602 2770,2601 2820,2600 2871,2599 2922,2598 2973,2597 3023,2595 3074,2594 3125,2592 3176,2591"/>
                <TextEquiv>
                    <Unicode>hinter der Türe die ganze Szene miterleben mußte,</Unicode>
                </TextEquiv>
            </TextLine>
            <TextLine id="r2l43" custom="readingOrder {index:42;}">
                <Coords points="2154,2680 2599,2642 3095,2652 3161,2642 3160,2598 2152,2627"/>
                <Baseline points="2161,2661 2210,2659 2260,2657 2309,2655 2359,2653 2408,2652 2458,2651 2507,2649 2557,2648 2606,2647 2656,2646 2706,2645 2755,2644 2805,2643 2854,2642 2904,2641 2953,2640 3003,2640 3052,2639 3102,2638 3152,2637"/>
                <TextEquiv>
                    <Unicode>fällt dem Leutnant in die Arme. Das Leben rief si</Unicode>
                </TextEquiv>
            </TextLine>
            <TextLine id="r2l44" custom="readingOrder {index:43;}">
                <Coords points="2149,2715 3185,2680 3166,2640 3032,2637 2148,2681"/>
                <Baseline points="2158,2704 2208,2703 2259,2701 2310,2700 2361,2699 2412,2697 2463,2696 2514,2695 2565,2694 2616,2693 2667,2692 2717,2690 2768,2689 2819,2688 2870,2686 2921,2685 2972,2683 3023,2681 3074,2679 3125,2677 3176,2675"/>
                <TextEquiv>
                    <Unicode>alle: Maria, die hungrige Frau Oberst; Marjas</Unicode>
                </TextEquiv>
            </TextLine>
            <TextLine id="r2l45" custom="readingOrder {index:44;}">
                <Coords points="2154,2754 3140,2737 3152,2685 2153,2707"/>
                <Baseline points="2162,2746 2211,2745 2260,2744 2309,2743 2358,2742 2407,2741 2456,2740 2505,2739 2554,2738 2603,2737 2653,2736 2702,2734 2751,2733 2800,2732 2849,2731 2898,2729 2947,2728 2996,2726 3045,2724 3094,2722 3144,2720"/>
                <TextEquiv>
                    <Unicode>Vater, als er das Phantom „Ehre, Vaierland“ vo</Unicode>
                </TextEquiv>
            </TextLine>
            <TextLine id="r2l46" custom="readingOrder {index:45;}">
                <Coords points="2147,2792 3243,2766 3157,2725 2146,2756"/>
                <Baseline points="2156,2788 2209,2788 2263,2787 2317,2786 2371,2786 2425,2785 2479,2784 2533,2783 2587,2782 2641,2782 2695,2781 2748,2779 2802,2778 2856,2777 2910,2775 2964,2773 3018,2772 3072,2770 3126,2768 3180,2766 3234,2764"/>
                <TextEquiv>
                    <Unicode>dem entscheidenden Kampse zerfließen sah; Marjasik</Unicode>
                </TextEquiv>
            </TextLine>
            <TextLine id="r2l47" custom="readingOrder {index:46;}">
                <Coords points="2155,2832 3235,2840 3233,2774 2155,2798"/>
                <Baseline points="2164,2832 2217,2833 2270,2833 2323,2833 2376,2833 2429,2832 2482,2832 2535,2830 2588,2829 2641,2827 2695,2826 2748,2824 2801,2822 2854,2821 2907,2820 2960,2818 3013,2817 3066,2816 3119,2816 3172,2816 3226,2816"/>
                <TextEquiv>
                    <Unicode>Base, von Todesahnung gehetzt, das Leben als Rausch</Unicode>
                </TextEquiv>
            </TextLine>
            <TextLine id="r2l48" custom="readingOrder {index:47;}">
                <Coords points="2156,2870 3203,2869 3202,2829 3160,2816 2155,2833"/>
                <Baseline points="2165,2878 2216,2878 2267,2878 2319,2878 2370,2877 2422,2876 2473,2875 2525,2874 2576,2873 2628,2872 2679,2870 2730,2869 2782,2867 2833,2866 2885,2865 2936,2863 2988,2862 3039,2861 3091,2861 3142,2860 3194,2860"/>
                <TextEquiv>
                    <Unicode>erlebend. An niemandem verhallt des Lebens Ruf,</Unicode>
                </TextEquiv>
            </TextLine>
            <TextLine id="r2l49" custom="readingOrder {index:48;}">
                <Coords points="2147,2919 3182,2914 3149,2860 2147,2892"/>
                <Baseline points="2155,2922 2208,2922 2262,2922 2315,2921 2369,2920 2423,2920 2476,2918 2530,2918 2584,2917 2637,2915 2691,2914 2744,2913 2798,2912 2852,2910 2905,2909 2959,2907 3013,2906 3066,2904 3120,2903 3174,2901"/>
                <TextEquiv>
                    <Unicode>der schließlich ein banges Staunen und Fragen aus¬</Unicode>
                </TextEquiv>
            </TextLine>
            <TextLine id="r2l50" custom="readingOrder {index:49;}">
                <Coords points="2164,2960 2478,2982 2579,2956 3142,2959 3141,2913 3063,2907 2164,2921"/>
                <Baseline points="2173,2965 2221,2965 2269,2965 2317,2965 2365,2965 2413,2964 2461,2963 2509,2962 2557,2962 2605,2960 2653,2959 2701,2958 2749,2957 2797,2956 2845,2954 2893,2953 2941,2952 2989,2950 3037,2949 3085,2947 3133,2946"/>
                <TextEquiv>
                    <Unicode>löst, während Kinder das Spiel „Leben“ erleben.</Unicode>
                </TextEquiv>
            </TextLine>
            <TextLine id="r2l51" custom="readingOrder {index:50;}">
                <Coords points="2220,3059 2934,3067 3212,3026 3159,2993 2219,3021"/>
                <Baseline points="2228,3059 2276,3058 2325,3058 2374,3058 2423,3057 2472,3057 2520,3056 2569,3056 2618,3055 2667,3054 2716,3053 2764,3052 2813,3051 2862,3050 2911,3049 2960,3048 3008,3046 3057,3045 3106,3044 3155,3041 3204,3040"/>
                <TextEquiv>
                    <Unicode>Drei lose Akte, deren Zusammenhang die Zentral¬</Unicode>
                </TextEquiv>
            </TextLine>
            <TextLine id="r2l52" custom="readingOrder {index:51;}">
                <Coords points="2166,3098 3187,3104 3192,3041 2165,3071"/>
                <Baseline points="2175,3107 2225,3106 2275,3106 2326,3106 2376,3105 2427,3105 2477,3105 2528,3105 2578,3104 2629,3104 2679,3103 2729,3103 2780,3102 2830,3101 2881,3100 2931,3099 2982,3098 3032,3096 3083,3094 3133,3092 3184,3090"/>
                <TextEquiv>
                    <Unicode>figur Maria herstellt. Der erste und zweite Akt,</Unicode>
                </TextEquiv>
            </TextLine>
            <TextLine id="r2l53" custom="readingOrder {index:52;}">
                <Coords points="2160,3152 3207,3136 3207,3108 3090,3086 2517,3119 2160,3095"/>
                <Baseline points="2168,3151 2219,3150 2271,3149 2322,3149 2374,3148 2425,3147 2477,3147 2528,3146 2580,3146 2631,3145 2683,3144 2735,3144 2786,3143 2838,3142 2889,3142 2941,3141 2992,3140 3044,3139 3095,3138 3147,3137 3199,3136"/>
                <TextEquiv>
                    <Unicode>bühnenwirksamste Einakter, wenn die Situationen</Unicode>
                </TextEquiv>
            </TextLine>
            <TextLine id="r2l54" custom="readingOrder {index:53;}">
                <Coords points="2169,3203 3207,3180 3206,3146 3160,3135 2168,3168"/>
                <Baseline points="2178,3197 2229,3196 2280,3196 2331,3195 2382,3194 2433,3193 2484,3192 2535,3190 2586,3189 2637,3188 2688,3186 2739,3184 2790,3183 2841,3182 2892,3181 2943,3180 2994,3179 3045,3178 3096,3178 3147,3178 3198,3178"/>
                <TextEquiv>
                    <Unicode>auch allzu künstlich, allzu theatralisch erscheinen. Was</Unicode>
                </TextEquiv>
            </TextLine>
            <TextLine id="r2l55" custom="readingOrder {index:54;}">
                <Coords points="2172,3243 3203,3220 3182,3179 2171,3202"/>
                <Baseline points="2180,3240 2230,3239 2281,3238 2332,3238 2383,3237 2433,3237 2484,3236 2535,3235 2586,3234 2636,3233 2687,3232 2738,3231 2789,3230 2839,3229 2890,3227 2941,3225 2992,3223 3042,3222 3093,3219 3144,3217 3195,3215"/>
                <TextEquiv>
                    <Unicode>auch in diesem Stücke den Dichter Schnitzter ahnen</Unicode>
                </TextEquiv>
            </TextLine>
            <TextLine id="r2l56" custom="readingOrder {index:55;}">
                <Coords points="2167,3284 3199,3275 3174,3219 3071,3214 2774,3252 2166,3245"/>
                <Baseline points="2176,3287 2226,3286 2277,3285 2328,3284 2379,3283 2429,3281 2480,3280 2531,3279 2582,3277 2632,3276 2683,3275 2734,3273 2785,3272 2835,3271 2886,3270 2937,3268 2988,3267 3038,3266 3089,3265 3140,3264 3191,3263"/>
                <TextEquiv>
                    <Unicode>läßt, ist das Bangen und die wilde Sehnsucht nach</Unicode>
                </TextEquiv>
            </TextLine>
            <TextLine id="r2l57" custom="readingOrder {index:56;}">
                <Coords points="2168,3347 2235,3333 2269,3351 2345,3328 2546,3343 2637,3322 2637,3286 2292,3285 2268,3299 2167,3281"/>
                <Baseline points="2175,3325 2200,3324 2225,3324 2250,3324 2275,3325 2301,3325 2326,3325 2351,3325 2376,3325 2402,3325 2427,3325 2452,3325 2477,3324 2502,3324 2528,3323 2553,3322 2578,3320 2603,3319 2629,3317"/>
                <TextEquiv>
                    <Unicode>dem Leben da draußen.</Unicode>
                </TextEquiv>
            </TextLine>
            <TextLine id="r2l58" custom="readingOrder {index:57;}">
                <Coords points="2235,3432 3084,3425 3071,3357 2725,3382 2491,3356 2307,3385 2234,3359"/>
                <Baseline points="2243,3423 2284,3423 2326,3423 2367,3422 2409,3421 2451,3421 2492,3420 2534,3420 2575,3419 2617,3418 2659,3418 2700,3417 2742,3416 2783,3415 2825,3414 2867,3413 2908,3412 2950,3411 2991,3410 3033,3409 3075,3407"/>
                <TextEquiv>
                    <Unicode>In der Aufführung (Spielleitung: Orell)</Unicode>
                </TextEquiv>
            </TextLine>
            <TextLine id="r2l59" custom="readingOrder {index:58;}">
                <Coords points="2166,3475 2885,3472 2927,3447 3162,3469 3161,3422 3012,3414 2165,3433"/>
                <Baseline points="2175,3470 2226,3470 2278,3469 2329,3469 2381,3468 2432,3467 2484,3467 2535,3466 2587,3466 2638,3465 2690,3464 2741,3464 2793,3463 2844,3462 2896,3461 2947,3460 2999,3459 3050,3458 3102,3457 3154,3456"/>
                <TextEquiv>
                    <Unicode>betonte das nur Österreichische der Dichtung</Unicode>
                </TextEquiv>
            </TextLine>
            <TextLine id="r2l60" custom="readingOrder {index:59;}">
                <Coords points="2170,3523 3053,3521 3220,3507 3219,3441 3111,3469 2930,3447 2820,3483 2169,3486"/>
                <Baseline points="2178,3515 2229,3514 2281,3514 2332,3513 2384,3513 2436,3512 2487,3511 2539,3510 2591,3508 2642,3507 2694,3506 2746,3505 2797,3504 2849,3503 2901,3502 2952,3501 3004,3500 3056,3500 3107,3499 3159,3499 3211,3499"/>
                <TextEquiv>
                    <Unicode>wenig — überraschte Herr Pindo als Marias Vater:</Unicode>
                </TextEquiv>
            </TextLine>
            <TextLine id="r2l61" custom="readingOrder {index:60;}">
                <Coords points="2168,3568 3200,3559 3214,3502 2167,3524"/>
                <Baseline points="2177,3559 2228,3559 2280,3558 2331,3558 2383,3557 2434,3556 2486,3555 2537,3554 2589,3553 2640,3552 2692,3550 2743,3549 2795,3547 2846,3546 2898,3545 2949,3544 3001,3543 3052,3543 3104,3542 3155,3542 3207,3541"/>
                <TextEquiv>
                    <Unicode>verfallenes, doch gieriges Antlitz; vampirhaft, immer</Unicode>
                </TextEquiv>
            </TextLine>
            <TextLine id="r2l62" custom="readingOrder {index:61;}">
                <Coords points="2178,3619 3188,3599 3205,3544 2177,3570"/>
                <Baseline points="2187,3602 2237,3602 2288,3601 2338,3600 2389,3600 2439,3599 2490,3598 2540,3597 2591,3596 2641,3596 2692,3595 2743,3594 2793,3593 2844,3592 2894,3591 2945,3590 2995,3589 3046,3588 3096,3588 3147,3587 3198,3586"/>
                <TextEquiv>
                    <Unicode>in der Furcht, seine Tochter an das Leben zu ver¬</Unicode>
                </TextEquiv>
            </TextLine>
            <TextLine id="r2l63" custom="readingOrder {index:62;}">
                <Coords points="2179,3651 3209,3629 3208,3595 3110,3585 2178,3608"/>
                <Baseline points="2188,3646 2238,3645 2289,3644 2339,3644 2390,3643 2441,3642 2491,3641 2542,3640 2593,3639 2643,3639 2694,3638 2745,3637 2795,3636 2846,3635 2897,3634 2947,3633 2998,3632 3049,3631 3099,3630 3150,3629 3201,3628"/>
                <TextEquiv>
                    <Unicode>lieren; die Sterbeszene vielleicht zu realistisch. Frau</Unicode>
                </TextEquiv>
            </TextLine>
            <TextLine id="r2l64" custom="readingOrder {index:63;}">
                <Coords points="2181,3695 3193,3688 3211,3642 2181,3651"/>
                <Baseline points="2189,3690 2239,3689 2290,3689 2341,3688 2391,3687 2442,3686 2493,3685 2543,3684 2594,3683 2645,3682 2696,3681 2746,3680 2797,3679 2848,3678 2898,3677 2949,3677 3000,3676 3050,3676 3101,3675 3152,3675 3203,3675"/>
                <TextEquiv>
                    <Unicode>Weisers Marja war angenehm gedämpft und müde,</Unicode>
                </TextEquiv>
            </TextLine>
            <TextLine id="r2l65" custom="readingOrder {index:64;}">
                <Coords points="2182,3747 3165,3732 3210,3725 3210,3684 2181,3696"/>
                <Baseline points="2190,3736 2240,3735 2291,3733 2341,3732 2392,3731 2442,3730 2493,3730 2543,3729 2594,3728 2644,3727 2695,3727 2746,3726 2796,3725 2847,3725 2897,3724 2948,3723 2998,3722 3049,3721 3099,3720 3150,3719 3201,3717"/>
                <TextEquiv>
                    <Unicode>so des Lebens müde, daß ihr Aufschrei zum Leben</Unicode>
                </TextEquiv>
            </TextLine>
            <TextLine id="r2l66" custom="readingOrder {index:65;}">
                <Coords points="2178,3767 2329,3798 2578,3788 2608,3760 2649,3785 3212,3760 3211,3725 2967,3721 2178,3746"/>
                <Baseline points="2187,3781 2237,3780 2288,3778 2339,3777 2390,3776 2441,3775 2491,3774 2542,3773 2593,3772 2644,3771 2695,3771 2745,3770 2796,3769 2847,3768 2898,3767 2949,3766 2999,3765 3050,3764 3101,3762 3152,3761 3203,3758"/>
                <TextEquiv>
                    <Unicode>widernatürlich klang. Herrn Oldens Oberst avan¬</Unicode>
                </TextEquiv>
            </TextLine>
            <TextLine id="r2l67" custom="readingOrder {index:66;}">
                <Coords points="2178,3828 3152,3818 3223,3800 3222,3754 2935,3790 2777,3762 2177,3785"/>
                <Baseline points="2186,3828 2237,3825 2288,3823 2340,3821 2391,3819 2443,3818 2494,3816 2546,3816 2597,3815 2649,3814 2700,3813 2751,3812 2803,3812 2854,3811 2906,3811 2957,3810 3009,3809 3060,3808 3112,3807 3163,3806 3215,3805"/>
                <TextEquiv>
                    <Unicode>cierte zum „Gardeoffizier“ in Dur. Irene, seine</Unicode>
                </TextEquiv>
            </TextLine>
            <TextLine id="r2l68" custom="readingOrder {index:67;}">
                <Coords points="2178,3866 3152,3861 3226,3853 3225,3800 2177,3830"/>
                <Baseline points="2187,3871 2238,3869 2290,3867 2341,3866 2393,3865 2444,3863 2496,3863 2547,3862 2599,3861 2650,3860 2702,3860 2754,3859 2805,3858 2857,3857 2908,3856 2960,3855 3011,3853 3063,3852 3114,3850 3166,3848 3218,3845"/>
                <TextEquiv>
                    <Unicode>Frau, sollte jung, schön und gefräßig sein, Fräulein</Unicode>
                </TextEquiv>
            </TextLine>
            <TextLine id="r2l69" custom="readingOrder {index:68;}">
                <Coords points="2179,3914 3166,3908 3212,3904 3211,3852 2178,3868"/>
                <Baseline points="2187,3912 2237,3910 2288,3908 2339,3906 2390,3905 2441,3904 2491,3904 2542,3903 2593,3903 2644,3903 2695,3903 2745,3903 2796,3903 2847,3902 2898,3902 2949,3902 2999,3901 3050,3900 3101,3898 3152,3897 3203,3895"/>
                <TextEquiv>
                    <Unicode>Dürr aber —. Andersens Max bestach durch sein</Unicode>
                </TextEquiv>
            </TextLine>
            <TextLine id="r2l70" custom="readingOrder {index:69;}">
                <Coords points="2180,3957 3203,3951 3216,3893 2179,3915"/>
                <Baseline points="2188,3958 2239,3956 2290,3953 2341,3951 2392,3949 2443,3947 2494,3946 2545,3945 2596,3944 2647,3943 2698,3942 2749,3941 2800,3940 2851,3939 2902,3939 2953,3938 3004,3937 3055,3937 3106,3936 3157,3935 3208,3935"/>
                <TextEquiv>
                    <Unicode>hübiches Aussehen. Frau Imles Katharina: das ins</Unicode>
                </TextEquiv>
            </TextLine>
            <TextLine id="r2l71" custom="readingOrder {index:70;}">
                <Coords points="2175,4002 3192,4000 3204,3951 2174,3968"/>
                <Baseline points="2183,4000 2233,3999 2284,3997 2335,3996 2385,3995 2436,3994 2487,3993 2537,3993 2588,3992 2639,3991 2690,3991 2740,3990 2791,3989 2842,3989 2892,3988 2943,3987 2994,3986 3044,3985 3095,3984 3146,3982 3197,3981"/>
                <TextEquiv>
                    <Unicode>Leben treibende, nach Erleben hungernde Kind. Dig</Unicode>
                </TextEquiv>
            </TextLine>
            <TextLine id="r2l72" custom="readingOrder {index:71;}">
                <Coords points="2178,4051 3208,4050 3207,3997 3170,3984 2177,4005"/>
                <Baseline points="2187,4043 2237,4041 2288,4040 2338,4039 2389,4038 2440,4037 2490,4036 2541,4035 2592,4034 2642,4034 2693,4033 2744,4032 2794,4032 2845,4031 2896,4031 2946,4030 2997,4029 3048,4028 3098,4027 3149,4026 3200,4025"/>
                <TextEquiv>
                    <Unicode>Herren Hofbauer, Otto und Kainz blieben mehr oder</Unicode>
                </TextEquiv>
            </TextLine>
            <TextLine id="r2l73" custom="readingOrder {index:72;}">
                <Coords points="2187,4110 2238,4092 2262,4100 2283,4087 2304,4095 2353,4087 2365,4097 2393,4088 2404,4098 2491,4085 2529,4091 2528,4057 2441,4039 2390,4051 2245,4046 2227,4057 2186,4044"/>
                <Baseline points="2195,4085 2222,4085 2249,4084 2276,4083 2303,4082 2330,4082 2357,4080 2384,4080 2411,4078 2438,4078 2465,4078 2492,4078 2519,4078"/>
                <TextEquiv>
                    <Unicode>minder farblos.</Unicode>
                </TextEquiv>
            </TextLine>
            <TextLine id="r2l74" custom="readingOrder {index:73;}">
                <Coords points="2246,4136 3222,4121 3220,4060 3136,4047 2976,4079 2586,4060 2526,4094 2245,4094"/>
                <Baseline points="2255,4134 2302,4131 2350,4129 2398,4127 2446,4126 2494,4124 2542,4123 2590,4122 2638,4121 2686,4120 2734,4120 2781,4119 2829,4118 2877,4118 2925,4117 2973,4117 3021,4116 3069,4115 3117,4114 3165,4114 3213,4113"/>
                <TextEquiv>
                    <Unicode>Zischen und demonstrativer Bejfall galten dem</Unicode>
                </TextEquiv>
            </TextLine>
            <TextLine id="r2l75" custom="readingOrder {index:74;}">
                <Coords points="2235,4179 2483,4199 3081,4156 3218,4186 3217,4115 2235,4137"/>
                <Baseline points="2243,4169 2291,4169 2339,4170 2387,4170 2436,4170 2484,4169 2532,4169 2581,4168 2629,4167 2677,4167 2726,4166 2774,4165 2822,4164 2870,4163 2919,4162 2967,4161 3015,4160 3064,4159 3112,4158 3160,4157 3209,4157"/>
                <TextEquiv>
                    <Unicode>uden Schnitzler; darüber wurde der Mensch</Unicode>
                </TextEquiv>
            </TextLine>
            <TextLine id="r2l76" custom="readingOrder {index:75;}">
                <Coords points="3076,4216 3087,4215 3100,4224 3114,4215 3178,4213 3177,4171 3155,4171 3141,4158 3134,4162 3112,4159 3086,4187 3076,4189"/>
                <Baseline points="3084,4203 3112,4200 3140,4198 3169,4202"/>
                <TextEquiv>
                    <Unicode>K.</Unicode>
                </TextEquiv>
            </TextLine>
            <TextLine id="r2l77" custom="readingOrder {index:76;}">
                <Coords points="2190,4231 2231,4242 2393,4237 2393,4178 2246,4176 2236,4186 2190,4181"/>
                <Baseline points="2198,4212 2224,4215 2251,4216 2277,4216 2304,4216 2330,4215 2357,4214 2384,4214"/>
                <TextEquiv>
                    <Unicode>vergessen.</Unicode>
                </TextEquiv>
            </TextLine>
            <TextLine id="r2l78" custom="readingOrder {index:77;}">
                <Coords points="2413,4354 3184,4351 3182,4263 3109,4246 3029,4280 2857,4250 2616,4287 2411,4259"/>
                <Baseline points="2422,4351 2459,4350 2497,4349 2534,4349 2572,4348 2610,4347 2647,4346 2685,4345 2723,4345 2760,4344 2798,4343 2836,4342 2873,4341 2911,4341 2949,4340 2986,4339 3024,4338 3062,4337 3099,4337 3137,4336 3175,4335"/>
                <TextEquiv>
                    <Unicode>richten aus Steiermark.</Unicode>
                </TextEquiv>
            </TextLine>
            <TextEquiv>
                <Unicode>#
Arbeiterwille
Akt Gelegenheit zu siegreicher Entfaltung gegeben
war. Den ewig geplagten Cosme verkörperte Herr
Sterneck mit viel Geschick. Herr Fuchs als liebens¬
würdiger Don Juan und Herr Rous als lebens¬
lustiger Loujs ergänzten die gute Rollenbesetzung
Schließlich sei noch der trefflichen Spiellejtung Di¬
rektor Grevenbergs, der gut gebrachten Damenchöre
und des launigen Orchesters gebacht, das unter
Seitz' Leitung die Linje nie verlor und den musika¬
lischen Inhalt des Werkes erschöpfend zutage
brachte, ob es nun motjvisch zu charakterisieren, in
großen Gedanken Liebe und Leben zu besingen
(Intermezzo des zweiten Aufzuges), in Walzer¬
rhythmen zu schweben oder über tote Punkte hin¬
wegzuführen galt. Das ausverkaufte Haus war an¬
fangs mit Beifallskandgebungen zurückhaltend, zum
Schlusse aber wurden Darsteller, Spiellejter und
Dirigent zu vielfach wjederholten Malen vor die
Rampe gerusen.
Schauspielhaus. „Der Ruf des Lebens.“ Bange
Stimmung, die an Katastrophen mahnt, herrscht, wenn
Schnitzlers Spiel beginnt, in dem der Menschen
Schllsucht nach dem Leben zieht. Des Lebens Ruf
hören diese passiven Menschen, die sich treiben lassen
und nur dann handeln, wenn urdunkles Aufrauschen! 2
des Blutes und drängende Umstände sie zum Handelns a
zwingen. So tötet Maria, die ihrer Jugend Tagesd
ihrem ans Krankenbett gefesselten Vater opfern muß,
ihren Vampir, um dem winkenden Leben zu folgen
für eine Nacht. Für sie heißt es Max. Der, ein
Leutnant, ist wie die anderen blauen Küraffiere dem
Tode verschuldet; denn diese müssen, um das Phantom
„Regimentsehre“ zu retten, die Blauen flohen vor
Jahren in einer Schlacht, als einer der ersten floh
Marias Vater — in den kommenden Kämpfen zu¬
grunde gehen. Er, voll der Ehre, betrog seinen Oberst
mit dessen Frau, zur Rede gestellt, belügt er diesen; &amp;
doch der Oberst überrascht beide, erschießt sie undje
zwingt den Leutnant, sich zu erschießen; Marja, die
hinter der Türe die ganze Szene miterleben mußte,
fällt dem Leutnant in die Arme. Das Leben rief si
alle: Maria, die hungrige Frau Oberst; Marjas
Vater, als er das Phantom „Ehre, Vaierland“ vo
dem entscheidenden Kampse zerfließen sah; Marjasik
Base, von Todesahnung gehetzt, das Leben als Rausch
erlebend. An niemandem verhallt des Lebens Ruf,
der schließlich ein banges Staunen und Fragen aus¬
löst, während Kinder das Spiel „Leben“ erleben.
Drei lose Akte, deren Zusammenhang die Zentral¬
figur Maria herstellt. Der erste und zweite Akt,
bühnenwirksamste Einakter, wenn die Situationen
auch allzu künstlich, allzu theatralisch erscheinen. Was
auch in diesem Stücke den Dichter Schnitzter ahnen
läßt, ist das Bangen und die wilde Sehnsucht nach
dem Leben da draußen.
In der Aufführung (Spielleitung: Orell)
betonte das nur Österreichische der Dichtung
wenig — überraschte Herr Pindo als Marias Vater:
verfallenes, doch gieriges Antlitz; vampirhaft, immer
in der Furcht, seine Tochter an das Leben zu ver¬
lieren; die Sterbeszene vielleicht zu realistisch. Frau
Weisers Marja war angenehm gedämpft und müde,
so des Lebens müde, daß ihr Aufschrei zum Leben
widernatürlich klang. Herrn Oldens Oberst avan¬
cierte zum „Gardeoffizier“ in Dur. Irene, seine
Frau, sollte jung, schön und gefräßig sein, Fräulein
Dürr aber —. Andersens Max bestach durch sein
hübiches Aussehen. Frau Imles Katharina: das ins
Leben treibende, nach Erleben hungernde Kind. Dig
Herren Hofbauer, Otto und Kainz blieben mehr oder
minder farblos.
Zischen und demonstrativer Bejfall galten dem
uden Schnitzler; darüber wurde der Mensch
K.
vergessen.
richten aus Steiermark.</Unicode>
            </TextEquiv>
        </TextRegion>
    </Page>
</PcGts>
