3484 4352
1940 148 2780 230 rie en e ee e een enee
1820 215 2794 266 Stunden zusammengestampft, das Leben mit seinem
1826 261 2803 316 Jubel und seiner Niedrigkeit an ihrem Auge vor¬
1827 291 2796 349 über. Sie kommt in die Kaserne, sie schleicht sich
1817 339 2791 402 in das Zimmer des jungen Offiziers. Hinter dem
1824 392 2794 453 Vorhang des Alkovens muß sie sehen, wie die Frau
1815 421 2793 479 des Obersten, die seine Geliebte war, ihn besturmt
1824 474 2795 535 zu bleiben, nicht in den Tod zu ziehen, ihr zu ge¬
1814 523 2800 580 hören, wie der Oberst dazu kommt und die Treulose
1824 551 2798 618 erschießt, indem er dem Räuber seiner Ehre es
1824 599 2801 647 überläßt, das Urteil an sich selbst zu vollstrecken,
1821 648 2793 694 Da taucht sie hervor aus dem Versteck, in die Arme
1825 686 2806 739 des Geliebten, ihm zu gehören, auf wenige Stunden,
881 683 1743 780 Theater und Literatur.
1826 724 2808 785 bis er sich im Morgengrauen eine Kugel vor die
1828 768 2112 836 Stirn schießt.
1006 754 1687 849 „Der Ruf des Lebens“.
1928 807 2808 877 Die beiden Akte, in denen sich diese atemlose
919 824 1781 910 Schauspiel in drei Akten von Arthur Schnitzler.
1822 846 2808 928 Handlung abspielt, gehören zum dramatisch Stärk¬
1306 881 1801 956 Berlin, 23. Febrir.
1834 913 2801 974 sten was Schnitzler jemals geschrieben hat. Gewiß,
971 939 1830 997 Soeben habe ich den neuen Schnitzler, der nun
1837 941 2807 1014 es sind vielfach bekannte Klänge, die ertönen. Der
864 969 1831 1053 morgen im Lessing=Theater zum ersten Mal aufge¬
1830 998 2814 1054 Arzt, der als ein feiner Raisonneur eingeführt
864 1028 1807 1082 führt werden soll, gelesen — und da ich das Buch¬
1839 1041 2799 1105 ist — solch einen gab es ja auch im „Zwischenspiel“
858 1069 1837 1134 aus der Hand lege, umfängt mich die nachdenkliche,
1828 1076 2797 1142 — kommt aus dem „Einsamen Weg“ herüber und
869 1111 1826 1168 traurige und doch leise bestärkende Seufzerstimmung,
1832 1130 2794 1185 der zweite Aufzug bringt etwas wie die „Liebelei",
868 1161 1826 1211 in die mich die Werke dieses lieben Dichters von jeher
1835 1173 2809 1226 von der anderen Seite her gesehen. Aber es blüht
874 1204 1822 1249 einwiegen. Aus unbekannten Regionen naht etwas
1832 1219 2809 1277 doch ein neues Gruppenspiel auf, von wundersam
861 1230 1828 1307 und tragt mich fort von dem Erdenfleck, auf dem ich
1833 1259 2817 1322 geschlossener und gedrungener Kraft, das auch auf
861 1286 1826 1347 eben saß, das gedruckte Buch vor mir, trägt mich
1830 1302 2641 1360 der Bähne nicht unwirksam bleiben kann.
865 1329 1835 1377 empor auf einen stillen Hügel hoch über diesem Pla¬
1934 1327 2817 1404 Weniger gelungen erscheint mir der dritte
857 1370 1836 1434 neten. Und ich blicke hinunter und sehe die Menschen
1844 1381 2811 1438 Akt, in dem der wehmutsvolle Ausklang folgt. Er
864 1415 1826 1470 an einander vorübereilen, einsam, scheu, mißtrauisch,
1833 1436 2800 1490 spielt draußen auf dem Lande bei der Tante, der die
864 1461 1819 1522 voll heimlicher Eigenwünsche, voll verhaltener Gluten
1831 1473 2808 1533 schöne Tochter als zügellose Sucherin des Lebens
858 1504 1821 1577 und schlummernder Leidenschaften. Und plötzlich er¬
1832 1513 2809 1585 davongegangen ist. Sie kehrt zurück in fieberhafter
866 1549 1833 1609 tönt eine laute Fanfare in das Gewimmel der Adams¬
1835 1563 2809 1615 Ekstase, eine Verzehrte und Sterbende. Still steht
860 1579 1820 1656 kinder unter mir. Ein Engel mag sie geblasen haben,
1835 1612 2816 1660 Marie neben ihr, der der treue Arzt Leben und
863 1632 1826 1690 oder ein Teufel, und über die Häupter der wirren
1832 1649 2804 1700 Freiheit geschenkt, da er die Spuren ihres Vater¬
861 1678 1828 1736 Gesellen rauscht wie mit Sturmesbrausen der „Ruf
1837 1694 2802 1750 mordes verwischte. Sie hat ihre glühenden Wünsche
861 1717 1833 1775 des Lebens“. Da kommt ein Tumult in die Mensch¬
1819 1736 2812 1810 erfüllt, zur Erfüllung gezwungen, in einer Nacht
856 1765 1835 1821 lein, und sie stürmen vor in wüster Hast, jagen sich
1844 1776 2820 1836 voll von schrecklichen Dingen, von Mord und Liebe.
858 1814 1820 1860 den Rang ab, drängen und stoßen einander und laufen
1829 1822 2812 1884 Nun ist sie wieder wie einst. Alles ist wie ausge¬
856 1852 1833 1916 im Sturm zu dem Strauch, da die Rosen blühen sich
1826 1865 2808 1923 löscht. Alle Schrecknisse schwinden. Ruhig beichtet sie
867 1896 1832 1953 eine nur zu pflücken. Alle Wildheit, die in ihnen schlief,
1828 1907 2816 1980 dem Adjunkten, der ergriffen von ihr Abschied nimmt
870 1934 1832 1999 ist erwacht, das Blut kocht und es gibt ein Betrügen
1865 1956 2815 2012 — vielleicht um sie noch einmal wiederzusehen! —
863 1971 1828 2046 und Belügen, ein Morden und Sichgatten, ein Tau¬
1838 1991 2824 2057 Wundersam—! Ungeheures hat sich ereignet, aber
874 2023 1836 2091 meln im Sinnenrausch und ein Versinken in der Un¬
1823 2037 2812 2105 was bleibt übrig? Daß die einen tot sind, und die
877 2068 1089 2141 bändigkeit.
1841 2082 2820 2149 anderen leben, noch leben! Und noch Rechte haben!
986 2094 1833 2171 Ich aber auf meinem Hügel oben, ich sehe das
1837 2123 2818 2188 Das ist hin, und das ist noch da. — „Ich weiß nichts
867 2137 1834 2206 alles und sehe es wieder nicht. Alles bewegt sich vor
1842 2174 2809 2226 anderes auf Erden, das gewiß wäre“, so spricht der
872 2203 1834 2260 meinen leibhaftigen Augen, aber es erscheint mir
1846 2209 2811 2274 Arzt zum Schluß. Und die Kinder, die auf der
862 2248 1831 2313 doch wieder so unwirklich, nur wie ein Symbol, wie
1838 2252 2815 2320 Wiese dicht dabei gespielt, „lachen, laufen und ver¬
873 2284 1838 2346 ein Gleichnis nur. Da steht der Dichter neben mir
1839 2305 2257 2374 schwinden im Wald.“
873 2329 1693 2402 und sieht mich mit ernstem Blick an ....
1939 2332 2817 2414 Alles moralische Einschachteln von Gutem und
983 2347 1832 2424 Und nun will ich kurz erzählen, was sich da
1849 2388 2816 2448 Sündhaftem versinkt vor dieser primitiven und doch
860 2407 1833 2489 unten begab. Denn ich soll ja einen Bericht schreiben.
1847 2434 2816 2494 hohen Weisheit. Leben! Leben! Alles andere ver¬
974 2463 1842 2504 Also. Es war einmal ein junges Ding, von
1840 2480 2816 2537 schwindet dahinter. Alles ist zu überwinden. Der
864 2493 1838 2561 schönem Wuchs und mit runden Armen und wogendem
1837 2532 2823 2579 Mann ist sentimental; er sinkt in tausend Befangen¬
866 2549 1835 2600 Busen. Die hieß Marie Moser und lebte allein mit
1847 2563 2816 2632 heiten; Kastengeist, Ehrbegriff, Pflichtgefühl, Auf¬
872 2587 1837 2639 ihrem kranken Vater, einem bösen, argwöhnischen
1837 2620 2826 2674 opferungslust. Das Weib als das Urtümlichere,
866 2640 1836 2689 Menschen, der sie bis aufs Blut peinigte. Das Leben
1849 2660 2806 2709 Naivere hängt mit dumpfem Empfinden, halb un¬
866 2669 1836 2732 hatte sie wohl einmal geprüft und noch ein ander
1840 2692 2815 2751 bewuß“, die Angen verlangend in unbestimmte
863 2725 1833 2779 Mal. Einmal, als sie bei der Tante und der schönen
1846 2745 2825 2817 Fernen gerichtet, am Dasein und seinen goldenen
876 2760 1832 2821 Cousine draußen auf dem Lande war und der junge
1841 2793 2025 2858 Früchten.
863 2791 1840 2867 Forstadjunkt die Cousine um ihretwillen verließ, um
1938 2808 2809 2891 Schnitzler hat die Einheit des Ganzen ein
872 2850 1847 2902 ihr in stiller, innigerLiebe sich zu nähern. Aber stärker
1845 2875 2812 2936 wenig gefährdet, indem er im letzten Akt, der in einer
859 2893 1834 2949 das andere Mal, als sie mit einem jungen Offizier
1846 2920 2813 2973 neuen szenischen Umgebung spielt, auch eine neue
862 2937 1832 2994 tanzend die Nacht durchschwebte. Seit jener Stunde,
1847 2960 2809 3026 Tragödie einführt: in der entschwundenen und ster¬
862 2986 1831 3034 da die Gier nach dem Leben in ihr erwachte und sie
1843 3009 2827 3067 bend zurückkehrenden Base Katharina. Freilich, er
858 3027 1827 3078 nicht wieder losließ, da alle Sinne nach dem Manne
869 3065 2815 3120 schrien, der sie durstig an seine junge Brust gepreßt, brauchte diese dramatische Aufstuchelung des In¬
1847 3086 2828 3149 teresses, weil sonst alles in nachdenksamer Betrach¬
871 3122 1831 3169 kannte sie nichts als den einen Gedanken: ihm ge¬
1845 3132 2819 3197 tung verglimmen würde. Der Schluß wird darum
868 3149 1842 3203 hören! ihm nur einmal gehören! Doch sie ist weiter
1839 3179 2825 3238 vielleicht morgen teils zerreißend, teils matter
872 3202 1839 3267 in ihr Gefängnis gebannt bei dem bösen, kranken,
1836 3214 2825 3279 wirken; die Bühne ist ein anspruchsvoller Boden.
869 3241 1830 3317 alten Mann, der sie peinigt und nicht von sich
1831 3266 2827 3333 Aber der Leser wird dies Werk, unter dessen auf¬
867 3293 1131 3364 lassen will.
1840 3321 2829 3373 geregter Oberfläche sich Blicke bis in den Grund
984 3301 1834 3382 Da erfüllt sich das Schicksal mit ehernem
1849 3354 2818 3412 des menschlichen Wesens bieten, nicht vergessen. Aus
874 3370 1839 3440 Schritt. Der Krieg bricht aus, und mit den „blauen
1836 3391 2820 3464 den Verworrenheiten dieses Lebens den Sinn wahr¬
876 3420 1840 3479 Kürassieren“ rückt der junge Offizier ins Feld. Er
871 3445 2814 3512 zieht in den sicheren Tod. Denn vor dreißig Jahren haft zu deuten, wird keinem ganz gelingen. Aber ihn
880 3488 2819 3559 hat das Regiment durch seine Feigheit eine Nieder= ahnen zu lassen, ihn unter Gleichnissen schimmern
875 3533 2776 3609 lage verschuldet, und nun haben sich die Offiziere das zu lassen, weiß niemand wie Schnitzler. M. O.
2132 3584 2525 3676 Die Premiere.
2283 3620 2787 3713 M. O. Berlin, 24. Feb.
1922 3687 2830 3768 Schnitzlers „Ruf des Lebens“ errang am
1837 3726 2833 3814 Lessingtheater einen starken, wenn auch nach dem
1849 3789 2826 3873 zweiten und dritten Aufzug bestrittenen Erfolg.
1847 3816 2834 3923 In der vorzüglichen Aufführung tat sich namentlich
1845 3857 2831 3939 Irene Triesch als glänzende Darstellerin der
1842 3898 2824 3980 Hauptrolle hervor; neben ihr Reicher (Schindler),
1836 3956 2823 4038 Bassermann (Oberst), Rittner (Rainer), Marr
1849 3992 2834 4063 (Moser), Else Lehmann (Frau Richter), Grete
1843 4035 2830 4110 Hofmann (Katharina), Else Schiff (Irene), Stieler
1845 4081 2821 4165 (Max). Dem Ruf des Publikums konnte der Ver¬
1854 4115 2841 4206 fasser nach jedem Aufzug einigemale Folge leisten
