3436 4320
249 178 1394 277 19. Der Ruf des- Lebens
1547 179 2003 269 box 24/2
2297 247 2948 359 2 hyr Skuespll
2594 344 2653 412 af
2261 443 2995 534 Artnur Schhitzler.
2200 576 3028 685 3-Akts-Skuespillet „Livets Raah“
2382 667 2845 749 paa Lessingtheatret.
2297 792 3011 877 Det var en mierkelig Nyhed, som
2209 863 3016 925 den fejrede wienske Forlatter Arthur
2222 905 3010 970 Schnitzler, Forfatteren til „El.
2231 953 3004 1018 skovsleg“ og til „Anatole“, i Lerdags
2222 1001 3002 1067 lod lebe af Stabelen poa Berlins Les¬
2217 1053 3011 1105 Isingtheater. Den ferste Akt tog
2225 1092 3014 1159 Publikum med Storm; man veniede
2227 1150 3017 1226 efter denno noget meget befydeligt, mien
2226 1198 3005 1257 anden og specielt tredje Akt vakte rig¬
2223 1247 3020 1301 tignok mere Forundring end Beundring,
2218 1288 3015 1363 og efter Toppets sidste Fald udfegle¬
2228 1347 3008 1420 des en kraftig Kamp mellem klappende
2230 1395 2514 1454 og hyssende.
2306 1416 3018 1503 Skuespillet, der foregaar i Wien 1
2219 1475 2996 1546 Midten af forrige Aarhundrede, begyn¬
2228 1538 2986 1605 der i en gammel Mands Sygevrrelse.
2226 1589 2994 1657 Den gamle Ritmester Moser er en me¬
2218 1631 3000 1715 get svagelig Mand, men Legen mener,
2227 1692 3010 1761 at han desuagtet endnu kan, leve en
2229 1743 3012 1805 Rekke Aar, i hvilken han, der er en
2227 1784 3000 1860 Plageaand og Hustyrah af veerste Art,
2221 1832 3011 1903 lil Gavns kan pine sit eneste Barn,
2231 1891 3017 1950 Datteren Marie, der nu udger hele
2220 1921 3014 2000 hans Familie. Det er Krigstider, og
2221 1975 3011 2052 forbi den unge Piges Vinduer drager
2224 2026 3016 2100 det ene Regiment efler det andet. Blandt
2218 2080 3018 2160 disse er der et, om hvilket hele Byen
2221 2130 3005 2198 taler. Det er „de blaa Kyrasserer“
2224 2169 3016 2266 der har anmodet Keiseren om at maatte
2219 2223 2999 2292 blive stillet paa den mest udsatte Plads.
2222 2279 2996 2351 Regiinentet vil sone en Brode, det har
2229 2328 2994 2394 gjort sig skyldig i for tredive Aar si¬
2225 2381 3011 2444 den, da det en Gang midt under et
2223 2415 3006 2490 Slag har grebet Flugten, Det daarlige
2228 2476 3007 2543 Exempel har smittet, og Slaget er ble¬
2234 2529 3003 2598 vet tabt paa Grund af „de blau Kyras¬
2228 2571 2527 2631 serer“s Flugt.
2232 2601 3009 2692 # Alles Maries Tanker er hos delle
2232 2670 3010 2732 Regiment, thi ved dette tjener en ung
2237 2719 3008 2790 Officer, hun idelig dremmer om. En
2235 2777 3017 2841 eneste Gang har hun veret sammen
2231 2823 3013 2901 med ham. Det var- paa ei Bal, hvor
2235 2875 3008 2935 de nafladelig dansede sammen, og fra
2224 2924 3003 2982 dette Gjeblik har hun higet efter at
2231 2962 3003 3034 hvile i hans Favn. En ung Forstfnand,
2234 3022 3000 3076 der hyppig kommer i hendes Hjem,
2226 3064 3005 3132 anholder om hendes Haand, men hun
2235 3119 3007 3185 alviser Tilbudet ved aabent at forteelle
2224 3158 3018 3243 ham, at hun i Tankerne er en falden
2226 3217 3006 3289 Kvinde cg en Morderske. For at hvile
2239 3265 3014 3333 i den tilbedte Officers Favn, onsker-kun
2219 3299 3012 3387 saa inderlig tidt, at hendes gamle Fa¬
2217 3355 3009 3438 der maatte afgaa ved Deden, saa at hun
2231 3413 3010 3478 havde sin Frihed og kun behevede at
2227 3456 3007 3513 leve for sin Elskov. Forstmanden er¬
2227 3513 3000 3579 klerer imidlertid, at dette jo kun er
2227 3564 3010 3622 Pjank og Griller, og at han vil vente
2216 3607 2739 3681 paa, at hun skifter Sind.
2303 3629 3019 3732 Endnu samme Dag rober Faderen
2228 3711 3010 3775 hende en frygtelig Hemmelighed. Han
2235 3759 3020 3812 skrifter for hende, at det er ham, der
2237 3803 3009 3872 var den elendige, der for tredive Aar
2224 3849 3007 3920 siden fik Regimentet til at svigte sin
2226 3882 3004 3960 Pligt. Han, der var mellem Officerer¬
2232 3952 3017 4020 ne, havde pludselig hert pau Livets
2217 4002 3010 4070 Thoie Raab, Hustru og Born var blevne
2230 4046 3026 4115 ham mere end Fedrelandet. Han hav¬
2233 4089 3002 4143 de lige med ét vendt sin Hest og var
