3248 4352
1282 204 1392 256 HS
253 188 1415 302 19. Der Ruf de2
977 1130 1227 1199 . Voroikto.
881 1180 1281 1239 lcnellenangabe ohne Gewähr.)
530 1235 922 1329 Ausschnitt aus:
1081 1305 1521 1417 188 Pestar 10
543 1318 1063 1420 vom: 386H11911
544 1416 647 1479 S
670 1436 1625 1534 (Ungarisches Theater.) Arthur Schnit#
543 1504 1596 1567 ler's Komödie „Der Ruf des Lebens („Az
545 1561 1595 1608 Elet szava“) mit ihrer symbolisch angedeuteten Ver¬
538 1599 1593 1672 knüpfung von Tod und Liebe steht im fortwährenden
563 1643 1590 1714 Kampfe mit dem Thatsachensinn des Zuschauers. Die¬
565 1701 1592 1770 ser verharrt in seiner Sprödigkeit gegenüber den
565 1747 1585 1795 Lockungen der glänzend erfundenen Fabel, trotz der
565 1793 1594 1855 sichtbaren Bemühung des Dichters, die Unmöglichkeiten
562 1837 1583 1906 des Lebens als Möglichkeiten des Märchens hinzu¬
541 1900 1595 1959 stellen. Denn das Märchenhafte der phantastischen
789 1953 1376 1999 Aeues Poster Hournel.
528 2016 1569 2095 Vorgänge soll dort vermittelnd wirken, wo der Zu¬
521 2053 1629 2129 hörerwille stützig wird und dem Dichter das Mit=
526 2107 1550 2175 gehen versagt. Der Wille des Zuhörers ist jedoch in
528 2148 1551 2222 diesem Falle stark und die in Märchenkleider gehüllte
534 2206 1557 2264 Ueberredungskunst des Dichters ist zu schwach, um
528 2255 1548 2311 den harten Widerstand, der sich ihm diesmal ent¬
526 2301 1554 2380 gegenstellt, zu überwinden. Darum bleibt uns das
536 2351 1561 2415 Mädchen, das über die Leiche des vergifteten Vaters
534 2404 1564 2457 hinweg dem Ruf des Lebens folgt und seinem nieder¬
523 2449 1559 2510 gehaltenen Lebensinstinkt in den Wonneschauern
533 2488 1567 2577 einer wilden Liebesnacht die Freiheit gibt, uns
527 2544 1554 2602 ein möglichkeitsfernes Wesen trotz der flammen¬
528 2576 1569 2658 den Beredsamkeit, die Schnitzler zur Begründung
528 2635 1555 2703 seines poetischen Sonderfalles entwickelt. Der Tod
538 2695 1563 2765 als Besieger der Liebe wird in allen wichtigen Phasen
520 2752 1554 2810 der Handlung an die entscheidende Stelle gerückt und
514 2786 1566 2849 jede wichtige Wendung der Vorgänge führt an einer
522 2851 1563 2925 Leiche vorbei. Durch das ganze Stück geht das Beben
537 2892 1572 2955 des Wundfiebernden und wie ein interessanter Kran¬
537 2932 1553 3003 ker mit vergeistigter Leidensmiene liegt die Dichtung
528 2999 1559 3060 vor dem mitleidsvollen Zuschauer da. Für die junge
529 3019 1572 3105 Darstellungskunst des Ungarischen Theaters waren
533 3087 1570 3138 die in Realformen gegossenen Fabelwesen der Komödie!
533 3138 1563 3207 fast unlösbare Aufgaben. Man darf diesen Gestal¬
538 3186 1566 3251 ten mit naiver Gestaltungskunst nicht nahen und ihnen
532 3230 1570 3302 mit anfängerhafter Theatralik nicht beizukommen
538 3284 1565 3335 suchen. Und mehr als simples Theaterspiel gaben
529 3329 1575 3399 die Damen Gombaßögi (Marie), Simonyi
534 3384 1565 3446 (Kathrine), Lugosi (Max), Pärtos (Oberst)
543 3436 1564 3500 und Sebestyen (Moser) nicht. Blos aus dem ver¬
538 3478 1563 3536 zweifelten Raisonnement des von Todesfurcht ge¬
537 3535 1558 3595 schüttelten Lieutenants Albert des Herrn Tarnay
536 3577 1571 3634 glaubte man Töne zu vernehmen, die aus den
533 3620 1569 3710 Registern der Dichtung geholt waren. Das Publikum
522 3677 1595 3757 beobachtete eine mehr ablehnende, als entgegen¬
1409 3733 1558 3806 f. r.
511 3724 940 3808 kommende Haltung.
1566 167 2014 276 box 24/4
2371 388 2742 449 Ceciitrtages Ebt Arun.
1994 447 2422 534 Ausschnitt aus:
2403 494 2963 607 yetértés, Budapest
2003 504 2409 634 vom SOhTI9E
2110 721 3100 842 SZINHAZ ES MUVESZET.
2397 861 2787 943 Az élet szava:
2093 933 2771 1003 (Szinmil három felvonäsban, irta
2820 932 3117 1006 mitaler Artur.
2093 980 3109 1042 Forditotta Salgó Ernö. A Magyar Szial bemutato
2486 1023 2706 1093 elöadasa.).
2155 1056 3114 1152 Mint valami sötét, engesztelhetetlen ätok, ugy
2087 1128 3091 1189 settenkedik ennek a darabnak a levegöjében a
2090 1182 3121 1245 haläl. Itt él a haläl, itt minden mondatnak csak a
2092 1244 3119 1310 felét érezzük, itt mindenki sövärogja, sirja, köve¬
2089 1301 3112 1353 teli az életet. Az életnek, az élet jogänak szimfö¬
2086 1348 3116 1418 niäja lehetne ez a darab, ha nem bujkälna ots
2084 1407 3129 1479 minden élethez vald görcsös, szerelmes sirünkozüs
2086 1464 3119 1522 mögött a haläl gondolata. Valami borzasztö suly¬
2091 1513 3114 1580 lyal, bäntöan, kinzöan nehéz a levegö, minden
2095 1569 3122 1631 ölomszürke és komor, a szivekben sikongat az
2093 1621 3120 1680 elet, minden zugböl az élet hivó szava csendül 6s
2099 1678 3124 1752 minden sikongäsban, esendülésben titokban dobol
2093 1737 2287 1814 a gyäsz.
2176 1780 3128 1844 Schnitzier ebben a sajátos, furcsa, egy kicsit
2094 1839 3125 1911 macterlincki és kicsit ibseni darabban több alap¬
2092 1889 3124 1971 hangot is megütött. Mint a zene, amelynek sok
2095 1956 3131 2009 motivumäböl végül egyetlenegy hatalmas ária lesz,
2093 2013 3120 2065 ugy csendesül itt is el minden tételes alaphang, a
2102 2060 3056 2146 szülö és a gyermek joga, az „En“ problémäje.
3050 2080 3107 2132 a
2098 2112 3126 2193 szeretet, a rokonèrzés, a gyäsz motivuma és esak
2096 2181 3121 2238 egy hatalmas kis üs marad: az Elet. Aki mäsok¬
2102 2230 3125 2295 kal törödik, az el van tiltva a boldogsägtöl, senki¬
2105 2276 3128 2352 vel sem törödni, senkit sem sajnälni, mert minden
2093 2344 3126 2415 gyäsz hazugsäg, élni, élni, ha csak egy perczig,
2106 2401 3119 2456 egy pillanatig is, mert aztän ugyis vége, ha meg¬
2099 2444 2972 2515 halunk, nem jön utänunk semmi és senki.
2172 2490 3126 2577 Itt mindenkit az élet hiv és mindek: késön
2108 2550 3126 2623 hallja meg az élet hivó szavät. Mindenki akkor
2099 2603 3138 2676 jön, amikor mär késö, ez pedig retteneteseob, mint
2100 2675 3128 2737 a soha. A fiatal leäny, aki életének egy pillanat¬
2101 2715 3131 2783 nyi, egyetlen boldogsägäèrt az apjät gyilkolja
2108 2771 3129 2842 meg, késön erkezik, mert akihez megy, az mär a
2100 2820 3118 2893 haläl völegénye. Es mindenki mäs is megkésik, az
2104 2884 3126 2945 emberek egymästöl kösnek el és ezért kell a ha¬
2104 2922 3133 3000 lälba menni öregnek, flatalnak, ferfinak, leánynak,
2098 2980 3135 3069 asszonynak, egy ezred katonának, akiket perig
2107 3037 2866 3095 mind hiv, biztat és csalogat az élet.
2179 3090 3125 3167 Arröl la sajätes irói modorröl, gondolkodas¬
2108 3135 3126 3224 röl, amely jellemzöje Schnitzler Arturnak, nem
2110 3194 3127 3270 kell külön szölni. „Az élet szava“ voltaképpen
2109 3265 3141 3324 szimbolikus, az alakok tipusok, de nem emberi ti¬
2101 3313 3135 3381 pusok, hanem életünk szencvedéseiböl és vägyaiböl,
2104 3365 3128 3420 az élet gyötrelmes jätékäl l, sajätos forgatagüböl
2103 3410 3134 3472 kiformälödott életfelfogäsok megtestesitöi, akik
2110 3474 3123 3528 egy tikkasztö, sötét, rémes jätékban birokra kel¬
2105 3523 3118 3575 nek az élettel, a halällal és egymässal, hogy vegre
2098 3568 3130 3631 is gyözzön az Elet az öntudatos egoizmus, az öröm,
2098 3631 3118 3716 a szerelem, a percz mämora és minden, ami az
2111 3678 2703 3753 Clet hivó szaväböl kiesendül.
2169 3725 3127 3804 Ezt a darabot nem lehet egészen jöl jätszani.
2095 3784 3122 3843 Legfeljebb esak elég jöl. Sebestyén egy öreg, ke¬
2105 3840 3132 3893 gyetlen apa alakjät majdnem eltalälta, Törzs, Pap,
2099 3893 3120 3948 Tarnai, Lugost és Pärtos többé-kevésbbé beleillesz¬
2097 3948 3125 4002 kedtek a darab hangulatäba, Haraszti Miczi is
2090 4007 3129 4078 megfelelö volt, Halmi Margit beszélömüvészetét is¬
2060 4049 3130 4122 1 mét megesodältuk, ellenben Gombaszóyi Fridának
