3392 4352
1082 278 1427 341 Lebens
1568 279 2040 369 box 24/4
252 275 789 381 19. Der Ru
700 277 1433 387 Ruf des Lanehs
2381 1134 3359 1234 —.. —.. Agrlommen Dimn; 9e Gesaster her
1479 1140 1811 1215 ung der 25
584 1175 2408 1253 beitslosigkeit möge die Wanderungsfrage in ihr Programm auf= wurde die Konferenz geschlossen.
2965 1201 3371 1270 zumischen. Gan
580 1226 798 1287 nehmen.
2953 1234 3363 1296 ldeutschen M
1770 1339 3360 1400 Lichtstrahlen zu ihr senden will, dieweil sein Haupt schon vom Unrecht, Mord, El
877 1348 1539 1443 Theater und Kunst.
1790 1375 3015 1434 Dunkel des Sterbens umlagert ist, den Schrei nach dem Leben.
3007 1386 3361 1448 Ruf des Lebens u
1800 1423 3015 1473 Auch er ist ein Lebenshungriger, aber die Sehnsucht, mit der die
3012 1423 3374 1487 nießer dieses starke
664 1412 1817 1488 Münchener Kammerspiele. Der Ruf des Lebens, Schau¬
1806 1464 3369 1523 Schnitzlerschen Menschen das Leben umfangen, wurde zur fressen= die gehäufte Theat
569 1472 1818 1541 spiel in drei Aufzügen von Artur Schnitzler. Seien wir offen
1795 1510 3013 1576 den Gier. Einer von denen, die ihr Leben verspielten, weil sie
3004 1504 3359 1578 knall und Schwind
637 1522 1811 1570 der Ruf des Lebens, dieses athletisch aufgetriebene Stück knal¬
1802 1554 3010 1616 nicht spielten. Wehe denen, die so den Ruf des Lebens überhören
3005 1545 3373 1627 die in leisen Unte
583 1560 1811 1620 liger Handlung, ist ein traurig daneben geratenes Produkt falschen
1803 1599 3011 1658 und alt werden und sterben, ohne in jenem wundervoll verschlun¬
3000 1597 3365 1671 „Handlung", „Vor
592 1606 1804 1666 Ehrgeizes. Wer, der es nicht wüßte, würde erraten, daß es von
1805 1647 3013 1705 genen, aus Liebe und Wonne gewebten Spiel des Lebens mitgetan
2999 1647 3361 1707 rende Sehnsucht,
590 1651 1798 1703 Schnitzker sei? Der Dichter wollte in Verblendung aus seiner
1799 1684 2033 1756 zu haben!
3009 1690 3374 1745 einigkeit der Wien
589 1682 1808 1751 weichen stillen Art heraus, die ihm doch den Stempel gegeben, hin
1861 1718 3021 1804 Da sind im zweiten Akt die blauen Ulanen: weil vor Jahren
3000 1734 3365 1792 aber der Dichter v##
589 1733 1821 1795 zu Sudermanns lärmenden Erfolgen. Und so schnitzlerte er dies¬
1802 1763 3020 1822 ihr Regiment eine kriegerische Schuld auf sich lud, sind sie bereit,
3000 1768 3375 1830 Klima der Begeben
594 1777 1812 1832 mal keines der feinen Gebilde, die wir so lieben in ihrer zarten
3005 1824 3370 1880 die bei Schnitzlers
1797 1814 3022 1872 jetzt diese Schuld abzutragen. Als totgeweihtes Regiment wollen
589 1823 1811 1879 Form, in ihrem flimmernden Duft, in ihrem Reiz kultivierter
3008 1851 3373 1930 wohl hatte das St
1812 1856 3013 1911 sie in den Kampf ziehen, keiner von ihnen wird zurückkehren.
590 1860 1815 1926 Sinnlichkeit, in ihrer schwelgenden Melancholie, in ihrem verträumt
3012 1904 3367 1970 wärtigen früheren
1800 1910 3011 1961 Heldenregungen, der Heroismus hat sie gepackt! Sind sie wirklich
583 1911 1798 1959 Spielerischen, so kam er als ein muskulöser Zimmermann mit
1802 1951 3021 2003 Helden, oder Narren? Sie nehmen Abschied von den Ihren, sie
3002 1949 3370 2017 sönlich zeigte, nahn
589 1955 1796 2010 robusten Axtschlägen. Seht, ich vermag auch eine „Handlung“
1801 1993 3020 2059 gehen mutig in den Tob für Gott, für König und Vaterland. Wo
585 1986 1814 2054 herauszuhauen, kann auch ein kraftvoller Kerl sein! Aber warum,
2997 1997 3366 2059 Sieg ist nun aber
1798 2039 3371 2094 liegt der Sinn? Nachruhm? Ehrgeiz? Heroismus? Sie haben der Kammerspiele
587 2042 1812 2105 o Artur Schnitzler, folgtest du diesem Ruf des Lebens? Schweiß¬
1803 2082 3015 2137 im Spiel des Lebens nicht mitgespielt! Sie werden verröcheln,
3013 2084 3364 2142 etwa noch dem s#
583 2084 1822 2136 triefend arbeitetest du auf Theatralik hin, die dir doch unter den
3008 2119 3373 2188 (Leutnant Max) stch
589 2126 1811 2192 Händen immer wieder zerrann. Das Stück wurde schlecht (nimm
1811 2168 3374 2233 Brunst durchs Leben gaukelt, und unter Heldendelirien zu den Herr Ziegel als
579 2172 1814 2237 mir's nicht übel), aber du selbst bliebst intakt, denn gottlob, du
579 2218 3026 2284 wurdest nicht ganz ein Sudermann! Allein mußte das junge Toten sinken, wie diese unter Liebesdelirien zu den Toten sinkt.]
3005 2202 3370 2277 mal mehr konvent
3006 2258 3361 2317 auf die Regie zu
586 2261 3019 2311 Mädel, dessen Lebenshunger uns entgegenbebt, den Vatermord auf Doch, à propos, wie stillte denn Maria, die Mörderin des ersten
1805 2303 3016 2363 Aktes, ihren Lebenshunger? Je nun, in der Nacht noch schlich sie
3003 2295 3365 2354 gangen, das Stück
584 2305 1806 2363 sich laden? Es sollte wohl einmal nicht bloß geliebelt werden, die
1806 2344 3368 2406 sich in die Leutnantsstube, doch aus dem gewohnten Schnitzlerschen des Tempos spezifi
582 2350 1810 2402 Pathetik, die Tragik sollte her. Und so folgt das liebefiebernde
1796 2389 3011 2443 süßen Abenteuer wurde wieder Sudermannsche und noch schlimmere
3005 2392 3370 2444 daß man es verlan
592 2393 1810 2442 Ding nicht einfach dem Ruf des Lebens, der von einem feschen
1852 2437 3015 2488 Theaterei. Neben der Heldenschafsköpfigkeit der Kasernen¬
2999 2432 3364 2491 man aber doch we
587 2425 1819 2488 Leutnant ausgeht, um nach Schnitzlerscher Art selig und unselig
1799 2475 3018 2540 menschen (immer wieder von roher Ironie durchflochten) wird uns
2998 2478 3377 2540 und offenbarer Wi
577 2477 1813 2539 zu werden. Nein, der Geist Sudermanns wird beschworen, und
1802 2517 3017 2575 noch der Ehebruch der Frau Oberst aufgetischt, die zum jungen
3000 2521 3344 2577 was soll man
585 2522 1817 2577 der boshafte Greis, der in grimmem Neid auf die Jugend die
1803 2559 3359 2618 Leutnant auf die Bude kommt, fatalerweise aber vom Herrn Oberst schlechtstierchen sag
584 2567 1809 2625 Tochter an seinen Krankenstuhl bannt und dessen galligen Haß wir
1792 2588 3378 2672 überrascht und niedergeschossen wird. Zum zweitenmal hopst Pensionsbackfisches
586 2599 1811 2664 schlucken müssen, muß von der Hand der Tochter Gift schlucken,
1806 2650 3017 2709 Maria, die hinter der Gardine die Dumasszene belauscht, über eine
3008 2640 3366 2710 Geschöpf zur beina
582 2648 1818 2717 damit sie die Tür zum Leben aufmachen kann. Das Publikum hat
3008 2701 3356 2754 Sentimentalität d
592 2703 3019 2745 sein „packendes Geschehnis“. Aber Gift auf der Bühne ist immer frische Leiche, diesmal mit ihrem Leutnant zusammen. Ehe der
588 2744 3355 2792 geschmacklos, so geschmacklos wie der Revolver und verwandte Eheeinbrecher sich selbst aus dem Leben knallt, genießen beide den der liebestollen
592 2789 3356 2841 „schmerzstillende“ Mittel. Und wenn nach dieser Missetat — sie Lebensrausch einer einzigen Nacht. Dann aber kommt die Er= Frl. Undas ehe
1800 2828 3362 2890 nüchterung. Maria geht mit der Verzweiflung einher. Sie mußte vom Reiz des Verf
587 2825 1816 2894 gehört in die Kapitel der 10=Pfennigheftchen — nun gar die Mör¬
1803 2877 3368 2925 die Irren und die Wirren sehen, die tragische Gebärde kommt jungen Offizier
591 2877 1809 2926 derin von der noch warmen Leiche des Vaters weg in erotischer
587 2919 3007 2976 Ekstase ihrem Liebsten zueilt, so ist das noch geschmackloser. Doch herangekrochen. Allein da ist der Räsoneur des Stückes in Gestalt
3010 2915 3357 2967 Doktor, das Sprach
3002 2962 3371 3019 mir weniger hölzer
583 2954 3016 3003 Schnitzler kann sich nicht ganz verlieren. Die mit dem dritten Ohr eines Arztes — er reicht der Enttäuschten die heilende Medizin.
591 3004 3379 3053 hören aus des alten Vaters Wüten, der die Lebensfrische der jun= Wozu die Haare raufen, flennen, in Verbitterung sinken? Alles, mierte, zu viel Gre
587 3050 3371 3124 gen Tochter haßt, der sich gegen das Glück aufbäumt, das seine was geschieht, ist Leben, geben wir den Dingen keine Worte, wie seinen grillenhaften
679 3141 1651 3289 Nnl Var
1110 3352 1319 3441 107
