3436 4352
263 151 1431 268 19. Der Ruf des Lebens
1561 166 2039 274 box 24/2
1510 823 1922 915 Die Berliner Theater.
2400 837 2527 929 291
899 918 2527 1010 Haus seit der Mitte der neunziger Jahre des vergangenen Jahrhunderts soloohl in
900 974 2527 1055 Hinsicht seines schauspielerischen Personals wie seines Repertoires befindet, ist es in
899 1022 2531 1107 keine frischere und kräftigere Bewegung eingetreten, und die Hoffnungen, die man
900 1057 2524 1151 auf den neuen Intendanten setzte, haben sich nicht erfüllt. Es kann von einem Hof¬
900 1112 2531 1202 theater nicht gefordert werden, daß es mit seinen Darbietungen immer an der Spitze
891 1162 2534 1223 des Allerneuesten steht. Nicht nur seine Beziehungen zu seinem Patron und seine
898 1217 2518 1284 Traditionen, sondern auch die Verantwortung, die es dem Volke gegenüber als eine
890 1248 2528 1339 künstlerische Bildungsstätte von ungleich größerer Bedeutung als die Museen gat,
895 1302 2529 1366 verbieten ihm, seine Pforte wahllos jeder Neuerung in der Dichtung oder der
896 1361 2532 1404 theatralischen Darstellung zu öffnen. Dem Dichter mag erlaubt sein, was ihm
896 1405 2525 1465 gefällt, aber das Schauspielhaus hat Rücksichten auf die Erziehung der Zuschauer
900 1458 2520 1530 zum Schönen, auf die gute Sitte, den Anstand und den edleren Geschmack zu
896 1490 2511 1576 nehmen, es darf nicht zum Versuchsfeld einer sogenannten freien Bühne erniedrigt
900 1530 2510 1616 werden. Auch würde ihm sehr bald das Publikum für den Versuch fehlen. In
885 1581 2520 1667 Berlin gibt es so viele Privattheater, die jeder neuen Richtung, sobald sie mit dem
896 1642 2517 1718 nötigen Selbstbewußtsein der Unfehlbarkeit auftritt, bereitwillig dienen, daß der
890 1683 2521 1745 dichterischen Produktion dadurch kein Schaden geschieht, wenn sich ihr das Hoftheater
887 1730 2519 1818 spröde verschließt. Allein diese Sprödigkeit muß ihre Grenze haben, sie darf nicht zur
883 1780 2519 1818 Ausschließlichkeit erstarren. Denn keine Bühne kann von ihren Traditionen, von
881 1828 2519 1904 den Aufführungen klassischer Dramen und alter Lustspiele auf die Dauer leben; sie
885 1870 2519 1950 bedarf der Luft ihrer Zeit und der neuen Bildungselemente. Betrachtet man, wie
888 1929 2511 1997 gering in dem Repertoire des Schauspielhauses die moderne Dichtung vertreten ist,
889 1963 2517 2041 so wird die Teilnahmlosigkeit des Publikums ihm gegenüber begreiflich. Nur die
880 2022 2512 2087 munteren Komödien Oskar Blumenthals erscheinen häufiger; von Wildenbruch sind
882 2051 2505 2137 die Dramen: „Die Tochter des Erasmus“ (1900) und „Kinig Laurin“ (1902),
875 2094 2506 2187 von Ludwig Fulda „Herostrat“ (1898) und „Schlaraffenland“ (1899), von Gerhart
879 2162 2512 2212 Hauptmann „Hannele“ (1893) zur Aufführung gelangt. Von Hermann Sudermanns
883 2197 2511 2274 Stücken hat keins die Schwelle des Schauspielhauses überschritten, obgleich Schau¬
889 2253 2509 2326 spiele wie „Heimat“ und „Das Glück im Winkel“ eigentlich ein Anrecht an eine Bühne
883 2308 2515 2374 gehabt hätten, deren Bedeutung und Stolz dreißig Jahre lang, unter der Leitung
880 2346 2499 2423 Bothos von Hülsen, in der Darstellung des bürgerlichen Schauspiels lag. Was sonst
871 2398 2504 2465 das Schauspielhaus von Neuigkeiten aufführte, war meist so minderwertig, daß es
880 2435 2497 2514 schon nach wenigen Vorstellungen von den Brettern verschwand, so in dieser Spiel¬
882 2494 2487 2563 zeit Dietrich Eckardts romantische Komödie in drei Akten „Der Froschkönig“
867 2524 2499 2613 (Sonnabend, den 25. November 1905) und das Drama in drei Akten
883 2576 2490 2659 „Venus Amathusia“, von Max Dreyer (Sonnabend, den 16. De¬
872 2633 2498 2703 zember 1905). Seit dem Rücktritt Otto Devrients im Dezember 1900 von der
867 2668 2503 2749 Leitung des Schauspielhauses war der Oberregisseur Max Grube die entscheidende
867 2709 2489 2794 künstlerische Persönlichkeit. Graf Hochbergs Interesse gehörte fast ausschließlich der
874 2773 2497 2854 Oper; er überließ, als er nach dem Tode Bothos von Hülsen im Oktober 1886 von
862 2832 2493 2886 Kaiser Wilhelm I. zum Intendanten der königlichen Schauspiele ernannt worden
875 2871 2503 2940 war, das Schauspielhaus nacheinander den Regisseuren Deetz, Anno, Otto Devrient
866 2904 2502 2996 und zuletzt am längsten und verhängnisvollsten Max Grube. Das Berliner Publikum
866 2952 2493 3033 hat Grube zuerst im Ensemble der Meininger kennen gelernt: er spielte in Schillers
867 3000 2496 3060 „Jungfrau von Orleans“ im März 1887 den Talbot und trat im Herbst desselben
860 3067 2495 3134 Jahres zum Schauspielhause über. Richard III. war, wenn ich mich nicht irre, seine
860 3100 2496 3177 erste Rolle auf unsrer Hofbühne. Grube ist ein Mann von vielseitigen Kenntnissen
868 3140 2479 3220 und einer leidenschaftlichen Liebe zum Theater. In seinen Anfängen auf der Hof¬
858 3192 2485 3267 bühne von 1887—1893 habe ich Gelegenheit gehabt, ihn in den verschiedensten
856 3232 2488 3317 Rollen zu sehen. Seine eigentliche schauspielerische Bedeutung lag in der Darstellung
862 3282 2487 3359 des Grotesken; Shakespeares Caliban im „Sturm“ den er 1890 zum ersten Male
856 3318 2491 3417 spielte, ist mir in der Einnerung als seine originalste Leistung geblieben. Das
866 3382 2517 3441 Verhängnis für seine Leitung des Schauspielhauses war weniger die Unentschlossenheit
854 3432 2500 3516 und Unsicherheit seines künstlerischen Urteils als sein Ehrgeiz, sich als Schauspieler
2136 3486 2254 3547 19*
