3436 4352
1583 165 2039 254 box 24/5
265 174 1441 265 19. Der Ruf des Lebens
1725 615 1828 705 Ran
1730 694 2701 753 Figuren, die nur vom Willen des Dichters ge¬
1739 737 2709 791 schoben werden, Bilder, die keine Klarheit be¬
1737 775 2616 836 sitzen, die sich in krausem Reigen verzerren.
1770 804 2706 878 Immerhin, — Schnitzler müßte, worüber ja
1726 844 2712 912 wohl nicht mehr zu reden ist, kein Dichter sein,
1728 900 2709 957 und es müßte nicht gerade Schnitzler, das heißt
1725 938 2710 997 ein geistig schaffender Künstler sein, wäre ihm
1725 975 2707 1024 nicht die ftgürliche Materialisation seiner Ibeen
1721 1011 2704 1058 und seines Wollens in einem gewissen Grade ge¬
1725 1052 2703 1097 lungen; aber der Gedanke des schaffenden Lubens,
1728 1095 2708 1146 das in jeglicher Schicksalsgestaltung den Höhen
1728 1137 2710 1187 eines befreienden und beruhigenden Wirkens
1721 1172 2711 1236 entgegen schreiten muß, und daß leben nicht
1721 1209 2708 1255 bloß kämpfen und für Gedanken, Ideale und täg¬
1724 1251 2712 1293 liches Brot sterben, sondern auch Ueberwindung
1727 1287 2705 1339 des Schicksals durch Arbeit und Gewinnung eines
1727 1328 2710 1384 Lebensziels heißt, — diese Tendenz vermochte
608 1305 1541 1459 #sei1g Pra. Sfurter Sesenter
1721 1360 2701 1418 weder der Dichter, noch der Meister der dra####
912 1376 1500 1480 und Imiigenz Blatt
1719 1397 2697 1446 tischen Charakteristik überzeugend zu gestalte—
1716 1431 2714 1502 Der Dichter redet nur der dramatische Gestalter
975 1451 1444 1538 Krankfurt a. M.
1722 1489 2721 1543 vergreift sich in den Behelfen und kurbelt eine
1731 1521 2711 1568 Menge Geschehnisse ab, die stillos in das philo¬
1723 1555 2698 1612 sophische Gerüst des Schauspiels hineingerückt
1729 1601 2706 1661 werden. Wenn die Tochter, um zur Freiheit und zu
866 1568 1570 1676 „Der Ruf des Lebens.“
1717 1635 2694 1690 ihrem Lebens= und Liebesglück zu gelangen, das
1726 1671 2701 1725 Ende des todkranken Vaters beschleunigt, wenn
752 1654 1719 1742 Eine Schnitzler=Erstaufführung im Neuen Theater.
1733 1714 2720 1763 sie im Alkoven hinter dem Vorhang stumme Zeu¬
821 1723 1708 1776 Man kann sich nur damit einverstanden er¬
1725 1751 2719 1812 gin sein muß, wie der Oberst seine Frau im
754 1772 1717 1826 klären, daß die Theater nicht hinter sensationellen
1724 1792 2714 1848 Zimmer ihres Geliebten erschießt, wenn der Tod
752 1811 1717 1867 Tageserfolgen herjagen und das weite Feld zwi¬
1729 1828 2706 1884 sinnlos wütet, einen nach dem andern verschlingt.
758 1849 1716 1893 schen Novität und Repertoirestück, auf dem so
1714 1876 2704 1922 dann klafft der unüberbrückbare Abstand zwischen
768 1893 2710 1961 schöne künstlerische Erfolge zu holen sind, brach durchgeistigter Lebensphilosophie und schlechter
753 1930 1718 1980 liegen lassen. Wenn aber ältere Werke zugkräf¬
1716 1937 2703 2002 Dramatik immer breiter und tiefer. Einzig die
748 1970 1714 2024 tiger Autoren dem Schicksal der Vergessenheit
1721 1986 2706 2037 Gestalt des klugen Dr. Schindler. der den
749 2013 1714 2076 entrissen werder len, dann muß es entweder
1720 2017 2714 2076 zerfließenden Dingen feste Umrisse und Richtung
750 2045 1514 2096 dichterisch oder so spielerisch lohnen.
1720 2059 2707 2120 zu geben bemüht ist, re##et von diesem dunklen
1502 2080 1732 2152 ler. „Der
800 2094 1486 2167 Bei dem jetzt aufgeführten Schni
1724 2102 2721 2146 Schicksalsdrama, das den glänzenden und
741 2126 1716 2193 [Ruf des Lebens“ der vor 12 Jähken zum
1714 2133 2717 2195 liebenswerten Anatoldichter so wenig wieder er¬
755 2171 1731 2237 ersten Male ertönte, aber kein Echo fand, lohnt
1719 2180 2709 2244 kennen läßt, wie den hellsebenden, kampfesfren¬
755 2223 1713 2269 es weder nach der einen, noch nach der anderen
1721 2220 2699 2261 digen Polemiker des Professor Bernhardi, was
750 2247 1720 2298 Richtung. Schnitzler hat hier allerhand Grübe¬
1711 2257 2696 2306 an praktisch=brauchbaren und positiven Werten zu
743 2288 1706 2337 leien über die Tragik des Lebens und über Schick¬
1719 2298 2704 2347 retten ist; viel ist es ohnehin nicht: ein wenig
746 2333 1706 2384 salsbestimmung in dramatische Form gebracht; es
1716 2336 2706 2385 Lebensweisheit, einige gescheite Worte. Was
744 2363 2709 2434 sind Variationen über ein bestimmtes Thema, aber ist der Sinn des Ganzen? Det Tod regiert
749 2404 2427 2458 und das ist der größte Irrium des Stückes. Nicht das Leben und das Leben den Tod!
752 2447 1725 2492 das Leben spiegelt sich wieder, es ist phantastische
1763 2439 2703 2510 Das Neue Theater hat sich zur gepflegten
744 2488 2706 2540 Schreibtischarbeit, der die starken dramatischen! Schnitzlerbühne entwickelt. Seine Verdienste
734 2517 2716 2599 Impulse feblen. Worte, die nicht überzeugenI nach dieser Richtung sind bekannt und virlleiche¬
2048 2566 2199 2621 m
1675 2612 2710 2688 # ist diese künstlerische Aspiration auch der Grund
1736 2659 2709 2710 der Aufnahme gerade des Rufs des Lebens. An
1733 2696 2718 2758 sorgfältiger Vorbereitung ließ die Aufführung
1732 2738 2617 2797 nichts zu wünschen, die Spielleitung He
1733 2756 2720 2842 mers blieb weder in der liebevollen szenischen
1726 2827 2714 2874 Kontur noch in der Betonung der Stimmung,
1728 2853 2713 2911 des Gefühlsmäßigen und Dramatisch=Sinnlichen
1728 2892 2704 2945 dem Dichter etwas schuldig, leider scheiterte diese
1735 2931 2708 2991 gewissenhafte Bemühung öfters an dem Stück
1727 2970 2710 3020 und seinen organischen Fehlern. Der Heldin
1736 3009 2716 3077 Marie hätte Klara Wassermann ausge¬
1731 3046 2701 3102 sprochenere Farben und Töne geben müssen;
1733 3089 2706 3147 etwas mehr Robustheit und weniger Feinheit
1730 3126 2705 3184 und Feinfühlig eit hätte stärkere Eindrücke
1731 3161 2709 3218 hinterlassen. Tie erfreulichstn Leistung des
1735 3199 2708 3256 Abends in ihrer schlichten Wärme und herzlich¬
1726 3238 2707 3298 klugen Natürlichkeit war die des Franz Kauer,
1726 3280 2709 3331 der in der Gestalt des Dr. Schindler als eine
1742 3320 2710 3364 Art Schicksalsdeuter durch das Stück geht. Eino
1736 3361 2724 3413 eindringliche Krankenphysiognomie schuf Otto
1734 3383 2727 3460 Henning, häßlich und realistisch, aber nicht
1737 3436 2727 3496 ohne schauspielerische Wirksamkeit. Gute Töne
1737 3477 2728 3543 zu einer somnambulen Mädchengestalt fand Sita
1738 3522 2716 3562 Stauh, in militärischen Typen boten F. W.
1737 3555 2714 3622 Schroeder in einer tragisch unterstrichenen
1734 3594 2710 3638 Szene, ferner Otto Wallburg und Willn
1741 3634 2704 3685 [Umminger tüchtige Leistungen, die nach er
1743 3667 2704 3723 schöpfendem Ausdruck strebten, aber hinter den
1739 3701 2693 3769 Worten ihrer Rollen das Persönliche nicht auf
1737 3746 2703 3797 leben lassen konnten. Carl Eggers=Dechen
1750 3792 2701 3845 Leontine Sagan und Gustl Sieger bemühten
1744 3827 2704 3880 sich ebenfalls nach Kräften um das Schauspiel
1740 3867 2698 3934 dessen drei Akte Robert Neppach in gut er¬
2509 3892 2688 3970 H. W.
1750 3903 2329 3977 faßte Bühnenbilder kleidete.
