3484 4352
1246 216 1322 270 e
1118 214 1169 272 L
276 207 1431 308 19. Der ee e e e e    e
379 437 1512 504 Ausschnitt aus: de Neue Zeitung, Wien
730 530 1018 603 130K1. 1911
379 541 550 599 vom:
539 634 1388 744 Theater und Mndfin.
673 723 1290 803 Deutsches Volkstheater.
496 767 1517 838 Als Neueinstudierung bot diese Bühne Schuitlers¬
403 834 1504 886 „Der Ruf des Lebens“. Der Inhalt des Stückes,
409 878 1499 925 von früheren Aufführungen bekannt, sei kurz stizziert: Es
395 903 1516 964 treten in dem Schauspiel Personen auf, denen der Ruf des
396 960 1506 1000 Lebens mehr gilt als Kindes= und Gattenpflicht, Ehre und
402 988 1502 1030 Gerechtigkeit. Sie werden zu Verbrechern an Menschen und
405 1026 1514 1077 Menschenwürde: Marie, die Tochter des alten Mosers, die
395 1065 1506 1125 um einer Leidenschaft willen ihren Vater vergistet, Irene,
402 1105 1514 1167 des Obersten Frau, die Untreue um Untreue begeht,
409 1146 1511 1190 Mariens Base, Katharine, die sich zur Dirne stempelt, und
409 1183 1514 1244 wieder der alle Moser, der trotz seiner 79 Jahre sich selbst
394 1236 1515 1278 leben will und seine junge blühende Tochter tyrannisch an
395 1269 1521 1321 sich kettet. Diesen Gestalten stehen andere gegenüber, die
397 1312 1519 1354 dem Ruf des Lebens ihr Ohr verschließen und den recht¬
401 1347 1522 1407 lichen Weg gehen, durchwegs selbstlos, selbstvergessen. Einem
400 1384 1525 1427 dioser Männer läßt Schnitzler das letzte Wort im Stücke.
494 1424 1522 1470 Ueber die Darstellung ist nicht zu viel gesagt, wenn
396 1475 1514 1521 man jede einzelne Leistung dem Geist des Stückes voll¬
405 1499 1520 1556 kommen angepaßt bezeichnet, Charakteristische, künstlerisch
395 1540 1516 1589 wertvolle Figuren bieten Lackner (alter Moser), Erika von
402 1586 1529 1629 Wagner (Marie), Mary Bukovics (Katharine), Annemarie
399 1621 1523 1675 Steinsieck (Irene), Onno (Mar), Kuischera (Dr. Schindler),
399 1660 1523 1705 Edihofer (Forstadjunkt) und Kramer (Oberst); wir wollen
406 1701 1527 1758 den Kreis nicht schließen, ohne Frau Thaller und Wilhelm
400 1752 1504 1800 Klitsch miteinzubeziehen. Dem Stücke wurde vom Haus¬
402 1780 1028 1854 eine herzliche Aufnahme bereitet.
751 2456 1266 2525 (Vochellangape eüne Gewahr.)
928 2513 1482 2601 Deutsches Tagblatt
429 2544 861 2616 Ausschnitt aus:
861 2563 1509 2669 Ostdeutsche Rundschan
741 2613 1028 2698 130K1 1974
437 2635 592 2700 vom:
1089 2651 1263 2726 Wiar
569 2746 1543 2815 Deutsches Volkstheater. In einer guten Neu¬
472 2789 1555 2840 inszenierung wurde Sonnabend Schnitzler4Schau¬
488 2830 1542 2891 spiel „Der Ruf des Lebens“ vorgeführt. Zu
488 2876 1558 2931 dieser literarischen Waffentat hat man sich sicher durch das
488 2917 1554 2977 soldatische Milieu des Stückes verleiten lassen. Ob man
482 2966 1545 3030 mit der Wiederbelegung dieses düsteren Schauspiels,
482 3010 1545 3073 dessen konstruierter, ganz unwahrscheinlicher Konflikt
479 3052 1556 3104 niederdrückend und entmutigend wirkt, der militärischen
476 3094 1551 3164 Sache einen besonderen Gefallen erwiesen hat, sei in
474 3130 1548 3214 diesen großen Kriegstagen nicht weiter untersucht. Die
470 3178 1546 3237 Darstellung wurde den gestellten Aufgaben überall ge¬
478 3238 1549 3287 recht. Sie meisterte mit Routine das Theatralische und
477 3277 1535 3337 suchte die Stimmungen auszuschspfen. Gute Punkte sind
481 3312 1553 3407 in die Führungslisten der Herren Lackner, Kutschera,
476 3356 1552 3413 Klitsch, Edthofer und der Damen Wagner
458 3390 1047 3479 und Bukovic einzutragen.
1356 3408 1535 3480 A. U.—
1589 195 2051 290 box 24/5
1853 992 3006 1136 Ausschnitt aus: Wiener Mittags-Zeitung
2094 1046 2390 1129 130KT 1914
1853 1089 2025 1146 vom:
1929 1206 2804 1334 Fheater und Kunst.
1892 1324 2942 1377 (Deutsches Volkstheater.] „Der Ruf des
1794 1371 2943 1423 Jebens“, Schauspiel von Arthur Schn##er. Vielleicht
1805 1421 2943 1480 die denkbar aktuellste Reprise, wenn auch alle Stichworte der
1800 1462 2938 1508 Massenbegeisterung fehlen und ein dumpfer, herber Ernst
1805 1506 2970 1569 eher zu den Schattenseiten einer edel und selbstlos exaltierten¬
1793 1546 2930 1601 Zeit führt. Doch erblüht Geheimnis wie Reichtum der letzten
1792 1590 2926 1631 Anspannung schäumenden und ringenden Lebens hier in
1794 1637 2940 1690 überschwänglicher Vielfalt. Und Philosophie wie Reflexion
1781 1670 2926 1729 über äußerste und geheimnisvollste Menschlichkeiten sprechen
1784 1714 2940 1765 mit der unbedingten Gewalt des Mythischen. Diese Dichtung
1779 1754 2935 1820 rückt Tatsache und Geste des Krieges zurück, in allgemeinen,
1794 1795 2934 1857 in flüchtigen Umrissen zeichnet sich der große Hintergrund
1780 1846 2941 1899 von den stürmischen Fluten spezieller Schicksale ab. Und in¬
1783 1889 2948 1930 diesen Schicksalen mengt sich kalte dramatische Ironie mit,
1788 1926 2950 1989 fäst überspritzter leidenschaftlicher Lyrik, reiht sich barockes
1794 1980 2944 2032 Pathos an Sentenzen des kosmisch allgütigen Lebensver¬
1789 2015 2939 2075 ständnisses. Szenen, die man nicht missen möchte im Diarium
1780 2062 2939 2115 deutscher Theaterkunst, da sie voll sind von sanft elegischem
1786 2106 2931 2159 Verklingen und rein in dieser objektiven, aphorismenfreien
1791 2145 2938 2199 Wehmut, stehen neben Momenten, die blanke und unbeküm¬
1780 2198 2942 2245 merte Bravour geschmiedet hat oder in denen ein phantastisch
1788 2239 2942 2292 scharfer Geist Tragik und Dialektik boshaft mischt. Ganzsge¬
1790 2280 2939 2332 wiß wird hier des Oeftern experimentiert und getändelt mit
1777 2317 2946 2366 den Schleiern und Bedrückungen des Unabänderlichen. Wenn
1785 2359 2950 2429 auch dieses, Spieles Beweglichkeit in allen Farben tiefsinniger
1788 2405 2935 2454 Laune fazettiert. Doch hängt über jedem Wort dieser kühnen
1776 2429 2955 2508 Gaukelei die dunkle Kraft einer Stimmung der Ferne undder
1782 2495 2944 2554 ehrfürchtigen Ungewißheit. In der Fabel dieses Stückes mag
1788 2534 2943 2598 manches dem ekstatischen, auf die Konturen allgemeiner
1778 2570 2939 2639 großzügig popularer Schicksale eingestellten Blick jetzt unge¬
1774 2618 2933 2661 bärdig und allzu eng in seiner burlesken Manier erscheinen.
1787 2662 2939 2717 Seine innere Musik aber beschwingt und umleuchtet die
1774 2709 2934 2758 eherne Gegenwart. Das Deutsche Volkstheater hatte eine
1776 2746 2938 2787 Vorstellung aufgeboten, in der eine selten einhellige und ge¬
1791 2785 2929 2840 schlossene Frische und Präzision lag. Herr Onno spielt nun
1790 2838 2935 2889 den jungen totgeweihten Leutnant. Und hat sich vielleicht noch
1788 2879 2940 2921 nie zu solch beklemmend gedämpfter Schwungkraft und Be¬
1791 2913 2939 2979 feuerung des Tones erhoben. Herr Lackner ist in der Rolle.
1788 2962 2943 3022 des alten Moser von erfinderischer Realistik, Herr Kramer
1789 2999 2935 3058 ein Oberst, zwar ohne die letzte Härte dieser etwas
1790 3048 2927 3103 komödiantischen Dämonie, aber straff und kalt: in den
1784 3093 2925 3141 Frauenpartien war Frau Wagner neu als Marie und
1790 3138 2935 3194 ihre passive, heftig=stille Kraft fand hier schöne intensive Ge¬
1787 3178 2933 3232 legenheiten, während Fräulein Bukovics die Ophelia¬
1791 3209 2927 3290 Silhonette der Katharina zwar nicht mit der feinen Geistig¬
1788 3261 2933 3324 keit, wie einst Paula Müller, zu füllen vermochte, ihr aber
1789 3312 2945 3369 alle Klugheit der Auffassung und alle erforderliche anämische
1787 3343 2943 3409 Lieblichkeit des Spiels gab. Von der alten Besetzung waren
1783 3380 2943 3457 Frau Thaller, Herr Kutschera und Herr Edthofex.
1780 3434 2929 3484 geblieben. Erstere durch ihren herzlichen Ton ebenso er¬
1785 3478 2935 3548 freulich wie die beiden letzteren durch ihre vornehme und
1787 3518 2397 3589 überaus stilvolle Reserviertheit.
2757 3513 2899 3587 10.
