3484 4224
1601 161 2075 258 box 24/4
305 177 1469 268 19. Der Ruf des Lebens
1822 697 1886 780 1
754 757 2052 812 Schauspiels „Der Ruf des Lebens.“ Wir selber sehen die aus¬
752 799 2045 866 reitenden Soldaten nicht, aber im Zimmer des alten Rittmeisters Moser,
746 843 2035 903 in dem die Szene spielt, hört man das Traben der Pferde und vom
740 886 2043 954 Fenster aus kann man den Zug erblicken. Und der neunundsiebzig¬
748 930 2035 996 jährige alte Moser, der totkrank und siech im Lehnstuhl liegt, ist derselbe
736 968 2041 1037 Offizier, der in jener verhängnisvollen Schlacht vor 30 Jahren den
741 1018 2042 1083 ersten Anstoß zu der feigen Flucht der „gelben Kürassiere“ gegeben hat.
737 1060 2046 1123 Seit Jahren quält der bösartige Alte seine ihn treu pflegende Tochter Marie,
748 1107 2044 1173 deren Jugend in der dumpfen Krankenstube zu welken droht. Ein einziges Mal
735 1143 2038 1205 hat Marie den Vater auf einige Stunden verlassen, um mit Ver¬
734 1184 2045 1241 wandten einen Ball mitzumachen, und seitdem muß sie die bittersten
729 1228 2038 1298 und kränkendsten Vorwürfe über sich ergehen lassen. Aber gerade auf
729 1267 2034 1340 jenem Ball hat sie das Leben kennen gelernt — das Leben, das sie
740 1326 2037 1384 jetzt ununterbrochen ruft. Ein junger Leutnant von den „blauen
736 1362 2041 1410 Kürassieren“ hat sie in den Armen gehalten und Stunden hindurch mit
734 1400 2045 1461 ihr getanzt. Seitdem ist ihr des Vaters Krankenstube zum Gefängnis
740 1454 2032 1503 geworden; einem lieben Menschen vom Lande, dem Forstadjunkt
745 1489 2039 1550 Rainer, der sie als seine Verlobte betrachtet, gibt sie den Laufpaß, und
741 1528 2043 1602 wie sie jetzt von dem Todeszug der blauen Kürassiere hört — ihre Base
739 1579 2034 1639 Katharina erzählt ihr, daß ihr, Maries, Leutnant erst morgen mit der
742 1619 2037 1683 letzten Schwadron des Regiments ausrücken wird — da schenkt sie den
736 1663 2032 1725 Einflüsterungen des sie ebenfalls heimlich liebenden alten Arztes Gehör,
746 1707 2040 1760 reicht dem Vater ein Schlafmittel, das einen Schlaf von hundert
749 1747 2039 1812 Nächten“ enthält und eilt zu dem Geliebten. Im Zimmer des Leutnants
742 1785 2045 1854 Max (zweiter Akt), wo sie sich versteckt, wird sie Zeuge einer furchtbaren
741 1823 2043 1902 Szene. Der Leutnant, der gerade den Besuch seines Obersts empfangen
744 1885 2053 1931 hat, der den Versuch macht, ihn von dem Todesritt zu befreien, ist der
738 1913 2058 1984 Geliebte der Frau des Obersts. Auch diese, Irene, kommt zu Max und
737 1964 2050 2010 will den jungen Offizier zur Fahnenflucht veranlassen, aber er stößt das
750 2003 2044 2062 sinnliche Weib zurück — und wird im gleichen Moment von seinem Oberst
737 2048 2044 2115 überrascht, der sein ehebrecherisches Weib in Gegenwart ihres Lieb¬
743 2095 2056 2162 habers niederschießt und jenem überläßt, selber den letzten Schritt zu tun.
743 2138 2046 2204 Wie Max die Waffe gegen sich richten will, tritt Marie aus
742 2183 2056 2247 ihrem Versteck hervor.... die eine, die letzte Nacht soll den Beiden
742 2227 2056 2292 noch gehören. — Nach den grellen, gewaltsamen Vorgängen der zwei
740 2261 2054 2330 ersten Akte kann der dritte nur mehr ein Ausklang, eine Versöhnung
747 2302 2041 2378 sein. Das Regiment hat seinen Schwur gehalten, Max war am
747 2356 2051 2402 Morgen des Ausreitens erschossen neben Irene gefunden worden, den
739 2391 2046 2465 alten Moser hat man vor drei Wochen begraben, nachdem der Arzt
733 2440 2044 2507 alle Spuren des unnatürlichen Todes verwischt hatte. In einem
738 2487 2041 2549 Garten auf dem Lande bei der Tante treffen sich der Adjunkt, der
749 2529 2037 2583 Arzt und Marie, und zuletzt kommt noch die Base Katherine, die auch
202 2543 402 2629 theater.
739 2567 2044 2622 in die Welt entlaufen war und mit zerstörtem Leib und Geist zur
747 2612 2047 2688 Mutter zurückkehrt, um zu sterben.... Der Ruf des Lebens war bei
214 2613 349 2676 ens.“
738 2649 1402 2718 beiden Mädchen trügerisch gewesen.
207 2641 734 2716 ie Menge, um den in den
802 2705 2047 2764 Arthur Schnitzler gibt uns mit, diesem vor vier Jahren entstandenen
203 2708 739 2769 shiedsgrüße zuzurufen. Jedes
747 2755 2031 2807 Schauspiel eine Reihe von psychologischen Rätseln auf, über die
207 2756 728 2811 empfangen. Nur eines nicht.
205 2790 732 2853 „blauen Kürassiere“ Über
741 2788 2033 2857 grüblerische Leute sich den Kopf zerbrechen mögen. Die Buchausgabe
191 2834 731 2895 r der Einwohnerschaft. In
740 2834 2041 2889 des Werkes (Berlin, S. Fischer) ist bezeichnenderweise Hermann Bahr
742 2878 2040 2925 gewidmet, eben jenem Schriftsteller, der in seinen Kritiken gerade diese
193 2884 725 2941 n, soll sich das Regiment in
734 2923 2035 2983 „Dunkelheiten“ bei Schnitzler immer so überschwänglich gepriesen und
208 2926 738 2992 rwiesen und damit Schlacht
193 2965 727 3027 eden haben. Und nun sollen
736 2972 2043 3030 mit dem Goethewort entschuldigt hat: „Je inkommensurabler und für
736 3008 2032 3060 den Verstand unfaßlicher eine poetische Produktion, desto besser.“ Ob
199 3008 725 3072 ese Schuld sühnen zu dürfen.
734 3054 2038 3096 freilich Goethe diesen Satz im Sinne Bahrs oder Schnitzlers meinte,
225 3058 723 3109 wo das Verderben unab¬
736 3095 2020 3157 ist fraglich, aber dies eine ist sicher, daß derart „inkommensurable“
208 3073 722 3157 der zugeschworen, daß keiner
206 3139 731 3198 nd weil dieser Schwur unter
746 3141 2038 3213 Dichtungen auf der modernen Bühne sich seltsam genug ausnehmen.
738 3189 2045 3236 Der Weg vom „Anatol“ und der „Liebelei“ zum „Ruf des Lebens“ mit¬
199 3187 733 3239 Erstummen die Hurras beim
199 3233 725 3296 ehenden, die Menge bleibt
734 3234 1941 3281 seinen Fragezeichen und Geheimnissen, seinem Übergewicht
1932 3233 2030 3287 an
316 3280 2045 3336 .. Das ist der Hinter= Stimmung gegenüber der brutalen Handlung ist vielleicht trot
201 3314 1271 3394 rsten Akt des Schnitzlerschen! Hermann Bahr ein Irrweg.
2171 714 2411 787 E
2126 751 3310 839 Die gestrige Aufführung hatte Herr Ziegel mit feinem Verstand
2054 823 3303 877 und großem Geschmack inszeniert, namentlich das biedermeierise
2045 851 3320 916 Interieur des ersten Aktes — das Stück spielt um die Mitte d
2048 903 3327 952 vorigen Jahrhunderts — wirkte ungemein stilvoll. Die Leistung
2049 951 3320 1010 der einzelnen Darsteller stachen von einander leider allzusel
2045 986 3327 1050 ab. Mit ergreifender Realistik, in Gesten, Mienen und Ret
2055 1042 3330 1093 gleich überzeugen und packend verkörperte Herr Nunberg de
2055 1077 3326 1134 alten Moser; als seine Tochter Marie legte Mirjam Horwi
2057 1118 3344 1169 wieder einer Probe ihrer verinnerlichten, reifen Kunst ab. Von der
2055 1163 3349 1231 handelnden Personen des zweiten Aktes muß der kraftvolle Oberst bei
2051 1205 3358 1260 Herrn Ziegel genannt werden. Die Herren Kober und Göbel sahen
2049 1252 3354 1313 als Leutnants in den Uniformen von Annodazumal ebensowenig militärisch.
2051 1281 3345 1348 aus wie in früheren Stücken in modernen Uniformen, außerdem
2054 1334 3344 1376 beherrschten sie ihre Rolle nicht, was bei dem geringen Umfang derselben
2048 1377 3351 1440 beschämend ist. Herr Dr. Landsberg als Arzt und Herr Keßler
2044 1422 3351 1471 als Forstadjunkt benahmen sich zu steif, Frl. Buhrke (Irene) offenbarte
2044 1465 3355 1518 ein nur leider etwas zu gekünsteltes Temperament und Frl. Rakariez
2042 1499 3347 1558 vollends (Katharina), die im Schlußakt eine Art von sterbender Kamelien¬
2048 1541 3362 1611 dame im Kostüm der Ophelia zu geben hat, übertrieb in geradezu¬
2045 1593 3358 1649 schmerzlicher Weise. Das sehr zahlreiche Publikum nahm den kraftvollen
2058 1633 3350 1684 ersten Akt mit stürmischem Beifall hin, zögerte ein wenig bei dem schlecht
2053 1674 3358 1755 gespielten zweiten und zeigte sich zuletzt sehr reserviert gegenüber den
2051 1726 3230 1790 dunklen Symbolismen und der Handlungsarmut des Schlußakts.
3141 1765 3228 1820 A.
2617 1805 2745 1878 —A.
