3484 4256
267 303 2045 393 19. Der Ruf des Lebens box 24/3
2471 325 2924 419 ###eraikplatz 4.
2399 411 2735 475 Vertretungen
1999 434 3102 518 in Berlin, Budapest, Chicage. Christiania, Genf, Kopenhagen,
2002 498 3111 570 London, Madrid, Mailand, Minneapolis, New-York. Paris, Rom,
2169 542 2951 596 San Francisco, Stockholm, St. Petersburg.
2343 575 2779 646 (Quelienangabe ehne Gewähr.)
2002 654 2470 751 Ausschnitt aus:
2485 575 2958 779 echen
2009 768 2483 853 Vel
2721 768 3008 916 Zuold
2078 942 3085 1031 Cheater, Musik und Kunst.
2191 1008 3121 1076 r. Dramatisches Theater. Die Bühne
2014 1049 3120 1109 der Frau Kommissarshewskaja, die vielfach die beste, lite¬
2011 1111 3123 1148 rarisch und künstlerisch höchstbewertele in der Residenz
2014 1140 3120 1189 mit Recht genannt wird, hat in ihrem Suchen nach
2013 1195 3130 1240 wirkungsvollen Dramen der Zeit eben bei der deutschen
2020 1218 3117 1281 Literatur eine Anleibe machen müssen und ein Schninler:
2010 1256 3113 1314 sches Schauspiel, in der Uebersetzung „Kpakb KH3HH“
2026 1289 3127 1360 betitelt — als letzte Premiere am vorigen Montag ihrem
2015 1344 2416 1399 Publikum geschenkt.
2167 1470 3231 1540 Ueber das Stück selbst ist nicht leicht referieren. Erstens
2132 1513 3231 1566 einmal gehört es durchaus nicht zu denen, die irgend als
2132 1556 3234 1613 Unterhaltungswerk allein genommen werden sollen und
2138 1604 3242 1661 zum andern gebt es trotz der Tiefe seiner ursprünglichen
2126 1638 3230 1684 dichterischen Anlage doch ganz und gar in die Jerwege
1211 1643 1593 1739 Telephon 12801.
2134 1658 3224 1737 rein theatraler Miche. Schnitzler hat es nicht verstanden,
2141 1700 3236 1762 seiner schlichtmenschlichen Idee eine gleich schlichte Form
2132 1750 3237 1815 zu geben. Der Dichter der „Liebelei“, der elegante Plau¬
1295 1743 1435 1824 .
2131 1792 3241 1837 derer vom Brettl, der „Ein Abschiedssonver“ mit allen
668 1771 1372 1867 „UBSERVEN
2134 1835 3239 1880 Finessen amüsanter Charakteristik zu schildern wußte,
487 1836 1585 1935 I. österr. behördl konz. Unternehmen für Zeitungs-Ausschnitte
2142 1866 3224 1913 fand für den großen leidenschaftswilden Ton gewaltiger
2139 1908 3253 1957 Schicksalsstimmungen keine passenden Ausdrücke. Anstatt
678 1898 1411 2000 Wien, I., Concordiaplatz 4.
2143 1946 3240 2002 zu verinnerlichen, zu vertiefen, mit möglichst zarten
917 1973 1213 2040 ertretungen
2145 1992 3237 2046 Farben das düstre Bild hoffnungsloser Sehnsuchten zu
486 2005 1596 2101 in Berlin, Budapest. cago, Christiania, Genf, Kopenhagen,
2141 2026 3249 2074 kolorieren, malte er Schwarz in Schwarz und setzte in
486 2070 1594 2144 London, Madrid, Ma „d, Minneapolis, New-York, Paris, Rom,
2140 2067 3241 2107 die schauerliche Finsternis des Milieus ein paar so
654 2100 1429 2170 San Francisco, Stockholm, St. Petersburg.
2146 2103 3241 2161 schreiende Klexe, daß man ihm den Vorwurf ganz ordi¬
839 2142 1264 2201 (Quellenangabe ohne Gewüähr)
2142 2148 3235 2192 närer Effekthascherei leider nicht ersparen kann. Drei
2147 2182 3241 2231 Akte besetzt das Drama und jeder einzelne endet mit
486 2198 881 2298 Ausschnitt aug
2136 2218 3241 2271 einer Leiche; zwei sogar mit ruchlosem Mord Im ersten
873 2195 1658 2311 eus Freie Presse. Wiel
2146 2257 3247 2315 vergiftet eine lebenshungrige Tochter ihren kranken, alten
2143 2292 3238 2359 ihr wie ein Pfahl im Weje stehenden Vater; im zweiten
489 2312 645 2362 vom:
2147 2343 3241 2391 schießt ein Ehemann seine Gattin nieder. Que voulez
2143 2378 3244 2436 vous encore? Zudem wird die Situation in einer Weise
603 2389 1710 2453 [Lrthur Schnitzlers neues Drama.] Arthür
2137 2419 3247 2468 zugespitzt, die ordentlich an Schreckenskammern in Panop¬
523 2435 1710 2498 Schnitzlers neues Drama „Der Ruf des Lebens", das
2149 2462 3245 2512 tiken erinnert und eigentlich auch als „nur für Nerven¬
534 2476 1706 2533 diesen Samstag im Berliner Lessing=Theater zum erstenmal in
2149 2485 3242 2556 starke“ annonciert werden müßte. Wer erträgt denn
539 2511 1713 2576 Szene geht, wurde vor seiner deutschen Erstaufführung bereits
2152 2536 3247 2591 stundenlang das Anhören von Scheußlichkeiten, ohne
540 2559 1705 2621 in russischer Sprache gespielt und hatte, wie aus Petersburg
2147 2565 3248 2625 Ekel zu empfinden? Wer vermag ruhig zu bleiben, wenn
530 2594 1753 2674 berichtet wird, im dortigen Dramatischen Theater einen großen!!
2142 2611 3247 2662 er ununterbrochen bangen muß? Schließlich ist die
2142 2649 3250 2712 Schaubühne doch keine Eiserne Jungfrau, in der man
525 2652 728 2734 Erfolg.
2144 2692 2568 2756 gespießt werden soll.
2180 2722 3238 2803 Und Schnitzler tat in seinem „Schrei des Lebens“ alles,
2149 2779 2668 2846 um den Hörer zu foltern.
2195 2806 3243 2865 Ohne Frage lag es in der Absicht des Dichters, die Lust
2150 2852 3247 2915 nach Lebensgenuß, die heute so schreckhaft bei Alt und
2149 2875 3255 2938 Jung grassiert, eingehend zu schildern. Den egoistischen
2141 2931 3255 2979 Trieb, der die Gegenwart beseelt, dem eigenen Verlangen
2144 2965 3254 3024 folgend sich das Dasein zu gestalten, als wäre des Lebens
2146 3007 3252 3062 tiefster Grund nur in der Befriedigung animaler Leidens¬
2562 3044 3259 3089 wollte Schnitzler in die Region
2146 3056 2569 3115 stürme zu suchen —
2155 3092 3258 3138 psychologischer Enträtselungen erheben, ihn durch seelische
2141 3117 3264 3181 Motivierungen adeln. Aber das Schlechte läßt sich nicht
2141 3170 3253 3214 beschönigen und für das Ungesunde finden sich keine
2154 3196 3246 3262 Kostgänger. So bleibt der Charakter der Marie Moser,
2143 3252 3255 3297 die ihren Vater vergiftet, um eine Nacht in den Armen
2145 3268 3263 3332 des Geliebten zuzubringen trotz allen Beiwerks von Er¬
2156 3319 3250 3372 läuterungen und Entschuldigungen, die der Kommentar
2151 3355 3250 3415 der Handlung gibt — ein widerwärtiger Typ eines ver¬
2149 3398 3253 3451 brecherischen Weides. — Frau Kommissarshewskaja muß
2145 3444 3255 3498 doch wahrscheinlich geglaubt haben, daß es ihrer Dar¬
2150 3478 3257 3536 stellungskunst gelingen würde, die undankbare Aufgabe
2154 3520 3260 3577 zu lösen und die vom Dichter geschilderte Gestalt jenes
2158 3555 3259 3618 sonderbaren Ueberweibes uns menschlich näher zu bringen
2153 3594 3261 3645 und verständlich zu machen. Zum Glück aber ist noch ein
2160 3634 3255 3685 Rest von ernsterer Lebensanschauung in den Leuten wie
2160 3676 3254 3727 sie das Leben selbst und nicht das schreiende der Bühne
2158 3705 3275 3780 schuf und darum ging man auf die Verführungskniffe
2159 3756 3258 3801 schauspielerischer Seelenschmuggelei nicht ein. Der lär¬
2159 3794 3258 3843 mende Applaus durfte keineswegs als Sympathie für
2150 3830 3255 3870 den geschilderten Konflikt gelten, nur als Dank an die
2150 3864 3249 3921 Adresse des Talents der Frau Kommissarshewskaja. Zu
2145 3903 3255 3956 bedauern war es, daß Herr Wassilenko als kranker Ritt¬
2161 3945 3252 3991 meister Moser alle Würde durch unwürdiges Keifen
2154 3991 3258 4043 verlor. Wahrscheinlich verlangte dies die Regie, um den
2161 4027 3262 4076 Entschluß, den boshaften Vater zu vergiften, bei Marie¬
2158 4064 3248 4113 Kommissarsbewskaja anschaulicher zu machen. Sehr aut
2158 4109 3262 4161 war Herr Gardin als Oberst. Frau Cholmskaja als dessen
2161 4145 3264 4199 untreue Gattin hätte jugendlicher sein müssen, um so
2149 4176 2982 4231 verführerisch zu scheinen wie sie sein sollte.
