3436 4352
1099 385 1230 451 Let
899 389 948 454 d
273 392 1439 493 19. Der Ruf.
760 724 1337 809 REICHSPOST, WIEN
517 856 1563 993 Deutsches Volkstheater. Neu einstudiert und in
377 927 1566 1033 Szene gesetzt ist nun wieder hier der Versuch unternommen
378 972 1563 1083 worden, Schnitzlers Schauspiel „Der Ruf des Le¬
365 1014 1552 1130 bens“ wirkriche Levenskraft zu geben, ein Beginnen, daß
366 1065 1548 1160 trotz der Um- und Neubesetzungen vergeblich war. Den
360 1115 1545 1209 alten Moser gab diesmal Herr Götz, prachtvoll in seinem
364 1135 1551 1262 verbissenen Egoismus, in der boshaften Art seines
360 1187 1547 1302 Quälens. Die Marie spielte Frl. Denera mehr als ge¬
368 1223 1547 1345 duldige Büßerin als ein sich nach Freiheit sehnendes
368 1270 1544 1393 Menschenkind, während Thea Rosenquist über die
352 1320 1547 1409 hohle Salondramatik ihrer lle nicht hinwegkommen
355 1351 1536 1480 konnte. Schauspielerisch einwundfrei gab Herr Onno den
348 1400 1539 1501 Leutnant Max, ihm ebenbürtig zur Seite stand Frau Erika
344 1450 1528 1539 Wagner als Irene. Der Oberst des Herrn Werner¬
358 1493 1528 1607 Kahle hatte gute Haltung, während uns der Forstadjunkt
348 1537 1527 1640 des Herrn Danegger ein wenig zu viel auf Gefühls¬
346 1578 1522 1693 momente gestellt schien. Das Scheinleben dieses Rufes an
344 1610 1542 1737 das Leben fand übrigens nach dem letztenFetlen des Vor¬
348 1664 736 1725 hanges sein Ende.
1388 1722 1477 1776 h.
1185 1736 1364 1813 W
1581 374 2035 459 box 24/5
2080 685 2343 813 ('eg.
2174 761 2898 888 Der Salon, Wien
1965 883 2509 987 Deutsches-Volkstheater. —
2064 939 2963 1034 —Der Ruf des Lebens“, ein Schau¬
1973 988 2961 1082 —spiel von Artur Schnitzler. Es ist nicht neu,
1978 1044 2964 1131 trägt sogar eine abgetragene Marke an sich, ist
1973 1094 2967 1182 auch in den nahezu zehn Jahren, da es neu
1985 1141 2965 1232 war, auch nicht besser und auch nicht schlechter
1992 1183 2971 1286 geworden. Seine Mängel sind dieselben ge¬
1993 1251 2974 1336 blieben nur vielleicht ein Teil des Publikums
1991 1294 2978 1386 ist anspruchsvoller, kritischer geworden. Der
1982 1333 2965 1422 Mord am totkranken Vater ist nicht entschuld¬
1988 1388 2970 1473 barer geworden als damals nud die Verbre¬
1982 1411 2982 1518 cherin, die herzlose Tochter auch nicht besser.“
2001 1484 2979 1574 Auch ebenso unaufgeklärt bleibt jetzt noch
1993 1538 2989 1619 das totkranke Mädchen aus gutem Hause, das
2004 1583 2987 1681 ihrer geängstigten Mutter davon geht und nie¬
1997 1641 2986 1718 mand weiß wohin, nur als er ans Sterben
2005 1680 2997 1771 aeht, sich ihrer Mutter besinnt und an einem
2012 1730 2986 1820 sonnenhellen Tag zu ihr zurückkehrt. Auch da
2014 1776 2990 1871 wird noch nicht gefragt, wo sie geweilt, sie
2019 1828 2991 1927 jubelt nur das Sonnenlicht an, geht vom
2020 1870 2994 1971 Garten ins Haus und stirbt. Noch ein drittes
2019 1924 3006 2027 Sterben ist uns vorbehalten, ein Oberst eines
2027 1979 3004 2061 totgeweihten Regiments, das ins Feld zieht, be¬
2023 2020 3012 2109 lauscht am Feuster das Liebesgespräch zwischen
2032 2085 3010 2164 seiner Frau und einem jungen Leutnant, den
2032 2131 3006 2216 er noch kurz zuvor seiner militärischen Ver¬
2026 2172 3012 2266 pflichtung entbinden wollte, sein junges Leben
2028 2224 3001 2318 zu schonen und nicht dem tragischen Schick¬
2041 2278 3008 2369 sal, dem das Regiment verfallen, nicht auch zum
2040 2317 3008 2417 Opfer fallen zu sollen. Ein Schuß, ein Schrei
2041 2369 3015 2456 und die Frau Oberst liegt tot in den Armen des
2053 2428 2983 2521 Lentnant. Der Oberst hat seine Ehre gerächt.
2122 2461 3016 2559 Alle Motive dieser Schnitzler'schen Dich¬
2034 2513 3019 2615 tung gehen darauf hinaus, daß die Lebens¬
2047 2561 3031 2646 bejahung in welcher Form immer, niemals
2042 2609 3029 2717 frei von einem düsteren Hintergrund ist und
2041 2658 3038 2771 Oder Ruf des Lebens durch nebelhafte Schatten
2020 2810 3015 2905 auf Friedhöfe blicken muß. Die Darstellung
2014 2871 3010 2989 dieser eigentümlichen Charaktere war im
2024 2917 3014 3005 ganzen gut, wenn auch vielleicht vor zehn
2034 2976 3014 3056 Jahren besser. Fräulein Denera war für die
2029 3025 3013 3102 leidenschaftliche Heldin des Stückes die an
2031 3076 3020 3155 der Seite eines totgeweihten, starrsinnigen
2033 3119 3028 3201 Vaters ein wahres Märtyrium durchlebt, um
2040 3177 3022 3240 endlich zur Mörderin an ihm zu werden, zu
2044 3219 3023 3298 wenig imponierend dafür, zu strenge, zu herb,
2055 3274 3028 3353 sie ließ kalt. Ausgezeichnet Herr Götz als
2036 3316 3026 3420 böser, kranker Vater. Den unheimlichen Ober¬
2046 3369 3041 3455 sten gab Herr Werner=Kahle, aus dem
2059 3426 3012 3513 sich nicht viel machen ließ. Frau Erika Wag¬
2056 3466 3043 3570 ner erschien in kurzer Szene, wie ein schönes,
2057 3520 3044 3607 aufflammendes Licht um jedoch schnell wieder
2052 3561 3044 3650 zu verlöschen. Fräulein Rosenquist spielte
2065 3611 3031 3691 das lebenshunarige totkranke Madchen in kant
2058 3656 3042 3743 loser Fröhlichkeit. Nun noch die Herren Dan¬
2064 3706 3044 3799 egger und Onno. Ersterer brachte den
2067 3750 3050 3855 jungen Forstadjunkten, der sich in seiner Liebe
2077 3797 3042 3896 zu Maria (Denera) so bitter enttäuscht sieht,
2062 3853 3050 3940 menschlich wahr heraus, während Herr Onno
2070 3897 3061 4002 als Lentnant Mar, durch Ton und Wesen dieser
2073 3951 3015 4037 nur kurzen Rolle erhöhtes Interesse-verlieh.
2549 4003 3074 4092 Der alté Wiener.
