3436 4352
635 250 742 319 gu¬
589 296 744 365 2rose
605 354 753 427 della
603 415 757 496 atori
599 525 744 598 tiene
603 588 748 660 tissi¬
610 653 750 719 otari
610 713 759 790 xuito
606 766 753 842 ittri¬
610 816 755 905 glo¬
614 883 750 967 stes¬
646 1059 762 1139 sul
617 1124 761 1200 pin¬
632 1177 752 1251 che
629 1231 762 1307 nde
649 1296 760 1362 jet¬
654 1351 761 1428 do¬
655 1410 765 1476 era
658 1461 767 1565 he
685 1690 733 1777 1
703 2761 788 2847 18,
676 2821 793 2913 ol-
673 2948 791 3019 SSY
669 3012 799 3076 vati
683 3110 781 3194 un
653 3179 791 3252 Tol¬
651 3240 778 3322 rbo¬
646 3307 783 3388 aver
655 3342 811 3453 00
637 3411 794 3492 10
637 3475 790 3555 Stuto
672 3539 784 3605 let¬
649 3593 791 3687 bru¬
645 3668 795 3739 ave¬
651 3725 803 3794 were
652 3831 806 3913 ittive
653 3894 793 3977 olpe¬
649 4175 813 4235 ttavia
759 233 1631 292 na delle quau, si puo affermarlo senza
1645 238 2503 303 mai la lascia muovere dal suo fianco,
766 264 1621 334 esagerazione, é un romanzo condensato.
1645 282 2509 355 per caparbietà di malato, per paura di
767 310 1629 389 E lo sanno tutti gl’infiniti saccheggiatori
1648 330 2504 396 morire, per invidia della sun gioventu.
770 363 1622 426 di quei racconti, che, li, hanno trovato
1658 391 2518 450 Pure, nella vita triste della sagrificata,
770 422 1630 474 lo spunto della loro opera. L’anno lette¬
1649 429 2505 499 l’amore N crea attorno lei, due amici, il
772 461 1630 529 rario passato fu tutto un trionfo del
1644 480 2505 556 medicoe l’aggiunto forestale che ha co¬
779 503 1631 572 racconto in Italia, poiché i piu bei vo¬
1647 536 2519 589 nosciuto, nell’autunno in casa d’una sua
773 566 1633 630 lumi stampati ebbero quella forma,
1658 569 2524 644 zia. E per breve tempo anche lei ha
773 600 1627 667 „Smorfie umane“ di Roberto Bracco;
1658 616 2521 702 sognato la quieta casa nella pace dei
771 651 1633 734 „L'Allegra verità“ di Giuliano de Fren¬
1641 670 2509 736 . boschi; ma all’unico ballo a cui il pa¬
762 712 1630 772 zi; „Erma bifronte“ del Pirandello, sono
1648 733 2518 799 dre le permise di prender partersha co¬
768 756 1633 812 li a testimoniarlo. Ma vicino a queste,
1656 779 2524 844 nosciuto Max, un giovane tenente dei
767 809 1634 881 quante raccolte di novelle, che prendono
1651 816 2517 884 corrazzieri; e, da quell'ora, tutta la sua
769 846 1632 915 un pomposo titolo qualunque che nulla
1663 876 2518 927 vita C cambiata, mentre resta in appa¬
780 896 1641 967 ha da fare col volume, e adescano nelle
1653 920 2526 999 renza la docile e silenziosa infermiera.
776 952 1638 1024 vetrine dei librai, nitide, civettuole come
1660 961 2519 1042 Maria, mai si é recata da Max, ma
783 990 1641 1065 donnine di bel aspetto e senza anima, e
1663 1022 2529 1091 quando sente che questi parte per la
779 1046 1648 1115 quando si hanno tra le mani non si pos¬
1659 1072 2517 1139 guerra, dalla quale nessuno del suo reg¬
777 1090 1649 1172 sono finire di leggere per la volgaritä e
1667 1114 2517 1183 gimento farà ritorno, la ribellione vince
782 1138 1633 1213 la banalità. Ma Dio buono, pare impos¬
1660 1164 2534 1231 il suo animo, e nella magnifica scena
775 1190 1640 1262 sibile che una cosa tanto semplice non
1657 1201 2520 1279 con l’aggiunto che inconscio le offre di
792 1241 1637 1314 entri nella testa di tutti; se non avete
1674 1259 2526 1344 sposarla, il suo spasimo grida atroce¬
785 1289 1649 1360 un idea vostra, un vostro originale me¬
1673 1312 2528 1382 mente e superbamente. Ma ella s’ é in¬
785 1328 1645 1421 todo d’osservazione, perch“ scrivere, per¬
1666 1337 2528 1434 gannata: la cugina l’avverte che il
781 1389 1641 1453 ché fare dei racconti che nessuno leg¬
1667 1409 2531 1483 giovane non é ancora partito, appena
789 1438 1579 1519 gerà, e spendere — quasi sempre
1671 1474 2533 1545 all'alba dell’indomani, partirá alla morte,
791 1490 1528 1559 anche dei denari per pubblicarli?
1675 1504 2518 1585 e allora ella vuole andare da lui, la vita
824 1535 1652 1618 Con queste malinconiche riflessioni
1663 1553 2529 1630 stessa la chiama con forza sprezzatrice
777 1597 1651 1673 per la testa, io ho aperto tutto altro che
1663 1607 2533 1690 d’ogni ostacolo,e quando questo ostacolo
789 1639 1646 1718 con fiducia, questo nuovo volume di Fi¬
1668 1657 2537 1726 si materializza nella persona del padre
797 1684 1640 1770 ducia, ma appena lette le prime pagine
1665 1703 2538 1769 infefmo, del padre gia condannato a mo¬
796 1738 1659 1808 linteresse mi conquistó ed io ebbi la
1667 1748 2536 1824 rire, ella se ne libera, versandogli nella
796 1787 1650 1870 certezza che senza essere un libro per¬
1670 1812 2550 1880 coppa il contenuto della boccetta dove
799 1831 1648 1910 fetto in ogni sua parte, pure era la ma¬
1669 1861 2527 1935 c’era — come le disse il medico — il
798 1883 1653 1962 nifestazione d’un serio ed originale in¬
1678 1907 2168 1981 sonno per cento notti.
797 1938 1651 2004 gegno femminile. In Ragnateli — cheé
1709 1929 2535 2025 E dall’amato, alla trova pure il diso¬
802 1979 1647 2056 il primo racconto — basterebbe lo schiz¬
1675 2004 2541 2066 nore e l’omicidio, ma la notte fü no¬
802 2024 1652 2097 zo della signora Vignöla, la donna che
1681 2048 2541 2121 stra“ dirà ella al desé#palquando lo ri¬
796 2078 1658 2162 parla per proverbi, l’adulatrice impeni¬
1686 2105 2209 2173 vedrä dopo la tragediax
797 2129 1663 2197 tente, per capire che la scrittrice, sa il
1705 2128 2560 2228 Ma non pud ringraziarkt di quella li¬
800 2181 1661 2242 fatto suo; ma pure tutti gli altri peiso¬
1681 2186 2542 2265 bertä verso cui lha spinta; la vita, la
807 2230 1652 2290 naggi si muovono liberamente e natu¬
1686 2231 2556 2308 vita che la chiamava non le ha dato
804 2273 1653 2338 ralmente, in un ambiente colto dal vero
1678 2285 2548 2358 che spettacolo di colpa e di dolore: fu
815 2324 1546 2391 con profondo senso d’osservazione.
1681 2333 2545 2412 felice ed odiata; amata come colei che
841 2344 1658 2442 E l’osservazione, che é una delle doti
1670 2393 2552 2471 I si sceglie nello spasimo, e abbandonata
806 2421 1651 2504 principali di Fiducia, si rivela anche ne¬
1676 2429 2552 2508 come una cortigiana che si prende per
804 2470 1653 2552 gli altri racconti, specialmente in „Unlie
1687 2499 2055 2570 una sola notte.
801 2509 1655 2596 di stato civile e „Statistica“ e „Primi
1715 2522 2541 2615 E mentre guarda trasognata, quasi, in¬
802 2582 980 2655 passi“.
1680 2579 2546 2666 torno a se; fioriscono fiori, ride i
840 2592 1660 2690 Tra i piü fini e sentiti racconti „Doke
1679 2635 2557 2712 cielo ezzurro, sfolgora il sole e cantano
804 2674 1660 2741 inganno“ e „La Giornalaja“, dove T'a¬
1703 2682 2557 2752 i bimbi intorno alla morte della cugina
799 2725 1670 2796 more figlialee Pamore materno, assu¬
1691 2746 2554 2803 che pure aveva voluto vivere; e il me¬
801 2770 1663 2850 mono, nelia loro stessn semplicità, una
1689 2780 2558 2853 dico pronuncia le materialistiche parole
808 2826 1171 2891 vera grandezza.
1684 2833 2561 2919 delia sua triste filologia, tristi parole di
836 2861 1662 2924 Molte altre novelle sono loro assai in¬
1686 2894 2171 2977 indlulgenza e di pietà.
803 2914 1659 2983 feriori. Non tutto ció che si serive per
2130 2938 2524 3022 WILLY DIAS.
835 2965 1666 3039 giornali, si puó raccogliere in un vo¬
806 3029 1660 3090 lume; il gornale per la brevità effi¬
1727 3034 2402 3127 *) Renzo Streglio Ed. Torino.
807 3063 1669 3130 mera Wella sun vita, pulo esigere meno
1741 3110 2404 3184 **) S. Fischer, Verlag, Berlin.
801 3112 1666 3200 la Frezione ehe il hbro, dove ogni au¬
806 3160 1678 3240 to# deve cercare di raggiungerla con
807 3213 1210 3307 #t i suol mezzi.
1815 3211 2443 3301 CALENDARIO.
1938 3270 2325 3356 Oggi s. Lucrezia
853 3275 1680 3390 „La voce della vita“ (Der Ruf des
1748 3288 2480 3396 Domani ss. Ilario e Taziano mm.
808 3361 1457 3442 Lebens) Arthur Schnitzler.**)
861 3399 1677 3487 Mentre in Italis, Gabriele D'Annunzio
1809 3417 2449 3509 FARMACIE D’ISPEZIONE.
809 3462 1681 3532 tra sibili e furozi füceva esaitare da
1923 3483 2322 3547 Servizio notturno
812 3503 1632 3575 Corrado Brande il diritto alla vita —
1871 3526 2355 3601 dal 10 al 17 Marzo
805 3568 1673 3632 questo argomento del diritto del vivere,
1872 3568 2375 3662 Pontonie Kürner
814 3598 1672 3680 veniva svolto in un dramma dal mag¬
806 3663 1670 3739 giore dei letterati e comediografi vien¬
1708 3695 2565 3777 OSSERVAZIONI METEOROLOGICHE
814 3716 1663 3770 nesi, Arthur Schnitzler. Questo scrittore
1874 3751 2380 3814 dell' Osservatorio in Gorizia
811 3743 1677 3817 e assolutamente un moderno, un uomo
1905 3796 2346 3850 Mese di Marzo 1907.
813 3794 1672 3881 cioé, il cui intelletto é aperto a tutti i
2152 3827 2403 3906 Gmtiäh nan
2032 3841 2151 3904 Terme¬
1881 3839 2014 3915 Maron.
820 3853 1692 3927 clamori del mondo e a tutte le sfumaj
1738 3830 1879 3920 want
2413 3851 2533 3924 Lron.
2134 3880 2287 3942 Idell' erla
2049 3891 2130 3929 tro
2290 3893 2405 3943 0-10
1748 3898 2025 3951 ed ora s ridotto
2415 3899 2546 3973 e forzu
815 3899 1690 3969 ture della psicologia cellettiva, che sente
1892 3928 2018 3987 Ia Kero
2366 3773 2430 3969 1
2028 3915 2292 3986 eentlgr. %0
2391 3961 2533 4022 NWI
2170 3967 2266 4009 68
831 3952 1690 4028 il fremito del suo tempo, della sua epo¬
1905 3972 2148 4027 52.0 -20
2329 4001 2372 4051 3
2173 3993 2260 4055 37
2054 4001 2151 4054 6.4
833 3997 1678 4070 ca; fremito che passando per il suo cer¬
1911 4008 2033 4062 48.7
2322 4007 2444 4095 6
2164 4029 2277 4104 65
2046 4021 2171 4110 2.4
1816 4029 2051 4122 9 49.0
828 4065 1672 4127 vello prende una manifestazione lettera¬
1708 4126 2579 4207 due povere creature. Non hanno detto
940 4154 1669 4226 Nulia.,, mi sono coricato subito..
1692 4182 2578 4286 una parola di questo ne a me, né a
943 4199 1690 4271 Non é vero. Anche vostra madre
965 4232 2577 4340 an scitg diccle cie non 1# Muto bessuno. 12 ho indovinato perche
2850 3727 2924 3800 3
