3484 4320
234 258 2005 359 19. Der Ruf des Lebens box 24/3
143 1311 3073 1417 müssen die blauen Kürassiere denn alle wenigen aphoristisch zusammengefaßten Worten mit der [ Feuchtersleben, an alle guten alten Österreicher. Und
126 1369 3056 1479 Alle? Vom Obersten abwärts, Offiziere, Reiterpistole kurzer Hand aus dem Stück und aus dem doch: Puppenspiel — Bänkelgesang — Märchen —
2023 1408 3074 1487 Volkslied — Novelle — im Taschenbuchformat der
126 1441 2025 1529 kschaften?: Weil seit dreißig Jahren eine Leben hinausknallt. Wer hier das Puppenspiel nicht
2018 1482 3072 1556 „Aglaja“ oder der „Iris“ — das ergibt kein Stück,
975 1483 2022 1567 spürt, hat gewiß noch keins gesehen, weder eines vom
127 1514 979 1587 hmach auf dem Regimente liegt. Das Odium
2027 1518 2730 1614 kann sich nicht organisch verbinden.
973 1540 2028 1617 Grafen Pocci, noch ein solches von Artur Schnitzler.
128 1564 976 1638 nflucht, der Ruf der Feigheit. Weil sie ein¬
2054 1565 3079 1635 Die Darstellung des Deutschen Volkstheaters, in den
979 1585 2026 1674 Marie stürzt aus ihrem Liebeshinterhalt hervor und
127 1608 986 1681 ufen sind, wo sie wie festgewurzelt hätten
2024 1608 3081 1698 Hauptsachen beinahe vollendet, ließ kaum etwas zu
978 1636 2033 1708 eilt mit ihrem Max über Leiche Nummer zwei hinweg
117 1666 990 1736 ssen, dem Feinde Stand halten und wehr¬
2025 1660 3083 1736 wünschen übrig. Frl. Hannemann machte die
971 1688 2027 1774 ins Liebesnestchen, wohin der Ruf des Lebens die
133 1713 981 1798 sotz bieten. „Wir sind gelaufen und sie sind
2027 1722 3081 1793 Marie fast zu einem glaubwürdigen Lebewesen, und
980 1731 2031 1810 unaufhaltsame junge Dame lockt. Der lezte Akt bringt
132 1755 977 1829 gelaufen einzeln und in Hausen“, wie's in
2029 1770 3083 1840 das war keine kleine Kunst. Ihr Gefühlston war so
980 1786 2027 1857 die feinsinnigsten Gespräche, die geistreichsten Ausein¬
125 1808 984 1888 rschönen Ballade von Theodor Fontane heißt.
2021 1815 3083 1891 innig und echt, wie ihr Verstummen in Liebesleid und
983 1839 2027 1916 andersetzungen, die subtilsten Raisonnements. Der treff¬
134 1864 983 1931 s Leben sich krampfhaft festkrallende Greis,
2032 1860 3093 1950 Gewissenspein. Ihr stehen die beredtesten Wortlosigkeiten
981 1889 2028 1965 liche Arzt hat von der eigentlichen, ihn bekannten
119 1921 982 1979 Water, ist der Mann, dessen Herz zuerst ins
2030 1929 3095 1999 zu Gebote, in vielfältigster Abstufung. Frl. Paula
977 1941 2034 2024 Todesursache des alten Herrn keine Anzeige erstattet,
151 1965 985 2029 geriet, der auf un davonritt, und dem
2023 1969 3085 2043 Müller gab der Katharina zuerst die neckische An¬
982 1973 2026 2066 wie es seine Pflicht gewesen wäre, und die Marie dem
121 2011 991 2083 n nachfolgten, wie dem Hammel die Herde.
2023 2017 3085 2095 mut eines liebenswürdigen Leichtsinns, dann die
978 2040 2037 2120 Richterspruche ihres gequälten Gewissens überlassen.
135 2058 991 2130 weiß mehr darum als er selbst, und seinet¬
2027 2071 3089 2143 rührendsten Ophelia=Töne. Frl. Marberg, die
983 2091 2030 2173 Katharina wankt wahnsinnig ins Mutterhaus zurück,
130 2127 994 2196 ssen nun alle die frischen, blutjungen, blitzblauen
2023 2099 3096 2203 Oberstin, war augenscheinlich durch Indisposition an
982 2145 2041 2212 um zu sterben. Sie hat ein sehr trauriges lustiges
135 2176 990 2235 sterben, auch der Marie und der Katherina
2035 2165 3093 2244 der Entfaltung ihrer tragischen Kraft gehemmt. Sie
141 2188 2036 2312 haben es selbst so verlangt und sich zuge= Leben geführt. Die schmucken, blauen Kürassiere sind
2031 2217 3093 2295 sah so schön aus, wie von Winterhalter gemalt. Herr
971 2249 2033 2328 alle prompt gestorben. Einer, der zufällig übrig ver¬
2027 2274 3089 2366 Homma bot, obschon der feige Alte ihm gar nicht liegt,
980 2291 2031 2376 i blieben, den der Tod vergessen hatte, schoß sich nach¬
123 2286 1000 2388 ie einzige Nacht gehört noch ihnen und die
2034 2321 3092 2399 ganz Respektables. Dieser Künstler ist nur fürs Grade¬
133 2356 1452 2442 l zu ihrem Liebsten in die Kaserne. Weilträglich noch selbst ab.
2038 2370 3103 2445 aus; komplizierte und brüchige Naturen muß er sich
1034 2367 2041 2476 Schnitzler mußte seine ganze ansehnliche Dichterkunst
153 2418 1002 2490 die Tür versperrt und den Schlüssel in
2032 2420 3098 2493 immer erst abringen. Sehr zeitechte, stilreine Gestalten
990 2435 2041 2518 aufwenden, um der vielen Lächerlichkeiten, die in
138 2463 994 2536 hat, bringt sie ihn ganz einfach um. Sie
2035 2459 3097 2550 schufen Herr Kutschera, Arzt, und Frau Thal¬
997 2477 2044 2579 seinem Stoffe lagen, Herr zu werden. Sein Feinstes
144 2510 992 2586 so viel Morphium, oder was es sonst Gutes
2032 2516 3101 2600 ler, Tante Toni. Direktor Weisse gab dem Obersten
994 2552 2034 2624 und Tiesstes mußte er aufbieten, um scheinbar und
141 2570 997 2635 in das verlangte Erfrischungstränklein daß
999 2569 3103 2671 wenigstens für ein paar Sekunden lang Recht zu be= die gemessene Würde des gehörnten Philosophen. Die
122 2601 993 2692 Er davon aufwacht; und wie die greise Puppe
2034 2617 3107 2710 festgeschlossene Einfachheit der sichersten Umrißlinie ist
991 2643 2052 2728 halten gegen den „Satz in einem alten Buche“, der
119 2667 996 2739 gt, muß sie den Schlüssel hergeben und Marie
2045 2671 3110 2757 gar nicht genug zu rühmen. Nennt man noch die
1000 2693 2040 2771 doch ewig bestehen wird, so lange Menschen auf dieser
114 2715 1003 2779 Uhre Kaserne. Aber diesmal fällt Rosenmontag
2035 2710 3097 2806 Herren Kramer, Edthofer und Fürth, sind
997 2747 2037 2821 Erde wohnen: „Ehre Vater und Mutter, auf daß
130 2767 1010 2848 ffeelen. Weil sie sich ihrem jungen Offizier zur
2037 2770 3096 2861 alle Mitspieler und Teilhaber erwähnt. Das Publikum
1002 2792 2043 2870 du lange lebest auf Erden.“ Dagegen kommt keine noch
143 2820 995 2884 Zeit verweigert und entzogen hatte, knüpfte
2045 2818 3114 2897 des Premièren=Abends bereitete dem Stück eine freund¬
993 2849 2047 2929 so spitzfindige moderne Psychologie auf, nicht einmal
129 2847 999 2956 it der schönen jungen Frau seines alten
2040 2871 3113 2959 liche Aufnahme, die aber doch mehr dem Dichter als
1002 2905 1846 2972 die allerneueste Psychopathia sexualis.
126 2920 1003 2989 ein sträfliches Liebesverhältnis an. Marie,
2047 2938 2429 3025 der Dichtung galt.
1032 2947 2050 3016 Einen ganz allerliebst altmodischen Ton schlägt der
131 2941 1008 3044 immer ihres Max hinter dem Vorhang lauscht
2549 2952 3071 3061 Armin Friedmann
995 2994 2053 3077 Dichter an in mancher gefühlsamen, betrachtenden
133 3013 1013 3091 rt, hört, wie das buhlerische Weib den edelsten
141 3048 2053 3130 bestürmt, hört auch, wie der Herr Oberst Szene. Es ist eine köstlich kultivierte Diktion. Man
134 3108 2097 3196 ster hereinsteigt und die Frau Gemahlin nach denkt manchmal an Adalbert Stifter, an Ernst von 1
