<?xml version="1.0" encoding="UTF-8" standalone="yes"?>
<PcGts xmlns="http://schema.primaresearch.org/PAGE/gts/pagecontent/2013-07-15" xmlns:xsi="http://www.w3.org/2001/XMLSchema-instance" xsi:schemaLocation="http://schema.primaresearch.org/PAGE/gts/pagecontent/2013-07-15 http://schema.primaresearch.org/PAGE/gts/pagecontent/2013-07-15/pagecontent.xsd">
    <Metadata>
        <Creator>prov=University of Rostock/Institute of Mathematics/CITlab/Gundram Leifert/gundram.leifert@uni-rostock.de:name=ONB_Newseye_GT_M1+(htr_id=10810)::::v=2.4.2
prov=University of Rostock/Institute of Mathematics/CITlab/Tobias Gruening/tobias.gruening@uni-rostock.de:name=de.uros.citlab.module.baseline2polygon.B2PSeamMultiOriented:v=2.4.2
prov=University of Rostock/Institute of Mathematics/CITlab/Tobias Gruening/tobias.gruening@uni-rostock.de:name=/mnt/transkribus/LA/DEA/URO/LA_news_onb_att.pb:de.uros.citlab.segmentation.CITlab_LA_ML:v=2.4.2
Transkribus</Creator>
        <Created>2019-10-07T11:21:30.269+02:00</Created>
        <LastChange>2019-10-08T10:42:31.436+02:00</LastChange>
        <TranskribusMetadata docId="223969" pageId="9498506" pageNr="465" tsid="16526047" status="IN_PROGRESS" userId="40391" imgUrl="https://files.transkribus.eu/Get?id=ZGMIJWQKCKVSQLDDPJHQGBOH&amp;fileType=view" xmlUrl="https://files.transkribus.eu/Get?id=FLUOSASNDBWLGSAKVZFWMCNH" imageId="6188728"/>
    </Metadata>
    <Page imageFilename="223969_0465.jpeg" imageWidth="3532" imageHeight="4352">
        <ReadingOrder>
            <OrderedGroup id="ro_1711451499639" caption="Regions reading order">
                <RegionRefIndexed index="0" regionRef="r1"/>
            </OrderedGroup>
        </ReadingOrder>
        <TextRegion orientation="0.0" id="r1" custom="readingOrder {index:0;}">
            <Coords points="328,236 328,3131 3237,3131 3237,236"/>
            <TextLine id="r1l1" custom="readingOrder {index:0;}">
                <Coords points="1128,262 1349,266 1362,253 1379,253 1379,214 1340,211 1310,227 1281,204 1232,201 1219,214 1171,197 1128,197"/>
                <Baseline points="1145,258 1172,258 1199,258 1226,258 1253,258 1280,258 1307,258 1334,258 1362,259"/>
                <TextEquiv>
                    <Unicode>Lebe</Unicode>
                </TextEquiv>
            </TextLine>
            <TextLine id="r1l2" custom="readingOrder {index:1;}">
                <Coords points="1630,273 1803,276 1822,259 1972,288 2024,265 2102,272 2102,226 2010,194 1981,210 1897,194 1864,220 1809,201 1767,220 1715,195 1630,221"/>
                <Baseline points="1645,264 1670,263 1696,263 1722,263 1748,263 1774,264 1800,264 1826,264 1852,265 1877,265 1903,265 1929,265 1955,265 1981,265 2007,263 2033,263 2059,261 2085,258"/>
                <TextEquiv>
                    <Unicode>box 24/4</Unicode>
                </TextEquiv>
            </TextLine>
            <TextLine id="r1l3" custom="readingOrder {index:2;}">
                <Coords points="312,287 1456,307 1487,222 1206,258 1090,210 560,200 472,234 313,203"/>
                <Baseline points="328,256 385,261 442,265 499,268 556,271 613,273 670,274 727,275 784,276 841,276 899,277 956,277 1013,277 1070,276 1127,276 1184,277 1241,277 1298,277 1355,278 1412,280 1470,281"/>
                <TextEquiv>
                    <Unicode>19. Der Ruf desuans</Unicode>
                </TextEquiv>
            </TextLine>
            <TextLine id="r1l4" custom="readingOrder {index:3;}">
                <Coords points="598,1343 3200,1325 3199,1251 597,1291"/>
                <Baseline points="614,1339 742,1336 870,1333 999,1331 1127,1330 1256,1329 1384,1328 1513,1327 1641,1327 1770,1327 1898,1326 2026,1326 2155,1326 2283,1325 2412,1325 2540,1324 2669,1323 2797,1321 2926,1319 3054,1317 3183,1313"/>
                <TextEquiv>
                    <Unicode>Leantragte für 1924 einen derstartten Kredit füt die Terich= Steuernovellen soll erst spater erfolgen. Vom Kultusministerium Deut.</Unicode>
                </TextEquiv>
            </TextLine>
            <TextLine id="r1l5" custom="readingOrder {index:4;}">
                <Coords points="601,1387 3216,1327 601,1338"/>
                <Baseline points="616,1380 745,1379 874,1377 1003,1376 1132,1375 1261,1374 1390,1372 1520,1371 1649,1370 1778,1369 1907,1367 2036,1366 2165,1365 2294,1364 2424,1363 2553,1362 2682,1361 2811,1360 2940,1359 3069,1357 3199,1356"/>
                <TextEquiv>
                    <Unicode>tigung und Regulierung der russisch-preußischen Grenze. Inl sind nur kleinere Vorlagen zu erwarten, das Ausgrabungsgesetz und der An</Unicode>
                </TextEquiv>
            </TextLine>
            <TextLine id="r1l6" custom="readingOrder {index:5;}">
                <Coords points="601,1483 3099,1431 601,1428"/>
                <Baseline points="618,1472 741,1472 864,1471 987,1470 1110,1469 1234,1469 1357,1468 1480,1466 1603,1465 1726,1464 1850,1462 1973,1461 2096,1459 2219,1458 2342,1456 2466,1455 2589,1453 2712,1452 2835,1450 2958,1449 3082,1448"/>
                <TextEquiv>
                    <Unicode>deren Maria interessierte. Die Darstellerin hat Stil, aber sie schellen — die Anatols aber leben weiter, ein bißchen zu Tränen</Unicode>
                </TextEquiv>
            </TextLine>
            <TextLine id="r1l7" custom="readingOrder {index:6;}">
                <Coords points="1826,1516 3036,1514 3195,1477 3087,1445 1825,1470"/>
                <Baseline points="1843,1504 1909,1503 1976,1503 2043,1502 2110,1502 2176,1502 2243,1501 2310,1501 2377,1501 2443,1501 2510,1500 2577,1500 2644,1500 2710,1499 2777,1499 2844,1498 2911,1497 2977,1496 3044,1495 3111,1494 3178,1492"/>
                <TextEquiv>
                    <Unicode>gerührt über das Schicksal des armen süßen Mädels, ein bißchen findet</Unicode>
                </TextEquiv>
            </TextLine>
            <TextLine id="r1l8" custom="readingOrder {index:7;}">
                <Coords points="613,1526 1800,1519 1832,1466 612,1474"/>
                <Baseline points="630,1518 689,1518 748,1517 808,1516 867,1516 926,1515 986,1514 1045,1514 1104,1513 1164,1513 1223,1512 1282,1511 1342,1511 1401,1510 1460,1510 1520,1509 1579,1509 1638,1509 1698,1508 1757,1508 1817,1508"/>
                <TextEquiv>
                    <Unicode>sollte sich vor Ueberspannung dieses Stils hüten; mit dem Auf¬</Unicode>
                </TextEquiv>
            </TextLine>
            <TextLine id="r1l9" custom="readingOrder {index:8;}">
                <Coords points="1820,1550 3209,1543 3208,1478 3115,1515 1820,1505"/>
                <Baseline points="1837,1547 1904,1548 1972,1549 2040,1549 2108,1549 2176,1549 2244,1549 2311,1548 2379,1547 2447,1546 2515,1546 2583,1544 2651,1544 2719,1542 2786,1542 2854,1541 2922,1540 2990,1539 3058,1538 3126,1538 3194,1538"/>
                <TextEquiv>
                    <Unicode>melancholisch getrübt, aber bald wieder getröstet einer anderen 30. Se</Unicode>
                </TextEquiv>
            </TextLine>
            <TextLine id="r1l10" custom="readingOrder {index:9;}">
                <Coords points="605,1560 1740,1563 1828,1555 1827,1506 604,1525"/>
                <Baseline points="620,1562 679,1562 739,1561 798,1561 858,1560 918,1559 977,1559 1037,1558 1096,1557 1156,1556 1216,1556 1275,1555 1335,1554 1394,1553 1454,1552 1514,1552 1573,1551 1633,1550 1692,1550 1752,1549 1812,1548"/>
                <TextEquiv>
                    <Unicode>reißen der Augen und mit dem Zucken der Mundwinkel sparsamer</Unicode>
                </TextEquiv>
            </TextLine>
            <TextLine id="r1l11" custom="readingOrder {index:10;}">
                <Coords points="3031,1587 3054,1586 3067,1595 3086,1585 3116,1593 3164,1585 3184,1597 3194,1590 3217,1592 3214,1531 3140,1547 3123,1538 3088,1546 3055,1544 3046,1554 3030,1555"/>
                <Baseline points="3047,1583 3072,1581 3098,1580 3124,1579 3149,1577 3175,1577 3201,1577"/>
                <TextEquiv>
                    <Unicode>[Prill</Unicode>
                </TextEquiv>
            </TextLine>
            <TextLine id="r1l12" custom="readingOrder {index:11;}">
                <Coords points="1828,1605 2986,1596 3047,1583 3047,1540 1827,1550"/>
                <Baseline points="1843,1590 1902,1591 1961,1591 2021,1591 2080,1591 2139,1591 2199,1591 2258,1591 2317,1590 2377,1590 2436,1589 2495,1589 2555,1588 2614,1587 2673,1586 2733,1586 2792,1585 2851,1584 2911,1584 2970,1583 3030,1582"/>
                <TextEquiv>
                    <Unicode>Blume zuflatternd. Der Kavalier mit dem Flatterherzen lebt</Unicode>
                </TextEquiv>
            </TextLine>
            <TextLine id="r1l13" custom="readingOrder {index:12;}">
                <Coords points="612,1607 1683,1608 1822,1600 1822,1552 612,1568"/>
                <Baseline points="628,1606 686,1604 745,1603 804,1602 863,1601 922,1600 981,1600 1039,1599 1098,1599 1157,1599 1216,1598 1275,1598 1334,1597 1393,1597 1451,1596 1510,1596 1569,1595 1628,1594 1687,1593 1746,1591 1805,1589"/>
                <TextEquiv>
                    <Unicode>sein. Flammendes Temperament und wühlendes Gefühl entläd</Unicode>
                </TextEquiv>
            </TextLine>
            <TextLine id="r1l14" custom="readingOrder {index:13;}">
                <Coords points="3034,1637 3051,1636 3057,1642 3093,1628 3165,1635 3184,1621 3219,1619 3217,1571 3201,1571 3169,1586 3140,1580 3124,1588 3098,1589 3091,1582 3085,1589 3032,1588"/>
                <Baseline points="3050,1632 3075,1628 3101,1627 3126,1626 3152,1626 3177,1625 3203,1623"/>
                <TextEquiv>
                    <Unicode>gramm</Unicode>
                </TextEquiv>
            </TextLine>
            <TextLine id="r1l15" custom="readingOrder {index:14;}">
                <Coords points="1824,1645 3037,1631 3036,1586 2958,1580 1823,1593"/>
                <Baseline points="1839,1637 1898,1636 1957,1635 2016,1634 2075,1633 2134,1633 2193,1632 2252,1632 2311,1631 2370,1631 2430,1630 2489,1630 2548,1629 2607,1629 2666,1628 2725,1628 2784,1627 2843,1627 2902,1626 2961,1626 3021,1625"/>
                <TextEquiv>
                    <Unicode>zwar nicht weiter, sondern wird mitten im Flirt bei Schnitzler aus</Unicode>
                </TextEquiv>
            </TextLine>
            <TextLine id="r1l16" custom="readingOrder {index:15;}">
                <Coords points="598,1660 1714,1655 1834,1641 1834,1592 598,1595"/>
                <Baseline points="615,1649 675,1647 735,1646 795,1644 855,1643 915,1642 975,1641 1035,1641 1095,1641 1155,1641 1216,1640 1276,1640 1336,1640 1396,1640 1456,1640 1516,1639 1576,1638 1636,1637 1696,1636 1756,1634 1817,1632"/>
                <TextEquiv>
                    <Unicode>sich nicht immer in Verzerrungen. Trotz alledem wäre es für die</Unicode>
                </TextEquiv>
            </TextLine>
            <TextLine id="r1l17" custom="readingOrder {index:16;}">
                <Coords points="3044,1677 3210,1671 3208,1619 3182,1620 3167,1634 3147,1628 3079,1630 3069,1640 3043,1641"/>
                <Baseline points="3059,1669 3085,1668 3112,1667 3139,1666 3166,1665 3193,1665"/>
                <TextEquiv>
                    <Unicode>glücklic</Unicode>
                </TextEquiv>
            </TextLine>
            <TextLine id="r1l18" custom="readingOrder {index:17;}">
                <Coords points="1825,1683 3042,1681 3041,1632 2960,1626 1825,1641"/>
                <Baseline points="1841,1678 1900,1679 1959,1679 2018,1679 2077,1679 2136,1679 2195,1679 2255,1678 2314,1678 2373,1677 2432,1676 2491,1675 2550,1674 2609,1673 2669,1672 2728,1672 2787,1671 2846,1670 2905,1670 2964,1670 3024,1670"/>
                <TextEquiv>
                    <Unicode>dem Leben geschafft, aber wenn auch sein Lebenslicht mit der</Unicode>
                </TextEquiv>
            </TextLine>
            <TextLine id="r1l19" custom="readingOrder {index:18;}">
                <Coords points="610,1692 1840,1691 1839,1636 610,1650"/>
                <Baseline points="626,1692 685,1691 745,1690 805,1689 865,1688 925,1687 985,1687 1044,1686 1104,1686 1164,1685 1224,1685 1284,1685 1344,1684 1404,1684 1463,1684 1523,1683 1583,1683 1643,1682 1703,1681 1763,1680 1823,1679"/>
                <TextEquiv>
                    <Unicode>Kammerspiele wünschenswert, Mitglieder von der Reife Fr. Hor¬</Unicode>
                </TextEquiv>
            </TextLine>
            <TextLine id="r1l20" custom="readingOrder {index:19;}">
                <Coords points="3034,1713 3077,1722 3109,1715 3119,1725 3139,1724 3151,1714 3171,1724 3217,1716 3216,1668 3157,1679 3121,1673 3105,1680 3092,1670 3034,1678"/>
                <Baseline points="3051,1711 3080,1712 3110,1712 3139,1711 3169,1710 3199,1709"/>
                <TextEquiv>
                    <Unicode>Mozart</Unicode>
                </TextEquiv>
            </TextLine>
            <TextLine id="r1l21" custom="readingOrder {index:20;}">
                <Coords points="1826,1728 3042,1728 3042,1676 1826,1686"/>
                <Baseline points="1841,1721 1900,1722 1959,1723 2018,1723 2078,1723 2137,1723 2196,1722 2255,1722 2315,1721 2374,1720 2433,1719 2492,1719 2552,1718 2611,1717 2670,1716 2729,1716 2789,1715 2848,1715 2907,1715 2966,1716 3026,1716"/>
                <TextEquiv>
                    <Unicode>Pistole ausgelöscht wird, tausend andere dieser Liebelnden, ewig</Unicode>
                </TextEquiv>
            </TextLine>
            <TextLine id="r1l22" custom="readingOrder {index:21;}">
                <Coords points="613,1744 1833,1744 1833,1682 613,1691"/>
                <Baseline points="630,1737 689,1736 748,1735 808,1734 867,1733 927,1732 986,1732 1045,1731 1105,1731 1164,1730 1224,1730 1283,1729 1342,1729 1402,1728 1461,1728 1521,1727 1580,1726 1639,1726 1699,1725 1758,1724 1818,1722"/>
                <TextEquiv>
                    <Unicode>witz' zusammen zu bekommen, denn die unkritische Fremdensaison</Unicode>
                </TextEquiv>
            </TextLine>
            <TextLine id="r1l23" custom="readingOrder {index:22;}">
                <Coords points="3036,1768 3072,1767 3078,1774 3091,1770 3104,1780 3130,1766 3140,1773 3166,1769 3175,1759 3185,1762 3195,1752 3214,1752 3214,1716 3113,1718 3084,1712 3067,1719 3035,1713"/>
                <Baseline points="3051,1759 3080,1760 3109,1759 3138,1758 3167,1758 3197,1757"/>
                <TextEquiv>
                    <Unicode>bekann</Unicode>
                </TextEquiv>
            </TextLine>
            <TextLine id="r1l24" custom="readingOrder {index:23;}">
                <Coords points="1822,1765 2990,1771 3035,1764 3035,1712 1822,1729"/>
                <Baseline points="1837,1767 1896,1767 1955,1767 2014,1767 2073,1767 2132,1766 2191,1766 2250,1765 2309,1764 2368,1763 2427,1762 2486,1762 2545,1761 2604,1760 2663,1759 2722,1758 2781,1758 2840,1757 2899,1757 2958,1756 3018,1756"/>
                <TextEquiv>
                    <Unicode>neu erregt und entzündet und darum ewig untreu mit schuldloser</Unicode>
                </TextEquiv>
            </TextLine>
            <TextLine id="r1l25" custom="readingOrder {index:24;}">
                <Coords points="1718,1775 1744,1776 1750,1783 1756,1780 1763,1784 1793,1772 1802,1783 1825,1781 1827,1738 1811,1738 1805,1734 1795,1740 1791,1736 1782,1739 1772,1729 1720,1729"/>
                <Baseline points="1734,1763 1771,1766 1808,1767"/>
                <TextEquiv>
                    <Unicode>V.</Unicode>
                </TextEquiv>
            </TextLine>
            <TextLine id="r1l26" custom="readingOrder {index:25;}">
                <Coords points="616,1793 658,1798 671,1788 717,1803 778,1782 795,1794 847,1796 856,1786 876,1795 902,1784 938,1793 936,1731 904,1745 816,1738 777,1756 744,1734 614,1741"/>
                <Baseline points="630,1778 656,1779 682,1779 709,1779 735,1777 762,1777 788,1775 815,1774 841,1772 868,1772 894,1772 921,1773"/>
                <TextEquiv>
                    <Unicode>ist bald vorbei.</Unicode>
                </TextEquiv>
            </TextLine>
            <TextLine id="r1l27" custom="readingOrder {index:26;}">
                <Coords points="1826,1817 2981,1814 3049,1810 3049,1758 1826,1768"/>
                <Baseline points="1843,1810 1902,1810 1961,1810 2021,1809 2080,1809 2140,1809 2199,1808 2259,1808 2318,1808 2378,1807 2437,1807 2496,1806 2556,1805 2615,1805 2675,1804 2734,1804 2794,1803 2853,1803 2913,1802 2972,1802 3032,1801"/>
                <TextEquiv>
                    <Unicode>Seele, werden auferstehen und Herzen brechen, wie das treue,</Unicode>
                </TextEquiv>
            </TextLine>
            <TextLine id="r1l28" custom="readingOrder {index:27;}">
                <Coords points="677,1834 1832,1834 1831,1782 1623,1765 677,1795"/>
                <Baseline points="693,1838 749,1838 805,1838 861,1838 917,1838 973,1838 1029,1837 1086,1837 1142,1837 1198,1836 1254,1836 1310,1835 1366,1834 1422,1834 1479,1833 1535,1832 1591,1831 1647,1829 1703,1828 1759,1827 1816,1825"/>
                <TextEquiv>
                    <Unicode>Münchener Schauspielhaus. Auch auf der Stollberg=Bühne</Unicode>
                </TextEquiv>
            </TextLine>
            <TextLine id="r1l29" custom="readingOrder {index:28;}">
                <Coords points="1827,1865 3047,1847 3046,1805 2832,1798 1827,1816"/>
                <Baseline points="1843,1856 1902,1856 1961,1856 2021,1855 2080,1855 2139,1854 2199,1854 2258,1853 2317,1853 2377,1852 2436,1852 2495,1851 2555,1850 2614,1849 2673,1848 2733,1847 2792,1847 2851,1845 2911,1845 2970,1843 3030,1842"/>
                <TextEquiv>
                    <Unicode>vertrauende der Christine. Wie sympathisch Herr v. Duniecki</Unicode>
                </TextEquiv>
            </TextLine>
            <TextLine id="r1l30" custom="readingOrder {index:29;}">
                <Coords points="601,1896 1668,1893 1827,1878 1827,1836 600,1847"/>
                <Baseline points="617,1886 676,1885 736,1884 795,1884 855,1883 915,1883 974,1882 1034,1882 1094,1881 1153,1880 1213,1880 1273,1879 1332,1879 1392,1878 1452,1877 1511,1876 1571,1876 1631,1874 1690,1873 1750,1872 1810,1871"/>
                <TextEquiv>
                    <Unicode>wurde die eigentliche literarische Saison — die ersten Stücke fallen</Unicode>
                </TextEquiv>
            </TextLine>
            <TextLine id="r1l31" custom="readingOrder {index:30;}">
                <Coords points="1845,1905 3052,1903 3052,1848 1845,1860"/>
                <Baseline points="1860,1900 1918,1899 1977,1897 2036,1897 2095,1896 2153,1896 2212,1895 2271,1895 2330,1895 2388,1895 2447,1895 2506,1895 2565,1895 2623,1895 2682,1895 2741,1894 2800,1893 2858,1892 2917,1890 2976,1888 3035,1885"/>
                <TextEquiv>
                    <Unicode>seinen gefühlsbelasteten Genießer spielt, ist aus früheren Vorstel¬</Unicode>
                </TextEquiv>
            </TextLine>
            <TextLine id="r1l32" custom="readingOrder {index:31;}">
                <Coords points="614,1933 1746,1931 1830,1921 1830,1878 614,1897"/>
                <Baseline points="630,1934 689,1932 748,1930 807,1928 866,1927 926,1926 985,1926 1044,1926 1103,1926 1162,1926 1222,1926 1281,1925 1340,1925 1399,1925 1458,1925 1518,1924 1577,1923 1636,1922 1695,1920 1754,1918 1814,1915"/>
                <TextEquiv>
                    <Unicode>ja mit den ersten Blättern — im Zeichen Schnitzlers eröffnet.</Unicode>
                </TextEquiv>
            </TextLine>
            <TextLine id="r1l33" custom="readingOrder {index:32;}">
                <Coords points="1842,1949 3042,1946 3041,1891 1841,1903"/>
                <Baseline points="1857,1943 1915,1943 1973,1942 2032,1942 2090,1941 2148,1941 2207,1940 2265,1939 2323,1939 2382,1938 2440,1937 2498,1936 2557,1936 2615,1935 2673,1934 2732,1934 2790,1933 2848,1933 2907,1933 2965,1933 3024,1933"/>
                <TextEquiv>
                    <Unicode>lungen bekannt; fesch gab sich auch das Gegenspielerpaar leichteren</Unicode>
                </TextEquiv>
            </TextLine>
            <TextLine id="r1l34" custom="readingOrder {index:33;}">
                <Coords points="3034,1967 3122,1964 3138,1971 3164,1965 3187,1971 3206,1955 3223,1956 3223,1907 3155,1926 3132,1916 3119,1919 3103,1902 3093,1902 3074,1915 3034,1921"/>
                <Baseline points="3049,1959 3075,1958 3101,1958 3128,1959 3154,1959 3180,1960 3207,1959"/>
                <TextEquiv>
                    <Unicode>Konstar</Unicode>
                </TextEquiv>
            </TextLine>
            <TextLine id="r1l35" custom="readingOrder {index:34;}">
                <Coords points="615,1981 1838,1963 1837,1920 614,1932"/>
                <Baseline points="630,1978 689,1975 749,1973 808,1972 868,1971 927,1970 987,1969 1046,1969 1106,1969 1165,1968 1225,1968 1284,1968 1344,1968 1403,1968 1463,1968 1522,1967 1582,1966 1641,1965 1701,1964 1760,1961 1820,1959"/>
                <TextEquiv>
                    <Unicode>Man gab zwei Neueinstudierungen echter Wiener Schnitzler, zuerst</Unicode>
                </TextEquiv>
            </TextLine>
            <TextLine id="r1l36" custom="readingOrder {index:35;}">
                <Coords points="1829,1991 3036,1984 3035,1942 2977,1939 1829,1949"/>
                <Baseline points="1844,1987 1902,1987 1961,1986 2020,1986 2078,1985 2137,1985 2196,1984 2254,1984 2313,1984 2372,1983 2431,1983 2489,1982 2548,1982 2607,1981 2665,1981 2724,1980 2783,1979 2841,1979 2900,1978 2959,1977 3018,1977"/>
                <TextEquiv>
                    <Unicode>Blutes in Herrn Günthers und Frl. Ruß' beweglicher Ver¬</Unicode>
                </TextEquiv>
            </TextLine>
            <TextLine id="r1l37" custom="readingOrder {index:36;}">
                <Coords points="3036,2001 3052,2001 3078,2015 3088,2009 3110,2016 3146,2008 3169,2018 3192,1997 3215,2001 3217,1952 3197,1951 3170,1970 3148,1962 3096,1967 3060,1962 3053,1969 3037,1968"/>
                <Baseline points="3052,2003 3081,2002 3110,2003 3139,2004 3168,2006 3198,2007"/>
                <TextEquiv>
                    <Unicode>Arbeit,</Unicode>
                </TextEquiv>
            </TextLine>
            <TextLine id="r1l38" custom="readingOrder {index:37;}">
                <Coords points="602,2026 1832,2015 1831,1963 1642,1956 602,1984"/>
                <Baseline points="620,2018 679,2017 739,2016 799,2015 859,2014 919,2014 978,2013 1038,2013 1098,2012 1158,2012 1218,2011 1277,2011 1337,2010 1397,2010 1457,2009 1517,2008 1576,2007 1636,2006 1696,2005 1756,2003 1816,2002"/>
                <TextEquiv>
                    <Unicode>die dialogisierte Novellette Literatur, dann das Lebensbild</Unicode>
                </TextEquiv>
            </TextLine>
            <TextLine id="r1l39" custom="readingOrder {index:38;}">
                <Coords points="1829,2034 3039,2034 3038,1982 2947,1976 1828,1992"/>
                <Baseline points="1846,2031 1904,2030 1963,2030 2022,2030 2081,2029 2140,2029 2199,2029 2257,2028 2316,2028 2375,2027 2434,2027 2493,2026 2552,2026 2611,2025 2669,2025 2728,2024 2787,2023 2846,2023 2905,2022 2964,2022 3023,2021"/>
                <TextEquiv>
                    <Unicode>körperung; echt und charakteristisch gestaltete Herr Weyner den</Unicode>
                </TextEquiv>
            </TextLine>
            <TextLine id="r1l40" custom="readingOrder {index:39;}">
                <Coords points="3039,2058 3055,2059 3062,2052 3163,2053 3186,2040 3202,2040 3202,2004 3117,2014 3039,2003"/>
                <Baseline points="3057,2045 3083,2045 3109,2045 3135,2046 3161,2046 3187,2045"/>
                <TextEquiv>
                    <Unicode>waren</Unicode>
                </TextEquiv>
            </TextLine>
            <TextLine id="r1l41" custom="readingOrder {index:40;}">
                <Coords points="608,2081 1747,2063 1831,2052 1831,2007 608,2019"/>
                <Baseline points="626,2061 685,2061 744,2060 804,2060 863,2059 923,2058 982,2057 1041,2057 1101,2056 1160,2055 1220,2055 1279,2054 1338,2053 1398,2052 1457,2052 1517,2051 1576,2050 1635,2049 1695,2048 1754,2047 1814,2047"/>
                <TextEquiv>
                    <Unicode>Liebelei, in dem der Tod neben heißestem Leben steht. Man</Unicode>
                </TextEquiv>
            </TextLine>
            <TextLine id="r1l42" custom="readingOrder {index:41;}">
                <Coords points="1842,2080 3033,2080 3032,2028 2925,2022 1842,2035"/>
                <Baseline points="1857,2073 1915,2074 1973,2075 2031,2076 2089,2076 2147,2075 2205,2075 2263,2074 2321,2073 2379,2072 2437,2071 2495,2070 2553,2069 2611,2068 2669,2067 2727,2066 2785,2065 2843,2065 2901,2065 2959,2065 3017,2066"/>
                <TextEquiv>
                    <Unicode>alten Musikus. Frl. Rosar gelang es, die gläubige Hingebung</Unicode>
                </TextEquiv>
            </TextLine>
            <TextLine id="r1l43" custom="readingOrder {index:42;}">
                <Coords points="3044,2103 3076,2103 3083,2096 3135,2102 3164,2092 3180,2096 3197,2112 3223,2105 3222,2040 3203,2037 3160,2053 3043,2048"/>
                <Baseline points="3061,2091 3090,2090 3119,2089 3148,2090 3177,2090 3207,2089"/>
                <TextEquiv>
                    <Unicode>fensfeld</Unicode>
                </TextEquiv>
            </TextLine>
            <TextLine id="r1l44" custom="readingOrder {index:43;}">
                <Coords points="609,2102 1838,2095 1808,2050 608,2069"/>
                <Baseline points="626,2107 685,2107 745,2106 805,2105 865,2104 925,2103 984,2102 1044,2101 1104,2100 1164,2099 1224,2098 1283,2097 1343,2096 1403,2095 1463,2094 1523,2093 1582,2093 1642,2092 1702,2091 1762,2090 1822,2090"/>
                <TextEquiv>
                    <Unicode>kann, wie abgespielt das Dreigespräch Literatur auch schon ist,</Unicode>
                </TextEquiv>
            </TextLine>
            <TextLine id="r1l45" custom="readingOrder {index:44;}">
                <Coords points="1843,2122 3040,2116 3039,2071 2857,2063 1842,2079"/>
                <Baseline points="1860,2117 1918,2118 1976,2118 2034,2118 2092,2118 2150,2118 2208,2117 2266,2117 2324,2116 2382,2115 2441,2114 2499,2113 2557,2112 2615,2111 2673,2111 2731,2110 2789,2110 2847,2109 2905,2109 2963,2109 3022,2110"/>
                <TextEquiv>
                    <Unicode>an den Geliebten, das grenzenlose Vertrauen, wie den rasenden</Unicode>
                </TextEquiv>
            </TextLine>
            <TextLine id="r1l46" custom="readingOrder {index:45;}">
                <Coords points="3040,2142 3225,2142 3225,2084 3202,2084 3186,2094 3147,2094 3134,2103 3124,2094 3040,2103"/>
                <Baseline points="3055,2132 3080,2133 3106,2134 3132,2133 3157,2133 3183,2133 3209,2133"/>
                <TextEquiv>
                    <Unicode>um für</Unicode>
                </TextEquiv>
            </TextLine>
            <TextLine id="r1l47" custom="readingOrder {index:46;}">
                <Coords points="606,2152 1833,2143 1796,2091 606,2097"/>
                <Baseline points="621,2149 680,2149 740,2148 800,2147 860,2146 919,2146 979,2145 1039,2144 1099,2143 1158,2142 1218,2141 1278,2141 1338,2140 1397,2139 1457,2139 1517,2138 1577,2137 1636,2136 1696,2136 1756,2135 1816,2135"/>
                <TextEquiv>
                    <Unicode>stets von neuem künstlerische Freude empfinden über diese wasch¬</Unicode>
                </TextEquiv>
            </TextLine>
            <TextLine id="r1l48" custom="readingOrder {index:47;}">
                <Coords points="1842,2167 2958,2171 3039,2161 3039,2115 1842,2119"/>
                <Baseline points="1857,2159 1915,2160 1973,2161 2032,2161 2090,2161 2148,2161 2207,2160 2265,2160 2323,2160 2382,2159 2440,2158 2498,2157 2557,2157 2615,2156 2673,2155 2732,2155 2790,2154 2848,2154 2907,2153 2965,2153 3024,2153"/>
                <TextEquiv>
                    <Unicode>Schmerzensausbruch der letzten Szene ohne theaterhafte Mätzchen</Unicode>
                </TextEquiv>
            </TextLine>
            <TextLine id="r1l49" custom="readingOrder {index:48;}">
                <Coords points="3043,2183 3092,2180 3124,2188 3151,2181 3180,2192 3203,2176 3229,2180 3229,2137 3210,2137 3203,2130 3184,2140 3154,2139 3148,2146 3099,2142 3093,2135 3044,2137"/>
                <Baseline points="3061,2176 3086,2175 3111,2176 3136,2176 3161,2177 3186,2177 3211,2178"/>
                <TextEquiv>
                    <Unicode>unveröft</Unicode>
                </TextEquiv>
            </TextLine>
            <TextLine id="r1l50" custom="readingOrder {index:49;}">
                <Coords points="605,2204 1841,2187 1840,2142 1710,2134 604,2152"/>
                <Baseline points="620,2194 680,2192 740,2191 800,2190 860,2189 921,2188 981,2188 1041,2187 1101,2186 1161,2186 1222,2185 1282,2184 1342,2184 1402,2183 1462,2182 1523,2181 1583,2180 1643,2179 1703,2178 1763,2177 1824,2176"/>
                <TextEquiv>
                    <Unicode>echt geratenen, den Schichten des Amüsieradels und der literari¬</Unicode>
                </TextEquiv>
            </TextLine>
            <TextLine id="r1l51" custom="readingOrder {index:50;}">
                <Coords points="1831,2219 3005,2209 3038,2160 1831,2164"/>
                <Baseline points="1849,2202 1907,2202 1966,2203 2024,2203 2083,2203 2142,2203 2200,2203 2259,2203 2317,2203 2376,2203 2435,2203 2493,2203 2552,2202 2610,2202 2669,2202 2728,2201 2786,2201 2845,2200 2903,2200 2962,2199 3021,2199"/>
                <TextEquiv>
                    <Unicode>überzeugend zum Ausdruck zu bringen. Besser aber noch als das</Unicode>
                </TextEquiv>
            </TextLine>
            <TextLine id="r1l52" custom="readingOrder {index:51;}">
                <Coords points="3042,2226 3088,2224 3097,2231 3130,2232 3136,2225 3149,2229 3189,2220 3195,2227 3218,2224 3219,2178 3043,2181"/>
                <Baseline points="3058,2215 3086,2216 3115,2217 3144,2217 3173,2218 3202,2219"/>
                <TextEquiv>
                    <Unicode>Strom</Unicode>
                </TextEquiv>
            </TextLine>
            <TextLine id="r1l53" custom="readingOrder {index:52;}">
                <Coords points="615,2252 1834,2228 1833,2182 614,2203"/>
                <Baseline points="631,2239 690,2238 749,2236 809,2235 868,2233 927,2232 987,2231 1046,2230 1105,2229 1165,2228 1224,2228 1283,2227 1343,2226 1402,2225 1461,2225 1521,2224 1580,2224 1639,2223 1699,2222 1758,2222 1818,2221"/>
                <TextEquiv>
                    <Unicode>schen Bohème entnommenen Typen: der feudale Gehirntrottel, der</Unicode>
                </TextEquiv>
            </TextLine>
            <TextLine id="r1l54" custom="readingOrder {index:53;}">
                <Coords points="1836,2259 3036,2258 3035,2199 2967,2196 1835,2207"/>
                <Baseline points="1851,2247 1909,2247 1967,2247 2026,2248 2084,2248 2142,2248 2201,2247 2259,2247 2317,2247 2376,2247 2434,2246 2492,2246 2551,2245 2609,2245 2667,2244 2726,2244 2784,2243 2842,2242 2901,2242 2959,2241 3018,2240"/>
                <TextEquiv>
                    <Unicode>Tragische geriet ihr das Innige. Alle Darsteller lohnte starker</Unicode>
                </TextEquiv>
            </TextLine>
            <TextLine id="r1l55" custom="readingOrder {index:54;}">
                <Coords points="3034,2268 3090,2268 3116,2281 3138,2268 3181,2278 3203,2258 3233,2265 3233,2222 3203,2222 3197,2229 3187,2219 3148,2232 3106,2226 3099,2233 3086,2223 3034,2220"/>
                <Baseline points="3049,2263 3076,2262 3104,2262 3132,2262 3160,2262 3188,2262 3216,2262"/>
                <TextEquiv>
                    <Unicode>Augusthe</Unicode>
                </TextEquiv>
            </TextLine>
            <TextLine id="r1l56" custom="readingOrder {index:55;}">
                <Coords points="605,2274 1835,2281 1811,2226 605,2248"/>
                <Baseline points="620,2285 683,2283 746,2281 809,2279 872,2278 935,2276 998,2275 1061,2274 1124,2273 1187,2272 1251,2271 1314,2270 1377,2269 1440,2268 1503,2268 1566,2267 1629,2267 1692,2266 1755,2266 1819,2265"/>
                <TextEquiv>
                    <Unicode>nach dem Rennstall duftet und die Literatur als unstandesgemäß</Unicode>
                </TextEquiv>
            </TextLine>
            <TextLine id="r1l57" custom="readingOrder {index:56;}">
                <Coords points="2915,2300 2938,2300 2941,2296 2948,2303 2971,2309 2993,2295 3019,2297 3018,2252 2992,2249 2989,2253 2982,2246 2959,2244 2940,2248 2930,2258 2914,2258"/>
                <Baseline points="2932,2286 2968,2282 3004,2284"/>
                <TextEquiv>
                    <Unicode>V.</Unicode>
                </TextEquiv>
            </TextLine>
            <TextLine id="r1l58" custom="readingOrder {index:57;}">
                <Coords points="1839,2298 1855,2298 1881,2315 1943,2316 1962,2306 1995,2313 1996,2258 1898,2253 1888,2260 1882,2253 1840,2252"/>
                <Baseline points="1854,2289 1885,2290 1916,2291 1947,2291 1978,2291"/>
                <TextEquiv>
                    <Unicode>Beifall.</Unicode>
                </TextEquiv>
            </TextLine>
            <TextLine id="r1l59" custom="readingOrder {index:58;}">
                <Coords points="3035,2313 3068,2316 3091,2329 3120,2313 3146,2309 3172,2319 3185,2306 3234,2309 3233,2257 3136,2270 3120,2283 3084,2267 3035,2267"/>
                <Baseline points="3050,2304 3078,2305 3106,2305 3134,2304 3162,2304 3190,2304 3218,2305"/>
                <TextEquiv>
                    <Unicode>ist, ein </Unicode>
                </TextEquiv>
            </TextLine>
            <TextLine id="r1l60" custom="readingOrder {index:59;}">
                <Coords points="602,2331 1838,2315 1837,2263 601,2279"/>
                <Baseline points="619,2326 679,2325 739,2325 799,2324 859,2323 919,2322 979,2322 1040,2321 1100,2320 1160,2319 1220,2318 1280,2317 1340,2315 1400,2314 1461,2313 1521,2311 1581,2310 1641,2309 1701,2307 1761,2306 1822,2304"/>
                <TextEquiv>
                    <Unicode>verabscheut, das listige Bücherweibchen, das nach bewegter Ver¬</Unicode>
                </TextEquiv>
            </TextLine>
            <TextLine id="r1l61" custom="readingOrder {index:60;}">
                <Coords points="3094,2358 3113,2358 3130,2374 3149,2357 3175,2364 3185,2357 3211,2363 3217,2357 3234,2356 3233,2311 3214,2311 3204,2305 3132,2315 3126,2309 3093,2309"/>
                <Baseline points="3111,2349 3137,2347 3164,2346 3191,2346 3218,2348"/>
                <TextEquiv>
                    <Unicode>Der</Unicode>
                </TextEquiv>
            </TextLine>
            <TextLine id="r1l62" custom="readingOrder {index:61;}">
                <Coords points="1901,2371 2994,2368 3042,2354 3042,2305 1900,2319"/>
                <Baseline points="1917,2361 1972,2362 2027,2363 2083,2363 2138,2363 2194,2363 2249,2363 2305,2362 2360,2361 2416,2360 2471,2359 2526,2358 2582,2357 2637,2357 2693,2356 2748,2355 2804,2355 2859,2355 2915,2356 2970,2356 3026,2357"/>
                <TextEquiv>
                    <Unicode>X Festvorstellung im Münchener Künstlertheater. Für die Teil¬</Unicode>
                </TextEquiv>
            </TextLine>
            <TextLine id="r1l63" custom="readingOrder {index:62;}">
                <Coords points="608,2380 1851,2374 1850,2306 608,2331"/>
                <Baseline points="623,2373 683,2371 744,2370 804,2369 865,2368 925,2367 986,2365 1046,2364 1107,2363 1167,2362 1228,2361 1288,2360 1349,2358 1409,2357 1470,2357 1530,2356 1591,2354 1651,2354 1712,2353 1772,2352 1833,2352"/>
                <TextEquiv>
                    <Unicode>gangenheit auf dessen Wappenschild und Renten sich weich betten</Unicode>
                </TextEquiv>
            </TextLine>
            <TextLine id="r1l64" custom="readingOrder {index:63;}">
                <Coords points="3044,2403 3116,2402 3129,2409 3145,2399 3174,2399 3214,2418 3226,2405 3249,2405 3249,2346 3210,2346 3190,2363 3184,2356 3151,2356 3125,2370 3099,2350 3086,2354 3076,2344 3044,2344"/>
                <Baseline points="3061,2391 3089,2392 3118,2392 3146,2392 3175,2392 3203,2391 3232,2390"/>
                <TextEquiv>
                    <Unicode>wir, der</Unicode>
                </TextEquiv>
            </TextLine>
            <TextLine id="r1l65" custom="readingOrder {index:64;}">
                <Coords points="1835,2417 3045,2401 3025,2358 1835,2352"/>
                <Baseline points="1851,2406 1909,2407 1968,2407 2027,2407 2086,2407 2145,2407 2204,2406 2262,2406 2321,2405 2380,2404 2439,2404 2498,2403 2557,2402 2616,2401 2674,2401 2733,2400 2792,2400 2851,2400 2910,2399 2969,2399 3028,2400"/>
                <TextEquiv>
                    <Unicode>nehmer am Kongreß der Tiefbau=Unternehmer findet heute Diens¬</Unicode>
                </TextEquiv>
            </TextLine>
            <TextLine id="r1l66" custom="readingOrder {index:65;}">
                <Coords points="620,2420 1823,2412 1842,2357 619,2381"/>
                <Baseline points="636,2416 695,2415 755,2413 814,2411 874,2410 933,2409 993,2408 1052,2407 1112,2406 1171,2405 1231,2405 1291,2404 1350,2403 1410,2402 1469,2401 1529,2400 1588,2399 1648,2398 1707,2397 1767,2395 1827,2394"/>
                <TextEquiv>
                    <Unicode>will, und der verblühte Bohémien, der als kompromittierender</Unicode>
                </TextEquiv>
            </TextLine>
            <TextLine id="r1l67" custom="readingOrder {index:66;}">
                <Coords points="3044,2443 3089,2443 3116,2452 3145,2438 3155,2445 3174,2441 3190,2451 3203,2444 3236,2450 3235,2398 3219,2398 3199,2412 3173,2399 3144,2399 3138,2406 3111,2400 3095,2407 3043,2404"/>
                <Baseline points="3059,2437 3085,2437 3112,2435 3139,2435 3166,2434 3193,2434 3220,2436"/>
                <TextEquiv>
                    <Unicode>und Ste</Unicode>
                </TextEquiv>
            </TextLine>
            <TextLine id="r1l68" custom="readingOrder {index:67;}">
                <Coords points="605,2469 1834,2444 1810,2403 604,2410"/>
                <Baseline points="622,2461 681,2459 741,2457 801,2455 860,2454 920,2452 980,2451 1039,2450 1099,2448 1159,2447 1219,2446 1278,2446 1338,2445 1398,2444 1457,2443 1517,2443 1577,2442 1636,2441 1696,2441 1756,2440 1816,2440"/>
                <TextEquiv>
                    <Unicode>Zeuge ihrer gemeinsamen Vergangenheit die Liebesbriefe des schreib¬</Unicode>
                </TextEquiv>
            </TextLine>
            <TextLine id="r1l69" custom="readingOrder {index:68;}">
                <Coords points="1836,2457 3007,2458 3046,2455 3046,2406 1836,2408"/>
                <Baseline points="1853,2449 1911,2450 1970,2450 2029,2451 2088,2451 2147,2451 2206,2451 2264,2451 2323,2451 2382,2450 2441,2450 2500,2449 2559,2449 2618,2448 2676,2448 2735,2447 2794,2447 2853,2447 2912,2446 2971,2446 3030,2446"/>
                <TextEquiv>
                    <Unicode>tag den 9. Sept. abends 8 Uhr eine Festvorstellung statt, für</Unicode>
                </TextEquiv>
            </TextLine>
            <TextLine id="r1l70" custom="readingOrder {index:69;}">
                <Coords points="3032,2483 3097,2487 3103,2494 3129,2484 3158,2491 3184,2491 3194,2482 3227,2488 3227,2440 3162,2445 3143,2439 3032,2441"/>
                <Baseline points="3049,2483 3076,2482 3103,2482 3130,2482 3157,2483 3184,2483 3212,2484"/>
                <TextEquiv>
                    <Unicode>ten sein</Unicode>
                </TextEquiv>
            </TextLine>
            <TextLine id="r1l71" custom="readingOrder {index:70;}">
                <Coords points="1832,2496 3042,2503 3041,2447 1831,2451"/>
                <Baseline points="1849,2492 1907,2493 1966,2494 2025,2495 2084,2495 2142,2495 2201,2495 2260,2495 2319,2494 2377,2494 2436,2493 2495,2492 2554,2491 2612,2491 2671,2490 2730,2489 2789,2488 2847,2487 2906,2487 2965,2486 3024,2486"/>
                <TextEquiv>
                    <Unicode>die von den fremden Gästen die Sullivansche Operette Der</Unicode>
                </TextEquiv>
            </TextLine>
            <TextLine id="r1l72" custom="readingOrder {index:71;}">
                <Coords points="623,2503 1703,2506 1833,2493 1832,2445 622,2467"/>
                <Baseline points="638,2505 700,2503 762,2502 824,2500 886,2499 948,2497 1010,2495 1072,2494 1134,2492 1196,2491 1258,2489 1320,2488 1382,2487 1444,2486 1506,2485 1568,2485 1630,2484 1692,2485 1754,2485 1817,2485"/>
                <TextEquiv>
                    <Unicode>fingrigen Lebeweibes zu einem indiskreten Roman ausschlachtet.</Unicode>
                </TextEquiv>
            </TextLine>
            <TextLine id="r1l73" custom="readingOrder {index:72;}">
                <Coords points="3038,2523 3055,2523 3061,2530 3133,2528 3145,2535 3172,2529 3191,2543 3211,2530 3230,2531 3231,2485 3208,2488 3195,2481 3185,2491 3140,2490 3130,2483 3039,2491"/>
                <Baseline points="3055,2524 3081,2525 3107,2526 3134,2527 3160,2527 3186,2527 3213,2528"/>
                <TextEquiv>
                    <Unicode>Gruben,</Unicode>
                </TextEquiv>
            </TextLine>
            <TextLine id="r1l74" custom="readingOrder {index:73;}">
                <Coords points="1834,2562 2107,2543 2178,2569 2270,2540 2422,2557 2458,2544 2458,2495 1834,2497"/>
                <Baseline points="1849,2534 1878,2533 1908,2533 1937,2534 1967,2534 1997,2534 2026,2535 2056,2536 2085,2536 2115,2537 2145,2538 2174,2538 2204,2538 2233,2539 2263,2539 2293,2538 2322,2537 2352,2536 2381,2534 2411,2532 2441,2529"/>
                <TextEquiv>
                    <Unicode>Mikado gewünscht worden ist.</Unicode>
                </TextEquiv>
            </TextLine>
            <TextLine id="r1l75" custom="readingOrder {index:74;}">
                <Coords points="611,2559 1844,2537 1843,2492 1781,2490 610,2510"/>
                <Baseline points="628,2549 687,2547 747,2546 807,2544 867,2543 927,2541 987,2540 1047,2539 1107,2538 1167,2537 1227,2536 1286,2535 1346,2534 1406,2533 1466,2533 1526,2532 1586,2531 1646,2529 1706,2529 1766,2527 1826,2526"/>
                <TextEquiv>
                    <Unicode>Herr Günther, Herr Peppler, sowie Frl. Rosar, gaben</Unicode>
                </TextEquiv>
            </TextLine>
            <TextLine id="r1l76" custom="readingOrder {index:75;}">
                <Coords points="613,2593 1846,2583 1845,2534 1318,2517 613,2547"/>
                <Baseline points="629,2589 689,2588 749,2587 809,2585 869,2585 929,2583 989,2582 1049,2581 1109,2580 1169,2579 1229,2578 1289,2577 1349,2576 1409,2575 1469,2574 1529,2574 1589,2573 1649,2572 1709,2572 1769,2571 1829,2571"/>
                <TextEquiv>
                    <Unicode>dem schillernden Gegenspiel konträrer Weltanschauungen das rich¬</Unicode>
                </TextEquiv>
            </TextLine>
            <TextLine id="r1l77" custom="readingOrder {index:76;}">
                <Coords points="1896,2602 3028,2607 3047,2539 1896,2546"/>
                <Baseline points="1911,2596 1967,2596 2023,2597 2079,2597 2135,2597 2191,2598 2247,2598 2303,2598 2359,2598 2415,2598 2471,2597 2527,2597 2583,2597 2639,2596 2695,2596 2751,2595 2807,2595 2863,2594 2919,2594 2975,2593 3032,2592"/>
                <TextEquiv>
                    <Unicode>X Münchener Volkstheater. Wie bereits mitgeteilt, findet am</Unicode>
                </TextEquiv>
            </TextLine>
            <TextLine id="r1l78" custom="readingOrder {index:77;}">
                <Coords points="3035,2626 3083,2625 3100,2615 3162,2624 3168,2617 3207,2613 3220,2600 3243,2603 3242,2538 3193,2545 3170,2529 3147,2536 3141,2530 3033,2528"/>
                <Baseline points="3051,2613 3080,2612 3109,2611 3138,2611 3167,2610 3196,2610 3225,2611"/>
                <TextEquiv>
                    <Unicode>Seichme</Unicode>
                </TextEquiv>
            </TextLine>
            <TextLine id="r1l79" custom="readingOrder {index:78;}">
                <Coords points="613,2629 1777,2630 1839,2623 1838,2574 612,2593"/>
                <Baseline points="630,2632 689,2631 749,2631 809,2630 868,2629 928,2628 988,2627 1047,2626 1107,2624 1167,2623 1227,2622 1286,2621 1346,2620 1406,2619 1465,2619 1525,2618 1585,2617 1644,2617 1704,2616 1764,2616 1824,2616"/>
                <TextEquiv>
                    <Unicode>#tige satirisch=witzige Geplänkel, wenn auch Frl. Rosar mehr das</Unicode>
                </TextEquiv>
            </TextLine>
            <TextLine id="r1l80" custom="readingOrder {index:79;}">
                <Coords points="1834,2652 3038,2643 3037,2607 2969,2594 1834,2587"/>
                <Baseline points="1852,2644 1910,2643 1969,2643 2027,2642 2086,2642 2144,2642 2203,2642 2261,2642 2320,2642 2378,2643 2437,2643 2495,2643 2554,2643 2612,2642 2671,2642 2729,2641 2788,2640 2846,2639 2905,2638 2963,2636 3022,2634"/>
                <TextEquiv>
                    <Unicode>nächsten Samstag den 13. Sept. die Uraufführung von Karl Ett¬</Unicode>
                </TextEquiv>
            </TextLine>
            <TextLine id="r1l81" custom="readingOrder {index:80;}">
                <Coords points="3035,2662 3093,2659 3103,2669 3119,2659 3145,2666 3165,2656 3171,2663 3214,2664 3253,2657 3253,2609 3234,2612 3218,2602 3188,2618 3081,2617 3061,2597 3035,2597"/>
                <Baseline points="3051,2655 3077,2654 3104,2654 3130,2654 3157,2655 3183,2656 3210,2656 3237,2655"/>
                <TextEquiv>
                    <Unicode>ersten E.</Unicode>
                </TextEquiv>
            </TextLine>
            <TextLine id="r1l82" custom="readingOrder {index:81;}">
                <Coords points="614,2670 1583,2683 1843,2669 1843,2620 613,2628"/>
                <Baseline points="630,2677 689,2676 749,2675 809,2674 869,2673 929,2672 989,2671 1049,2670 1109,2669 1169,2668 1229,2667 1288,2666 1348,2665 1408,2664 1468,2663 1528,2662 1588,2661 1648,2660 1708,2659 1768,2658 1828,2657"/>
                <TextEquiv>
                    <Unicode>Weibchen als die Literatin betonte, so daß mehr süßes Mädel als</Unicode>
                </TextEquiv>
            </TextLine>
            <TextLine id="r1l83" custom="readingOrder {index:82;}">
                <Coords points="1839,2690 2838,2701 3039,2691 3039,2639 1839,2648"/>
                <Baseline points="1856,2686 1914,2686 1972,2686 2031,2686 2089,2686 2147,2686 2206,2687 2264,2687 2322,2687 2381,2687 2439,2687 2497,2688 2556,2688 2614,2687 2672,2687 2731,2687 2789,2686 2847,2685 2906,2684 2964,2683 3023,2681"/>
                <TextEquiv>
                    <Unicode>lingers dreiaktiger Komödie Das Beschwerde#uch statt.</Unicode>
                </TextEquiv>
            </TextLine>
            <TextLine id="r1l84" custom="readingOrder {index:83;}">
                <Coords points="3042,2704 3065,2701 3107,2711 3195,2699 3201,2706 3224,2700 3247,2707 3247,2661 3120,2659 3104,2669 3075,2652 3042,2655"/>
                <Baseline points="3058,2694 3087,2696 3116,2695 3145,2695 3174,2695 3203,2696 3232,2699"/>
                <TextEquiv>
                    <Unicode>Welten 1</Unicode>
                </TextEquiv>
            </TextLine>
            <TextLine id="r1l85" custom="readingOrder {index:84;}">
                <Coords points="617,2729 1664,2728 1839,2713 1839,2670 616,2680"/>
                <Baseline points="632,2720 691,2719 751,2719 810,2717 870,2717 929,2715 989,2714 1048,2713 1108,2712 1167,2711 1227,2711 1287,2709 1346,2708 1406,2707 1465,2706 1525,2706 1584,2705 1644,2704 1703,2703 1763,2702 1823,2701"/>
                <TextEquiv>
                    <Unicode>Geistesdame herauskam. Besser war sie daher am Platze in der</Unicode>
                </TextEquiv>
            </TextLine>
            <TextLine id="r1l86" custom="readingOrder {index:85;}">
                <Coords points="1840,2736 2809,2750 3036,2733 3036,2690 1839,2691"/>
                <Baseline points="1857,2732 1915,2732 1973,2731 2031,2731 2089,2731 2147,2731 2205,2731 2263,2731 2321,2731 2379,2732 2438,2732 2496,2732 2554,2732 2612,2732 2670,2731 2728,2731 2786,2730 2844,2729 2902,2728 2960,2727 3019,2725"/>
                <TextEquiv>
                    <Unicode>In den Hauptrollen sind beschäftigt die Herren: Kopp, Pinegger,</Unicode>
                </TextEquiv>
            </TextLine>
            <TextLine id="r1l87" custom="readingOrder {index:86;}">
                <Coords points="3042,2755 3117,2742 3136,2752 3162,2745 3175,2755 3182,2748 3192,2755 3214,2735 3244,2739 3244,2706 3227,2706 3221,2713 3195,2700 3172,2706 3042,2703"/>
                <Baseline points="3058,2737 3086,2739 3115,2739 3143,2738 3172,2738 3200,2738 3229,2740"/>
                <TextEquiv>
                    <Unicode>der Lab#</Unicode>
                </TextEquiv>
            </TextLine>
            <TextLine id="r1l88" custom="readingOrder {index:87;}">
                <Coords points="615,2768 1835,2754 1834,2712 1707,2701 615,2729"/>
                <Baseline points="630,2767 689,2765 749,2763 808,2761 868,2759 927,2757 987,2756 1046,2754 1106,2753 1165,2752 1225,2751 1284,2750 1344,2749 1403,2749 1463,2748 1522,2748 1582,2747 1641,2747 1701,2747 1760,2747 1820,2747"/>
                <TextEquiv>
                    <Unicode>klassischen Tragödie des kleinen Wiener Schätzchens, das an seiner</Unicode>
                </TextEquiv>
            </TextLine>
            <TextLine id="r1l89" custom="readingOrder {index:88;}">
                <Coords points="1834,2785 2962,2781 3047,2771 3047,2732 1834,2736"/>
                <Baseline points="1849,2775 1908,2774 1967,2774 2026,2774 2085,2774 2144,2773 2203,2773 2262,2773 2321,2773 2380,2773 2439,2773 2498,2773 2557,2773 2616,2772 2675,2772 2734,2772 2793,2772 2852,2771 2911,2771 2970,2770 3030,2770"/>
                <TextEquiv>
                    <Unicode>Beck, Berger, Denzel, Grädinger, Neubert, Seifert, Sturmfels,</Unicode>
                </TextEquiv>
            </TextLine>
            <TextLine id="r1l90" custom="readingOrder {index:89;}">
                <Coords points="3034,2789 3115,2789 3138,2796 3144,2789 3180,2789 3190,2780 3239,2790 3239,2734 3216,2734 3200,2747 3141,2750 3034,2737"/>
                <Baseline points="3049,2782 3078,2783 3107,2783 3136,2783 3165,2783 3194,2783 3223,2783"/>
                <TextEquiv>
                    <Unicode>endlose</Unicode>
                </TextEquiv>
            </TextLine>
            <TextLine id="r1l91" custom="readingOrder {index:90;}">
                <Coords points="612,2820 1841,2802 1840,2756 1658,2746 611,2774"/>
                <Baseline points="628,2809 687,2808 747,2807 807,2805 867,2804 927,2803 986,2802 1046,2801 1106,2800 1166,2799 1226,2798 1285,2797 1345,2796 1405,2795 1465,2794 1525,2793 1584,2792 1644,2791 1704,2790 1764,2789 1824,2788"/>
                <TextEquiv>
                    <Unicode>Liebe zugrunde geht, weil es die Anatol=Welt und die Anatol¬</Unicode>
                </TextEquiv>
            </TextLine>
            <TextLine id="r1l92" custom="readingOrder {index:91;}">
                <Coords points="1833,2823 2936,2840 3043,2827 3043,2775 1833,2784"/>
                <Baseline points="1849,2817 1907,2816 1966,2816 2025,2816 2084,2816 2143,2816 2202,2816 2261,2815 2320,2815 2379,2815 2438,2815 2496,2814 2555,2814 2614,2814 2673,2813 2732,2813 2791,2812 2850,2812 2909,2811 2968,2811 3027,2810"/>
                <TextEquiv>
                    <Unicode>Trenk, Weichand und die Damen: Anna Horst, ein neues Mitglied</Unicode>
                </TextEquiv>
            </TextLine>
            <TextLine id="r1l93" custom="readingOrder {index:92;}">
                <Coords points="3033,2827 3049,2827 3081,2844 3110,2844 3140,2828 3198,2838 3224,2822 3247,2825 3247,2790 3215,2783 3195,2786 3189,2779 3179,2789 3098,2788 3091,2795 3033,2788"/>
                <Baseline points="3048,2822 3074,2823 3100,2824 3126,2824 3152,2824 3178,2824 3204,2824 3230,2824"/>
                <TextEquiv>
                    <Unicode>vom Sch#</Unicode>
                </TextEquiv>
            </TextLine>
            <TextLine id="r1l94" custom="readingOrder {index:93;}">
                <Coords points="619,2862 1764,2848 1832,2840 1832,2798 619,2813"/>
                <Baseline points="636,2853 695,2852 754,2850 813,2849 872,2848 931,2847 990,2846 1049,2845 1108,2844 1167,2842 1226,2841 1285,2840 1344,2839 1403,2838 1462,2837 1521,2836 1580,2836 1639,2835 1698,2834 1757,2833 1816,2833"/>
                <TextEquiv>
                    <Unicode>Moral mit seinem ganz aus Treue gekneteten Herzen nicht ver¬</Unicode>
                </TextEquiv>
            </TextLine>
            <TextLine id="r1l95" custom="readingOrder {index:94;}">
                <Coords points="1840,2878 2767,2884 2767,2828 2734,2819 1840,2822"/>
                <Baseline points="1855,2859 1899,2859 1944,2860 1989,2860 2034,2860 2079,2860 2123,2860 2168,2860 2213,2860 2258,2859 2303,2859 2347,2859 2392,2858 2437,2857 2482,2857 2527,2856 2571,2856 2616,2855 2661,2854 2706,2854 2751,2853"/>
                <TextEquiv>
                    <Unicode>des Ensembles, Frau Werner und Therese Almer.</Unicode>
                </TextEquiv>
            </TextLine>
            <TextLine id="r1l96" custom="readingOrder {index:95;}">
                <Coords points="3107,2877 3133,2876 3143,2882 3172,2878 3179,2885 3189,2884 3201,2871 3231,2873 3230,2828 3210,2828 3194,2839 3178,2829 3155,2833 3145,2827 3138,2827 3132,2834 3106,2834"/>
                <Baseline points="3122,2871 3153,2871 3184,2867 3216,2871"/>
                <TextEquiv>
                    <Unicode>Ich</Unicode>
                </TextEquiv>
            </TextLine>
            <TextLine id="r1l97" custom="readingOrder {index:96;}">
                <Coords points="622,2900 1842,2884 1841,2839 621,2855"/>
                <Baseline points="638,2897 697,2896 756,2895 816,2893 875,2892 935,2891 994,2889 1053,2888 1113,2887 1172,2886 1232,2884 1291,2883 1350,2882 1410,2881 1469,2880 1529,2880 1588,2879 1647,2878 1707,2877 1766,2877 1826,2877"/>
                <TextEquiv>
                    <Unicode>stehen kann. Nirgends ist die seltsame, aus Sentimentalität und</Unicode>
                </TextEquiv>
            </TextLine>
            <TextLine id="r1l98" custom="readingOrder {index:97;}">
                <Coords points="3049,2925 3065,2924 3078,2934 3088,2924 3094,2930 3107,2923 3134,2932 3149,2919 3166,2925 3192,2921 3202,2930 3241,2923 3239,2874 3200,2869 3178,2882 3165,2876 3145,2883 3112,2861 3099,2875 3048,2879"/>
                <Baseline points="3064,2919 3090,2917 3117,2915 3144,2913 3170,2912 3197,2913 3224,2917"/>
                <TextEquiv>
                    <Unicode>geschildet</Unicode>
                </TextEquiv>
            </TextLine>
            <TextLine id="r1l99" custom="readingOrder {index:98;}">
                <Coords points="1897,2924 3046,2935 3013,2851 2531,2890 1897,2868"/>
                <Baseline points="1915,2921 1970,2921 2026,2921 2082,2922 2137,2921 2193,2921 2249,2921 2304,2921 2360,2921 2416,2920 2472,2920 2527,2919 2583,2919 2639,2918 2694,2918 2750,2917 2806,2916 2861,2916 2917,2915 2973,2914 3029,2914"/>
                <TextEquiv>
                    <Unicode>X Münchener Kammerspiele. In Abänderung des Spielplans</Unicode>
                </TextEquiv>
            </TextLine>
            <TextLine id="r1l100" custom="readingOrder {index:99;}">
                <Coords points="619,2946 1845,2934 1844,2885 1756,2877 618,2900"/>
                <Baseline points="634,2941 693,2940 753,2938 813,2937 873,2935 932,2934 992,2932 1052,2931 1112,2930 1171,2928 1231,2927 1291,2926 1351,2925 1410,2924 1470,2923 1530,2923 1590,2922 1649,2922 1709,2921 1769,2921 1829,2921"/>
                <TextEquiv>
                    <Unicode>Frivolität gemischte Wiener Luft mit ihrem berauschenden Duft</Unicode>
                </TextEquiv>
            </TextLine>
            <TextLine id="r1l101" custom="readingOrder {index:100;}">
                <Coords points="3035,2982 3074,2975 3080,2968 3100,2971 3106,2964 3136,2977 3159,2967 3188,2973 3201,2959 3207,2966 3227,2965 3226,2930 3200,2930 3190,2921 3145,2921 3135,2931 3112,2922 3077,2932 3057,2920 3034,2920"/>
                <Baseline points="3052,2962 3078,2960 3105,2958 3131,2957 3158,2957 3184,2958 3211,2959"/>
                <TextEquiv>
                    <Unicode>hat; ich</Unicode>
                </TextEquiv>
            </TextLine>
            <TextLine id="r1l102" custom="readingOrder {index:101;}">
                <Coords points="1842,2981 2993,2978 3039,2929 1841,2916"/>
                <Baseline points="1857,2972 1915,2970 1973,2969 2031,2968 2089,2967 2148,2966 2206,2966 2264,2965 2322,2965 2380,2965 2439,2965 2497,2965 2555,2965 2613,2964 2671,2964 2730,2964 2788,2963 2846,2962 2904,2961 2962,2960 3021,2958"/>
                <TextEquiv>
                    <Unicode>gelangt statt Mutter Landstraße am Donnerstag den 11. Sept.</Unicode>
                </TextEquiv>
            </TextLine>
            <TextLine id="r1l103" custom="readingOrder {index:102;}">
                <Coords points="613,2981 1817,2981 1836,2928 613,2945"/>
                <Baseline points="630,2984 689,2981 748,2979 808,2977 867,2975 927,2974 986,2973 1046,2972 1105,2971 1165,2970 1224,2970 1283,2969 1343,2969 1402,2968 1462,2968 1521,2967 1581,2967 1640,2966 1700,2966 1759,2965 1819,2964"/>
                <TextEquiv>
                    <Unicode>wahrer eingefangen, nirgends aber auch die soziale Kluft zwischen</Unicode>
                </TextEquiv>
            </TextLine>
            <TextLine id="r1l104" custom="readingOrder {index:103;}">
                <Coords points="3034,3023 3082,3006 3128,3015 3151,3008 3203,3014 3222,3001 3242,3001 3241,2946 3225,2946 3209,2962 3199,2956 3183,2963 3134,2960 3076,2973 3033,2964"/>
                <Baseline points="3051,3003 3076,3002 3101,3001 3126,3001 3151,3001 3176,3001 3201,3001 3226,3000"/>
                <TextEquiv>
                    <Unicode>und er ##</Unicode>
                </TextEquiv>
            </TextLine>
            <TextLine id="r1l105" custom="readingOrder {index:104;}">
                <Coords points="1844,3024 3041,3012 3040,2967 2927,2961 1844,2972"/>
                <Baseline points="1861,3011 1919,3011 1977,3010 2035,3009 2093,3009 2151,3008 2209,3008 2268,3007 2326,3007 2384,3007 2442,3007 2500,3007 2558,3007 2616,3006 2675,3006 2733,3006 2791,3006 2849,3006 2907,3006 2965,3006 3024,3006"/>
                <TextEquiv>
                    <Unicode>Der Faun zur Aufführung, so daß an den Tagen Mittwoch, Don¬</Unicode>
                </TextEquiv>
            </TextLine>
            <TextLine id="r1l106" custom="readingOrder {index:105;}">
                <Coords points="621,3046 1776,3027 1837,3016 1837,2970 620,2987"/>
                <Baseline points="636,3024 695,3023 754,3022 813,3021 872,3021 932,3020 991,3019 1050,3018 1109,3017 1168,3016 1228,3015 1287,3014 1346,3013 1405,3012 1464,3012 1524,3011 1583,3010 1642,3010 1701,3009 1760,3009 1820,3009"/>
                <TextEquiv>
                    <Unicode>Vorder= und Hinterhaus (Sudermännisch gesprochen), zwischen</Unicode>
                </TextEquiv>
            </TextLine>
            <TextLine id="r1l107" custom="readingOrder {index:106;}">
                <Coords points="1845,3062 3253,3075 3252,2984 1844,3019"/>
                <Baseline points="1860,3059 1928,3058 1997,3057 2066,3057 2135,3056 2204,3055 2272,3055 2341,3054 2410,3054 2479,3053 2548,3053 2616,3052 2685,3052 2754,3052 2823,3051 2892,3051 2960,3051 3029,3050 3098,3050 3167,3050 3236,3050"/>
                <TextEquiv>
                    <Unicode>nerstag und Samstag Der Faun gespielt wird, während Dienstag, „schwarze</Unicode>
                </TextEquiv>
            </TextLine>
            <TextLine id="r1l108" custom="readingOrder {index:107;}">
                <Coords points="613,3090 772,3059 1853,3073 1852,3011 613,3025"/>
                <Baseline points="631,3067 691,3066 751,3065 811,3065 872,3064 932,3063 992,3062 1053,3061 1113,3060 1173,3060 1234,3059 1294,3058 1354,3057 1414,3056 1475,3056 1535,3055 1595,3055 1656,3055 1716,3055 1776,3055 1837,3055"/>
                <TextEquiv>
                    <Unicode>fescher Gargonwohnung und Altwiener Mansarde treffender ge¬</Unicode>
                </TextEquiv>
            </TextLine>
            <TextLine id="r1l109" custom="readingOrder {index:108;}">
                <Coords points="617,3123 3248,3067 617,3077"/>
                <Baseline points="632,3121 762,3118 892,3115 1022,3112 1152,3110 1282,3108 1412,3106 1542,3104 1672,3102 1802,3101 1932,3100 2062,3099 2192,3098 2322,3097 2452,3096 2582,3095 2712,3095 2842,3094 2972,3094 3102,3093 3233,3093"/>
                <TextEquiv>
                    <Unicode>zeigt worden. In dieser Kluft mußte die arme Christine zer= Freitag und Sonntag Der Ruf des Lebens zur Aufführung gelanat. aneinand</Unicode>
                </TextEquiv>
            </TextLine>
            <TextEquiv>
                <Unicode>Lebe
box 24/4
19. Der Ruf desuans
Leantragte für 1924 einen derstartten Kredit füt die Terich= Steuernovellen soll erst spater erfolgen. Vom Kultusministerium Deut.
tigung und Regulierung der russisch-preußischen Grenze. Inl sind nur kleinere Vorlagen zu erwarten, das Ausgrabungsgesetz und der An
deren Maria interessierte. Die Darstellerin hat Stil, aber sie schellen — die Anatols aber leben weiter, ein bißchen zu Tränen
gerührt über das Schicksal des armen süßen Mädels, ein bißchen findet
sollte sich vor Ueberspannung dieses Stils hüten; mit dem Auf¬
melancholisch getrübt, aber bald wieder getröstet einer anderen 30. Se
reißen der Augen und mit dem Zucken der Mundwinkel sparsamer
[Prill
Blume zuflatternd. Der Kavalier mit dem Flatterherzen lebt
sein. Flammendes Temperament und wühlendes Gefühl entläd
gramm
zwar nicht weiter, sondern wird mitten im Flirt bei Schnitzler aus
sich nicht immer in Verzerrungen. Trotz alledem wäre es für die
glücklic
dem Leben geschafft, aber wenn auch sein Lebenslicht mit der
Kammerspiele wünschenswert, Mitglieder von der Reife Fr. Hor¬
Mozart
Pistole ausgelöscht wird, tausend andere dieser Liebelnden, ewig
witz' zusammen zu bekommen, denn die unkritische Fremdensaison
bekann
neu erregt und entzündet und darum ewig untreu mit schuldloser
V.
ist bald vorbei.
Seele, werden auferstehen und Herzen brechen, wie das treue,
Münchener Schauspielhaus. Auch auf der Stollberg=Bühne
vertrauende der Christine. Wie sympathisch Herr v. Duniecki
wurde die eigentliche literarische Saison — die ersten Stücke fallen
seinen gefühlsbelasteten Genießer spielt, ist aus früheren Vorstel¬
ja mit den ersten Blättern — im Zeichen Schnitzlers eröffnet.
lungen bekannt; fesch gab sich auch das Gegenspielerpaar leichteren
Konstar
Man gab zwei Neueinstudierungen echter Wiener Schnitzler, zuerst
Blutes in Herrn Günthers und Frl. Ruß' beweglicher Ver¬
Arbeit,
die dialogisierte Novellette Literatur, dann das Lebensbild
körperung; echt und charakteristisch gestaltete Herr Weyner den
waren
Liebelei, in dem der Tod neben heißestem Leben steht. Man
alten Musikus. Frl. Rosar gelang es, die gläubige Hingebung
fensfeld
kann, wie abgespielt das Dreigespräch Literatur auch schon ist,
an den Geliebten, das grenzenlose Vertrauen, wie den rasenden
um für
stets von neuem künstlerische Freude empfinden über diese wasch¬
Schmerzensausbruch der letzten Szene ohne theaterhafte Mätzchen
unveröft
echt geratenen, den Schichten des Amüsieradels und der literari¬
überzeugend zum Ausdruck zu bringen. Besser aber noch als das
Strom
schen Bohème entnommenen Typen: der feudale Gehirntrottel, der
Tragische geriet ihr das Innige. Alle Darsteller lohnte starker
Augusthe
nach dem Rennstall duftet und die Literatur als unstandesgemäß
V.
Beifall.
ist, ein 
verabscheut, das listige Bücherweibchen, das nach bewegter Ver¬
Der
X Festvorstellung im Münchener Künstlertheater. Für die Teil¬
gangenheit auf dessen Wappenschild und Renten sich weich betten
wir, der
nehmer am Kongreß der Tiefbau=Unternehmer findet heute Diens¬
will, und der verblühte Bohémien, der als kompromittierender
und Ste
Zeuge ihrer gemeinsamen Vergangenheit die Liebesbriefe des schreib¬
tag den 9. Sept. abends 8 Uhr eine Festvorstellung statt, für
ten sein
die von den fremden Gästen die Sullivansche Operette Der
fingrigen Lebeweibes zu einem indiskreten Roman ausschlachtet.
Gruben,
Mikado gewünscht worden ist.
Herr Günther, Herr Peppler, sowie Frl. Rosar, gaben
dem schillernden Gegenspiel konträrer Weltanschauungen das rich¬
X Münchener Volkstheater. Wie bereits mitgeteilt, findet am
Seichme
#tige satirisch=witzige Geplänkel, wenn auch Frl. Rosar mehr das
nächsten Samstag den 13. Sept. die Uraufführung von Karl Ett¬
ersten E.
Weibchen als die Literatin betonte, so daß mehr süßes Mädel als
lingers dreiaktiger Komödie Das Beschwerde#uch statt.
Welten 1
Geistesdame herauskam. Besser war sie daher am Platze in der
In den Hauptrollen sind beschäftigt die Herren: Kopp, Pinegger,
der Lab#
klassischen Tragödie des kleinen Wiener Schätzchens, das an seiner
Beck, Berger, Denzel, Grädinger, Neubert, Seifert, Sturmfels,
endlose
Liebe zugrunde geht, weil es die Anatol=Welt und die Anatol¬
Trenk, Weichand und die Damen: Anna Horst, ein neues Mitglied
vom Sch#
Moral mit seinem ganz aus Treue gekneteten Herzen nicht ver¬
des Ensembles, Frau Werner und Therese Almer.
Ich
stehen kann. Nirgends ist die seltsame, aus Sentimentalität und
geschildet
X Münchener Kammerspiele. In Abänderung des Spielplans
Frivolität gemischte Wiener Luft mit ihrem berauschenden Duft
hat; ich
gelangt statt Mutter Landstraße am Donnerstag den 11. Sept.
wahrer eingefangen, nirgends aber auch die soziale Kluft zwischen
und er ##
Der Faun zur Aufführung, so daß an den Tagen Mittwoch, Don¬
Vorder= und Hinterhaus (Sudermännisch gesprochen), zwischen
nerstag und Samstag Der Faun gespielt wird, während Dienstag, „schwarze
fescher Gargonwohnung und Altwiener Mansarde treffender ge¬
zeigt worden. In dieser Kluft mußte die arme Christine zer= Freitag und Sonntag Der Ruf des Lebens zur Aufführung gelanat. aneinand</Unicode>
            </TextEquiv>
        </TextRegion>
    </Page>
</PcGts>
