3436 4352
1527 185 1984 285 box 24/5
209 198 1370 304 19. Der Ruf  Lebens
482 534 1248 594 Adlers in den Höhen, das Rauschen
1258 545 2098 621 Schmidt und Emil Schäffer. „Keine erotische
441 570 1238 644 r Strömung in den Tiefen vernehmen.
1265 598 2101 666 Komödie“ nennen die Verfasser ihr satirisches
434 621 1246 694 im stärksten und frischesten wirken die
1261 645 2100 711 Werk, das uns mit dem sachlichen Witz
419 661 1237 726 Episoden, in denen Hawels keck zugreifender
1262 702 2102 762 von Leuten, die in die Pfiffe und Kniffe
407 705 1239 764 Humor in seine Rechte tritt. Er führte das
1251 737 2104 812 des Kunsthandels eingeweiht sind, die ulkige
405 753 1229 822 von den Herren Amon, Kirschner und
1251 771 2104 854 Anekdote erzählt, wie ein falscher van Dyck
397 790 1236 861 Kutschera, sowie von Fräulein Pellar in den
1253 827 2095 899 für einen echten eingetauscht wird und wie
393 836 1232 904 Hauptrollen meisterlich gespielte Volksstück
1248 873 2094 936 der falsche echt bleiben muß, damit die
400 883 864 947 zu einem vollen Erfolg.
1259 915 2093 979 Blamage des staatlichen Kunstwarts nicht
483 936 1230 999 Von den Stücken älteren Datums, die
1246 964 2089 1030 ruchbar werde. Die launige Art, wie hier
388 987 1233 1044 das Deutsche Volkstheater in seinen Spiel¬
1254 1004 2097 1074 Kunstwissenschaft und Kunstkennerschaft ver¬
386 1015 1231 1078 plan aufnahm, um Beziehungen zum Tage
1249 1049 2094 1117 spottet werden, ist freilich zu still und zu
394 1073 1230 1130 herzustellen, erfreute am meisten Eduard von
1252 1091 2093 1147 intim, um für die ironisch beflügelte Komödie
387 1094 1236 1178 Bauernfelds hochbetagtes Schauspiel „Ein
1253 1141 2087 1206 ein größeres Publikum zu interessieren.
385 1158 1234 1217 deutscher Krieger“ das mit vorschauendem
1240 1179 2083 1231 Immerhin: es war ein leidlich unterhalt¬
393 1186 1230 1263 Blick in beherzten Worten für die Not¬
1248 1226 2102 1295 samer Abend, den man sich auch in Kriegs¬
388 1243 1221 1308 wendigkeit eintritt, unser Kulturleben mit
1247 1266 1809 1333 zeiten gefallen lassen konnte.
381 1286 1231 1351 deutschem Geiste zu durchdringen. Aber nicht
2079 1272 2141 1368 7
383 1329 1231 1379 nur die Gesinnungstüchtigkeit war es, die
1277 1290 2062 1397 6C1 00 Theodor Antropp.“
385 1373 1224 1442 den Erfolg des alten Stückes neu verjüngte.
388 1413 1231 1478 Es enthält auch Bühnenwerte, von denen
373 1459 1221 1521 man meinen sollte, sie seien stark genug, um
372 1500 1229 1581 es endlich den wandelbaren Launen der po¬
379 1557 1217 1620 litischen Gunst zu entrücken. Namentlich der
378 1580 1217 1665 letzte Akt ist von einem so liebenswürdigen
374 1635 1213 1704 und reinen Lustspielhumor erfüllt, daß man
379 1675 1221 1751 sich daran immer wieder gesund lachen kann.
368 1719 1217 1800 Weniger glücklich erschien die Wiederauf¬
376 1766 1218 1838 führung des gar zu schablonenhaften und
1566 1778 2777 1844 Ausschnitt außerliner Börsen Courier, Borlit
362 1809 1217 1881 platten Soldatenlustspieles „Im bunten
372 1854 1212 1927 Rock“ von Franz von Schönthan und Frei¬
1812 1846 2563 1917 160K719¼ Morgenausgabe
1574 1861 1742 1929 vom:
372 1900 1202 1967 herrn von Schicht, und für eine Neuinsze¬
371 1943 1210 2011 nierung von A. Schnitzlers niederdrückend dü¬
2031 1902 2622 2065 Wschein, Ssaate.
372 1996 1214 2063 sterm Schauspiel „Der Ruf des Lebens“ hätte
369 2037 1215 2108 keine ungünstigere Zeit gewählt werden können.
369 2079 1206 2154 Die Tatsache, daß die Helden eines Stückes
1675 2103 2666 2185 Das gleiche Suchen nach gegenwartsnahen Werken
368 2116 1211 2195 Uniform tragen, sollte allein denn doch nicht
1615 2154 2665 2219 hat das Deutsche Volkstheater zur Wiederaufnahme
367 2172 1200 2237 maßgebend sein für die Bildung des Spiel¬
1624 2201 2650 2262 des fesselndsten Werkes gebracht, dessen man sich in den
353 2213 1206 2286 plans während des Krieges. Was uns not
1613 2252 2647 2310 letzten Wochen erfreuen durfte. Arthur Schnitzlers
364 2253 1210 2330 tut, ist Erhebung und Entrückung, nicht
1626 2284 2643 2335 „Der Ruf des Lebens“ ist vielleicht des Dichters ge¬
360 2308 1195 2363 Niederdrückung. Das einzige Theater, das
1615 2326 2646 2386 wagteste Schöpfung. Nirgends sonst hat er die Mög¬
353 2353 1199 2412 sich bisher freigehalten hat von kriegerischen
1613 2373 2650 2420 lichkeiten des Geschehens zu solch geheimnisvollen
362 2392 1201 2463 Anwandlungen, war die Neue Wiener
1617 2410 2652 2472 Grenzen vorgeschoben, die rätselhaften Unheimlich¬
349 2437 1189 2504 Bühne und das tat nach den aufdring¬
1616 2444 2651 2491 keiten der Liebe und die Lockungen des Todes traum¬
350 2491 1188 2536 lichen Geschmacklosigkeiten skrupelloser Ge¬
1639 2491 2652 2550 gleich ineinander fließen lassen und all die durch
357 2517 1200 2593 legenheitsmacher förmlich wohl. Nur ein
1730 2534 2647 2578 d, brünstiges Verlangen, Treulosigkeit und
1739 2574 2654 2627 tvernichtung bis zum Schmerzhaften gesteigerten
348 2564 1187 2637 „Vorspiel in Kriegszeiten“ von Max Mell
1742 2617 2660 2677 nungen durch stille Erkenntnisse wahrhafter
358 2615 1201 2682 erinnerte in sauber gereimten Reflexionen
1727 2650 2649 2701 schlichkeiten zu lösen gewußt. Vor dem Kriegs¬
348 2654 1182 2730 über Krieg und Theater an die großen Er¬
1710 2699 2652 2758 tergrund und dem heroischen Ende eines durch
356 2707 1187 2770 eignisse auf den Schlachtfeldern. Um so
1670 2739 2648 2781 genen Entschluß sich dem Tode weihenden „Jüng¬
344 2745 1186 2817 weiter davon ab führte die Komödie „Die
1618 2769 2647 2829 lingsregiments stehen grell und ohne Zugeständnis an
344 2790 1188 2863 Venus mit dem Papagei“ von Lothar
1616 2809 2647 2869 Sitten und Konvention ausgelebte Schicksale, bricht
1618 2858 2656 2933 die verheerende Gewalt des Triebhaften, vernichtend
1610 2893 2655 2954 und wieder zu wunderbarer Selbsterfüllung gelan¬
1574 2962 2618 3040 gend hervor, um schließlich in einer weiten, reif und
1588 3025 2626 3076 milde gewordenen Empfindung für die wahren, weit¬
1598 3055 2633 3100 ab von allem wilden Geschehen liegenden, nur in der
1588 3093 2629 3164 Einheit des Blühens und Werdens zu fühlenden
1589 3141 2620 3209 Werte des Lebens auszuklingen. Das weithin be¬
1591 3181 2619 3233 kannte und vielbesprochene Werk wird im Deutschen
1597 3228 2625 3270 Volkstheater von der herb=innigen Frau v. Wagner,
1594 3264 2632 3324 dem anmutvoll klugen Fräulein Steinsieck, Fräulein
1594 3306 2628 3353 Bukovics, den Herren Kramer (der immer feiner im
1587 3341 2634 3394 Charakterisieren wird), Onno (immer fesselnd und
1590 3383 2621 3443 immer allzu flackernd), Klitsch, Kutschera, Edthofer,
1590 3432 2620 3483 Lackner (an dessen Stelle Herr Fürth treten sollte),
1590 3475 2636 3548 vortrefflich gespielt und hat wieder eindringlichen und
1595 3508 2454 3575 nachklingenden Eindruck gemacht. Jnec##
