3484 4256
257 176 1405 261 19. Der Ruf des Lebens
732 549 1098 625 „OBSERVER“
371 602 1496 666 Unternehmen für Zeitungsausschnitte und Bibliographie,
849 655 1007 724 WIEN.
358 762 1409 891 Zeitung: Naues Wiener Jaurkal
1218 930 1433 1016 e
372 946 960 1031 Erscheinungsort
884 1022 1329 1110 26. AUG 1909
372 1073 610 1162 Datum:
472 1288 1579 1362 „Der Ruf des Lebens“, das dreiaktige Schau¬
289 1304 685 1400 spiel von Artur S.h,
794 1342 1562 1403 ist nach dem Mißerfolge der Urauf¬
298 1351 1565 1415 führung im Berlister Lessing=Theater vom Dichter umgearbeitet worden
296 1400 1568 1467 und erzielte am verflossenen Freitag in der neuen Fassung im
291 1438 1574 1510 Breslauer Sommertheater namentlich nach den ersten beiden
287 1472 1265 1563 Akten großen Erfolg, der jedoch zum Schluß abflaute.
792 2383 1141 2455 „OBSERVER“
409 2440 1533 2521 Unternehmen für Zeitungsausschnitte und Bibliographie,
893 2494 1053 2551 WIEN.
541 2561 1635 2716 Mänchiehes Kührt- und Theuter Anzeigen
403 2623 646 2718 Zeitung:
946 2667 1241 2746 München
404 2754 828 2853 Erscheinungsort:
719 2864 1177 2952 29. AUG 1909
412 2896 706 2981 Datum:
573 3062 1482 3140 Im Sommer=Theater zu Breslau hatte
453 3119 1487 3189 Arthur Schnitzlers Schauspiel „Der Ruf des Lebens““
456 3162 1454 3253 in der neuen Bearbeitung des Dichters mit Mirjazi
458 3227 1301 3298 Horwitz in der Hauptrolle starken Erfolg.
1533 170 2021 251 box 24/4
2566 701 2835 802 Telephoff
1810 888 1890 958 8
1799 885 2850 990 P MTRTT SM
1808 965 2958 1058 O I. österr. behördl. konz. Unternehmen für Zeitungs-Ausschnltte
1827 1029 1889 1074 6
1997 1028 2862 1103 Wien, I., Concordiaplatz 4.
2198 1095 2644 1171 Vertretungen
1880 1147 2960 1215 In Berlin, Budapest, Chicago, Christiania, Genf, Kopen¬
1803 1194 2957 1257 hagen, London, Madrid, Mailand, Minneapolis, New-Vork,
1909 1248 2930 1309 Paris, Rom, San Francisco, Stockholm, St. Petersburg.
2223 1276 2625 1343 (Quellenangabe ohne Gewähr.)
1803 1322 1850 1388 *
1817 1312 2945 1408 7) Ausschnitt aus: Theater-Courier, Berlin
1812 1409 1900 1455 13
1812 1449 2030 1507 E vom:
2166 1431 2458 1534 2-S12 1909
1780 1490 1991 1556 SOO
2360 1494 2879 1594 „Charleys Tante“.
1832 1539 2267 1598 Wrsene Lupin“.
2464 1558 2967 1622 „Der Kilometer¬
1840 1586 1892 1633 1
1826 1568 2368 1690 freit# Verreahe
2775 1603 2969 1675 Revo¬
2132 1601 2729 1677 „Der Ruf des Lebens“.
1962 1649 2835 1722 lutionshochzeit". (Erstaufführungen).
2660 1679 3007 1744 Eroisset=Leblancs
2365 1695 2569 1753 Während
1866 1701 2343 1762 Sommertheater.
1792 1737 3008 1800 Hockstovlerkomödie trotz geradezu alänzender Wiedergabe nur
1790 1759 3008 1826 acteilten Beifall fand und nach zwei Aufführungen vom Spiel¬
1788 1804 3019 1883 plan verschwand bogen sich die Besucher unserer Sommerbühne
1802 1852 3004 1933 vor Lachen als Brandon Thomas' sattsam bekannter Clown¬
1807 1895 3013 1961 spaß mit Guido Thielscher vom Berliner Metrovol=Theater
1801 1937 3017 1999 in der Titelrolle über die Bretter gina auf denen der gefeierte
1801 1977 3021 2044 Gest aus der Reichshauptstadt an den beiden anderen Abenden
1805 2019 3012 2078 seines drei Tage umfossenden Gastsviels in dem witzarmen
1810 2058 3020 2136 Lraatschen Schwank die Lochmuskeln der Zuschauer in ständiger
1813 2091 3023 2195 Bewegung erhielt und namentlich in Karl Keßler und Otto¬
1868 2217 3083 2291 Treptow zwei wackere Helfer hatte. Des weiteren erlebte die
1858 2275 3085 2326 bei ihrer Berliner Aufführung entsprechend gewürdigte Com¬
1878 2319 3076 2365 pagniearbeit Schlicht=Turszinskischer Muse eine vom Spiel¬
1871 2346 3078 2418 leiter Hans Hiutze gar sorgfältig vorbereitete Aufführung,
1879 2399 3080 2446 welche es trotz der gequälten und an den Haaren herbeigezogenen
1879 2444 3084 2481 Lustigkeit Dank des trefflich klappenden Zusammenspiels sowie
1876 2480 3088 2540 der trefflichen Einzelleistungen von Mirjam Horwitz (Annie
1872 2525 3084 2578 Mohr). Karl Keßler (Leutnant Stern), Dr. Ludwig Landsberg
1874 2575 3076 2626 (Oberst a. D. von Löwen) und Hilde Laßwitz (Piccolo) zu einem
1874 2613 3082 2663 freundlichen Darstellererfolge brachte. Einen solchen vermochte
1874 2647 3081 2718 jedoch Arthur Schnitzlers neuestes Schauspiel nicht zu erzielen,
1881 2701 3083 2749 obwohl es vonh dem Durchfall im Berliner Lessing¬
1875 2730 3091 2785 Theater vollständig umgearbeitet worden war. Aber selbst die
1867 2776 3082 2831 neue Fassung treibt noch immer ein überreiches Spiel mit Ein¬
1873 2823 3085 2876 zel=, Massen= und Selbstmorden, daß man es dem hiesigen Pu¬
1866 2868 3079 2922 blikum nicht verargen darf, wenn es dieser Blutrünstigkeiten
1873 2907 3085 2958 müde wurde und vorzeitig das Theater verließ. Infolgedessen
1868 2954 3086 3004 erscholl der anfangs lediglich den Darstellern gespendete Beifall
1880 2984 3084 3043 nach dem wie eine Erlösung gekommenen Schluß nur sehr
1885 3024 3088 3101 schüchtern. Schade um die Arbeit, die Direktor Erich Ziegel.
1880 3071 3085 3128 welcher gleichzeitig den Oberst geradezu ideal verkörperte, als
1871 3105 3084 3169 feinsinniger und sorgfältiger Spielleiter auf die Aufführung ver¬
1875 3156 3085 3209 wendet hatte, in deren Rahmen namentlich noch Mirjam Hor¬
1874 3199 3092 3241 witz (Mariel, Karl Keßler (Eduard Rainer), Dr. Ludwig Lands¬
1866 3237 3086 3281 bera (Doktor Schindler) und Anka Rakaricz (Katharina) be¬
1868 3278 3089 3338 sonders vorteilhaft hervortraten. Einen harmonischen Eindruck
1874 3320 3084 3373 dagegen hinterließ des Dänen Sophus Michaelis auch von seiner¬
1871 3352 3092 3421 Berliner Aufführung her allenthalben bekannte Drama aus den
1874 3406 3142 3466 Schreckenstagen der französischen Revolution, welches trotz
1886 3445 3087 3503 seiner theatralischen Aeußerlichkeit. ohne jealiche psychologische
1881 3488 3091 3544 Vertiefung unstreitig einen großen Eindruck ausübte. Dieser
1874 3530 3092 3581 kann schlechterdinas nicht ausbleiben, selbst wenn die einzelnen
1876 3570 3075 3616 Rollen weniger aut. als bei der hiesigen von Dr. Ludwia Lands¬
1879 3611 3076 3667 bera im Zeitmaß verariffenen Aufführung besetzt sind, deren
1869 3645 3088 3709 Höhevunkte die rastlos=geniale Verkörperung des Marc=Arron¬
1869 3693 3080 3755 und der Marauise durch Direktor Erich Ziegel und seine Gattin
1873 3732 3087 3799 Mirjam Horwitz bildete, denen namentlich Erich Kober und
1868 3779 2748 3852 Siegmund Neuenberg erfolgreich nacheiferten.
2725 3792 3123 3894 O. Roszväry,
2942 3871 3062 3957 S
