3484 4352
1532 207 2092 317 box 24/74
300 212 1494 329 19. Der Ruf des Lebens
215 1386 1760 1465 von 19111. die Hopfenernte: st. Setoftmord. Am Speiche! eines Daufes un
193 1426 3252 1521 ahr), die Qualität war mit straße erhängte sich am Sonntag früh wegen Arbeitslosigkeit der Jahren. Seber, der alsbald verhaftet wurde, war von der Wir¬
217 1482 3243 1611 se sie sich selbst begeben: daßverlangender Mädchen in den choses d’amour Hier, wo wir uns lebt. Ueber ihrem heroischen Entschluß, nämlich: in dem ausge¬
206 1539 3246 1653 en und zu erfassen, eine Toch= im Jahre 1848 befinden, ist es Marie Moser, Tochter des quieszier= brochenen Krieg Krankenpflegerin zu werden, fällt der Vorhang.
1990 1579 3256 1642 Schnitzler entläßt uns indessen trotzdem unbefriedigt. Es ge¬
784 1592 2009 1671 ten Dragoner=Rittmeisters Moser, eines bösen, alten, totkranken
1991 1607 3240 1691 schah so viel und doch nichts Befreiendes. Nie atmet man auf.
207 1619 790 1694 Estinkten, den Weg des füßen
221 1629 2008 1728 k. der sie nur nahm, müßte sie Mannes, die enttäuscht werden muß, als sie dem Ruf des Lebens
2005 1645 3254 1727 Immer ist die Anekdote da, nie die Dichtung. Oft das Hirn, sel
220 1671 2002 1778 ihn, den sie liebte. Ich sehe in folgen zu sollen glaubt. Ihr Geliebter, Leutnant des nämlichen
2005 1694 3252 1761 ten das Herz, stets die Hand. Der Dichter des „Anatol“ ist mir
201 1721 2003 1808 Liebe, als die Tragödie einer Regiments, dem einst ihr Vater angehörte, ist ein Totgeweihter.
2003 1723 3247 1802 lieber. Und auch wieder der Dichter des „Weiten Lands“. Daß
787 1758 2003 1823 Denn er ist ein blauer Dragoner. Und die blauen Dragoner
2005 1771 3249 1843 das Stück also, trotz äußeren Beifalls kein innerer Erfolg werden
205 1783 785 1845 läßt mich das Stück trotz eines
787 1796 2010 1866 haben sich zugeschworen, daß aus dem Krieg ihrer keiner lebend
208 1824 786 1884 nd wie vor eineinhalb Jahr¬
785 1798 3254 1920 zurückkehren werde. Sie haben nämlich eine Schande in der Ge= konnte, war nicht Schuld der Darstellung. Die war, von Ziegel
196 1871 797 1918 este des Dramas im Milieu:
779 1886 3253 1958 schichte ihres Regiments auszuwischen. Und sie wollen dies mit energisch geführt, gut, telweise sogar vorzüglich. Die Hor¬
2009 1881 3259 1967 witz als Marie hatte unvergleichliche Momente, um die sie eine
199 1898 793 1967 Fleichtfinnige, verliebte und sen¬
794 1917 2018 1982 ihrem Herzblut tun. Sie weihen sich also dem Tod. Sie schwören
2006 1914 3260 2001 ganz große Tragödin beneiden konnte. Wie sie den sterbenden
204 1942 798 2009 on doppelt mißtönend und die
789 1945 2024 2017 sich's zu. Marie aber erfährt von dem Schwur. Und das Selt¬
218 1972 793 2035 wienerisch sind. Frl. Rosar
787 1962 3249 2060 same reißt sie hin. Sie kennt keine Hemmung mehr. Sie folgt- Vater voll Haß und Genugtuung ansah! Wie sie dem Toten den
194 2024 791 2080 erische Christine von einpräg¬
787 2053 3261 2099 dem Ruf des Lebens. Ueber die Leiche des Vaters weg eilt sie Schlüssel entwand! Wie sie wie eine Katze zur Tür sprang! Die
2010 2040 3256 2117 unnachahmliche Geste, mit der sie in der Offiziersstube den Vor¬
215 2052 797 2118 : den Höhepunkt ihrer Inter¬
785 2065 2023 2145 zu dem geliebten Mann. dem sie sich bis zur Stunde versagt hatte.
2006 2079 3253 2152 hang zurückschob und über die Leiche der Frau Irene hinweg in
218 2092 804 2160 lauten Wehschrei des dritten
779 2106 2011 2188 Sie weiß: es ist ein Glück von Minuten. Aber eben darum tut
2010 2129 3257 2198 die Wol schwebte! Ihr Partner, Herr Oswald, war ganz
204 2138 802 2204 en Angst des Mittelaktes, wo
789 2138 2024 2217 sie es. Denn alle Lust und allen Schmerz sieht sie so in einen
202 2173 799 2238 er Ausdeutung der Rolle lag.
786 2135 3244 2254 Augenblick zusammengepreßt. (Was freilich eigentlich sein=fein, aber er bewies nicht so viel Individualität wie sie Jie¬
2005 2199 3242 2273 igels Oberst bestach durch den überlegenen, kühlen Ton. Wahks
197 2203 809 2277 en das leichtsinnige Gegenstück
1059 2217 2030 2284 ist, als man so einem Rittmeisterstöchterlein,
791 2245 1083 2302 schmeckerischer
2017 2253 3256 2314 Albrecht war eine brillante Charge. Die Herren Manning, Marx
201 2252 802 2322 n. Die Herren von Duniecki
790 2260 2014 2342 das jahraus, jahrein die lebensferne Krankenwacht halten muß, zu¬
2019 2285 3251 2352 Stahl=Nachbaur. König und die Damen Prasch=Grevenberg,
195 2293 799 2360 Fgehörigen Männlichkeiten, die
1078 2302 2018 2362 Gleichviel: der Augenblick kommt und findet
790 2320 1100 2379 trauen kann.)
2022 2330 3227 2405 Spielmann, Unda folgten den Genannten in einigem Abstand.
207 2329 793 2406 ssen und Weydner und bei
790 2330 2030 2412 Marie bereit. Aber der Augenblick ist bunter komplizierter,
2778 2357 3233 2433 Georg Jacob Wokf.
198 2377 369 2437 oben.
782 2376 2029 2450 schauerlicher und erschütternder, als Marie ahnen kann. Denn im
197 2392 806 2473 it dem die Kammerspiele
794 2416 2026 2496 Leben ihres Geliebten ist sie nicht die einzige Frau: Ueber eine
2108 2434 3254 2498 * Kgl. Residenztheater. An Stelle von Frau von Hagen. die
203 2448 815 2511 neue Saison begannen, begeg¬
789 2457 2029 2532 zweite Leiche hinweg muß sie schreiten, ehe sie in des geliebten.
2009 2476 3255 2553 beurlaubt ist, wird in den nächsten Vorstellungen von Tolstois
200 2495 798 2557 re nach der „Liebelei“ entstand,
787 2500 2023 2576 Leutnants Arme schlüpfen kann. Der Schluß sodann ist voll
2026 2505 3261 2580 Drama „Der lebende Leichnam“ Fräulein Dawdber die Roll¬
199 2512 808 2595 fragt man sich denn unwillkür¬
794 2529 2030 2613 vita contemplativa-Stimmung. Stille, Stille. Rosen und Gärtlein
2026 2536 2647 2644 der Anna Dimitrijewna spielen.
212 2563 801 2627 feinsiunig pariierten „Rezept“.
213 2578 2026 2665 etwas Obtrektierliches innewoh= und gute Reden und ein Menschenherz, das nach Frieden ver¬
2130 2585 3256 2660 Vom Augsburger Stadttheater. Am Somntag den 21
197 2618 2036 2711 stieren. Schnitzler hat indessen langt. Eine andere junge Frau aber, die Gegenspielerin der
2018 2640 3257 2697 cr. beginnt die diesjährige Spielzeit; als Eröffnungsvorstel¬
198 2653 2026 2745 schrift“ wie man bei der Ana= Marie, bricht ihr Leben, schrill lachend, ab: wir buchen die dritte
2021 2665 3257 2736 lung ist Richard Wagners romantische Oper „Lohengrin“ in
192 2693 2031 2791 und zu diesem Stil gehören ein= Leiche in jedem Akt eine: mehr als die Galerie verlangen kann;
2015 2726 2420 2788 Aussicht genommen.
207 2731 2039 2832 fund die Enttäuschungen junger, denn der Kino selbst vermag nicht mehr zu tun ... Marie aber
2114 2915 2412 3000 Wreereerant
1709 2927 1855 3007 TENTT
1033 2945 1238 3025 Giseru
1825 2937 2992 3052 Illlie I HIumumuT
603 2974 1752 3056 Ss SAmmmennne
208 2996 580 3084 Der erste Blick
