3436 4384
303 234 1470 367 19. Der Ruf des Lebens
1515 245 2076 362 box 24/2
287 1714 460 1803 24
444 1662 1106 1816 Kunst und Wissenschaft.
332 1808 1000 1869 29 [Ein neues Drama von
1187 1799 1298 1869 Aus
280 1828 1308 1901 Gerlin 24. Februar, wird Angschtieden: Ar¬
281 1886 1305 1940 thur Schnitzlers neues dreiaktiges Schauspiel
287 1927 1311 1980 „Der Ruf des Lebens“ ging am Samstag Abend
276 1952 1297 2016 im Lessing=Theater mit ziemlich stark bestrittenem Er¬
275 1998 1310 2064 folge zum ersten Mal in Szene. Was wohl die meisten
277 2040 1297 2104 Besucher verwunderte und irre machte, waren die
276 2073 1289 2129 grellen und fast theatralisch vorbereiteten Hand¬
281 2099 1298 2182 lungsmomente, die man an Schnitzler, dem feinen
282 2158 1306 2212 Psychologen seelischer Stimmungen und stiller Kon¬
287 2195 1315 2247 flikte, nicht gewohnt war. Unser Publikum ist durch
288 2239 1312 2306 das naturalistische Milieudrama sehr skeptisch gegen
323 2296 3327 2381 Morde und überraschungen geworden, besonders wenn Leidenschaft, und als sie hört, daß das Regiment in Treichigkeiten des Obersten, in dem großen Gegensatze,
322 2344 1345 2415 sie sich nicht in dem idealen Gewnd des Mythos und
1325 2360 3339 2433 aller Morgenfrühe des nächsten Tages ins Feld rückt, der sich zwischen Marie und ihrer schwindsüchtigen, das
330 2378 1339 2442 der Historie verstecken. Aber bei Schnitzler an Suder¬
1329 2409 3325 2463 gibt sie dem Vater, um sich von ihm zu ##freien, einen Leben in gierigen Zügen austrinkenden Cousine Katha¬
321 2422 1352 2474 mannsche Effelte denken zu wollen, heißt das wahrhaft
1328 2443 2338 2501 schweren Schlaftrunk, an dem er stirbt; sie selbst stürzt
2316 2445 3325 2505 rina auftut. in unendlich vielen andern Einzelheiten.
317 2452 1341 2526 Dichterische und Echte gegenüber der bloßen Mache arg
1334 2479 3333 2549 davon, um dem Geliebten ein einziges Mal anzuge= Die Darstellung war vortrefflich, und so wur dem,
323 2494 1347 2581 verkennen. Auch die Menschen dieses Dramas entladen
1335 2505 2325 2572 hören. Leutnant Max hat ein Verhältnis mit der
2315 2527 3331 2583 der an Außerlichkeiten vorbei in die innere Schönheit
321 2531 1331 2602 sich in plötzlichen Ausbrüchen einer wilden Leiden¬
1323 2556 2325 2609 schönen Frau seines Obersten, die ihn in der Kaserne
2325 2557 3327 2640 des Wertes blickte, ein großer und reicher Eindruck
321 2570 1349 2645 schaft, aber es ist kein Theaterdonner, der hier rollt,
1326 2590 2328 2661 aufsucht, um ihn zur nächtlichen Flucht vom Tode ins
2318 2588 2560 2645 übermittelt
319 2602 1336 2678 sondern die Notwendigkeit ihres Tuns enthüllt sich
1327 2630 2325 2687 Leben zu überreden. Der Oberst, eine seltsam zwie¬
320 2644 1333 2718 rein aus den Charakteren. Es ist ein Beweis für die
1326 2665 2332 2739 spältig charakterisierte Figur, tritt dazwischen und
318 2688 1339 2761 Verzärtelung und Blutlosigkeit unseres dramatischen
1323 2719 2336 2771 streckt seine Frau mit einem Pistolenschuß nieder.
321 2731 2338 2800 Empfindens, wenn man jetzt bei jeder tragischen, dra= Max wird sich selbst richten, aber vorher genießt er
320 2776 1337 2847 matisch zugespitzten Handlung Zeter schreit. In die
1327 2783 2339 2845 noch eine letzte Seligkeit mit Marie zusammen bevor
316 2802 1336 2878 Mitte des Jahrhunderts werden wir versetzt, nach
1327 2825 2343 2881 er sich den Tod gibt. Maris taucht aus diesem nächtigen
299 2839 1331 2915 Österreich. Ein Krieg ist ausgebrochen und die Reai¬
1330 2867 2335 2920 Traum von Mord und Verbrechen wieder ins Leben
319 2888 1328 2948 menter ziehen in eintönigem Gerassel durch die
1329 2911 2327 2967 empor. In der friedehollen Resignation einer spät¬
313 2916 2328 3008 Straßen. Eines von ihnen, die blauen Kürassiere, sommerlichen Stille erwacht sie von neuem zum Leben,
314 2979 2329 3044 zieht in den Tod; vor 30 Jahren hat es durch seine das sich nicht nur in der Tragik großer Leidenschaften,
308 3012 1335 3061 plötzliche Flucht eine Niederlage verschuldet, und nun
1314 3024 2338 3084 sondern auch in den Wundern der Natur und in der
308 3044 1336 3107 denen, die damals feige die Flucht ergriffen, lebt nur
1317 3063 2326 3126 bescheidenen Enge des Alltags darbietet. Dieser Inhalt,
304 3082 1328 3144 alte Schuld durch ihr Leben sühnen zu dürfen. Von
1316 3090 2325 3161 der freilich des Bizarren und überraschenden genug
313 3123 1322 3183 denen die damals feige die Flucht ergriffen, lebt nur
1327 3142 2322 3206 bietet, ist von Schnitzler mit einem reichen künstle¬
311 3153 1331 3229 noch einer, der alte Rittmeister Moser, der in seiner
1322 3181 2323 3231 rischen Leben erfüllt worden, in dem sich eine feine
306 3186 2324 3272 schweren Krankheit von seiner Tochter Maric gepflegtKraft des Charakterisierens“ mit einer abgeklärten
311 3231 1335 3307 wird und mit seinem Mißtrauen und seiner Selbst¬
1313 3249 2322 3303 Reife der Weltweisheit verbindet. Wundervolle Fein¬
317 3287 2324 3361 sucht die Arme quält. Marie liebt einen jungen Offi= heiten offenbaren sich in den Dialogen der dem Tode
309 3313 2345 3387 zier von den blauen Husren, Max, mit glühender' vermählten Offiziere, in den düster spöttischen Geist¬
