<?xml version="1.0" encoding="UTF-8" standalone="yes"?>
<PcGts xmlns="http://schema.primaresearch.org/PAGE/gts/pagecontent/2013-07-15" xmlns:xsi="http://www.w3.org/2001/XMLSchema-instance" xsi:schemaLocation="http://schema.primaresearch.org/PAGE/gts/pagecontent/2013-07-15 http://schema.primaresearch.org/PAGE/gts/pagecontent/2013-07-15/pagecontent.xsd">
    <Metadata>
        <Creator>prov=University of Rostock/Institute of Mathematics/CITlab/Gundram Leifert/gundram.leifert@uni-rostock.de:name=ONB_Newseye_GT_M1+(htr_id=10810)::::v=2.4.2
prov=University of Rostock/Institute of Mathematics/CITlab/Tobias Gruening/tobias.gruening@uni-rostock.de:name=de.uros.citlab.module.baseline2polygon.B2PSeamMultiOriented:v=2.4.2
prov=University of Rostock/Institute of Mathematics/CITlab/Tobias Gruening/tobias.gruening@uni-rostock.de:name=/mnt/transkribus/LA/DEA/URO/LA_news_onb_att.pb:de.uros.citlab.segmentation.CITlab_LA_ML:v=2.4.2
Transkribus</Creator>
        <Created>2019-10-07T11:21:30.528+02:00</Created>
        <LastChange>2019-10-08T10:43:23.717+02:00</LastChange>
        <TranskribusMetadata docId="223969" pageId="9498511" pageNr="466" tsid="16526561" status="IN_PROGRESS" userId="40391" imgUrl="https://files.transkribus.eu/Get?id=MHTDLAMLXBAEZPVAWVFPOIFP&amp;fileType=view" xmlUrl="https://files.transkribus.eu/Get?id=FJBRXTNFCWLGLEUFOMVVFUHV" imageId="6188733"/>
    </Metadata>
    <Page imageFilename="223969_0466.jpeg" imageWidth="3436" imageHeight="4352">
        <ReadingOrder>
            <OrderedGroup id="ro_1711451500628" caption="Regions reading order">
                <RegionRefIndexed index="0" regionRef="r1"/>
            </OrderedGroup>
        </ReadingOrder>
        <TextRegion orientation="0.0" id="r1" custom="readingOrder {index:0;}">
            <Coords points="274,237 274,4090 3278,4090 3278,237"/>
            <TextLine id="r1l1" custom="readingOrder {index:0;}">
                <Coords points="1566,273 1720,284 1812,258 1831,275 1875,268 1899,281 1956,255 2026,265 2026,204 1930,213 1842,200 1787,242 1751,219 1565,210"/>
                <Baseline points="1573,268 1599,266 1625,265 1651,264 1677,264 1703,264 1729,264 1755,265 1781,265 1808,266 1834,266 1860,266 1886,266 1912,265 1938,264 1964,263 1990,261 2017,257"/>
                <TextEquiv>
                    <Unicode>box 24/4</Unicode>
                </TextEquiv>
            </TextLine>
            <TextLine id="r1l2" custom="readingOrder {index:1;}">
                <Coords points="265,273 528,312 1393,304 1432,299 1433,228 724,207 441,250 371,205 265,244"/>
                <Baseline points="274,265 331,270 389,275 446,278 504,280 561,282 619,284 676,285 734,285 791,285 849,285 906,285 964,284 1021,284 1079,283 1136,282 1194,282 1251,281 1309,281 1366,281 1424,282"/>
                <TextEquiv>
                    <Unicode>19. Der Ruf des Lebens</Unicode>
                </TextEquiv>
            </TextLine>
            <TextLine id="r1l3" custom="readingOrder {index:2;}">
                <Coords points="466,578 1458,605 1457,518 1134,546 991,507 468,517"/>
                <Baseline points="474,564 522,564 571,565 620,565 669,565 717,565 766,566 815,566 864,567 912,567 961,568 1010,569 1059,571 1107,572 1156,574 1205,577 1254,580 1302,583 1351,587 1400,592 1449,596"/>
                <TextEquiv>
                    <Unicode>Ausschnitt ausheater-Courier, Berlim</Unicode>
                </TextEquiv>
            </TextLine>
            <TextLine id="r1l4" custom="readingOrder {index:3;}">
                <Coords points="490,672 517,677 533,672 537,678 559,674 604,678 610,673 633,678 635,643 621,639 605,645 554,615 530,632 509,616 493,615"/>
                <Baseline points="498,665 523,666 548,667 574,668 599,670 625,672"/>
                <TextEquiv>
                    <Unicode>vom:</Unicode>
                </TextEquiv>
            </TextLine>
            <TextLine id="r1l5" custom="readingOrder {index:4;}">
                <Coords points="719,727 1032,738 1122,707 1208,729 1286,716 1286,658 1195,631 846,630 812,655 789,640 721,654"/>
                <Baseline points="727,706 754,705 782,705 809,705 837,705 864,705 892,706 919,707 947,707 974,708 1002,708 1030,710 1057,711 1085,712 1112,713 1140,714 1167,715 1195,716 1222,717 1250,718 1278,718"/>
                <TextEquiv>
                    <Unicode>B</Unicode>
                </TextEquiv>
            </TextLine>
            <TextLine id="r1l6" custom="readingOrder {index:5;}">
                <Coords points="474,883 526,891 552,880 568,890 589,866 613,873 626,862 658,873 728,849 726,823 713,818 685,827 630,803 544,834 501,833 495,840 471,831"/>
                <Baseline points="482,870 508,868 534,866 561,865 587,863 614,862 640,861 667,859 693,857 720,854"/>
                <TextEquiv>
                    <Unicode>(Mpustache).</Unicode>
                </TextEquiv>
            </TextLine>
            <TextLine id="r1l7" custom="readingOrder {index:6;}">
                <Coords points="582,907 1670,887 1684,831 581,866"/>
                <Baseline points="590,903 644,901 698,898 752,896 807,894 861,892 915,890 970,888 1024,887 1078,885 1133,884 1187,883 1241,881 1295,880 1350,879 1404,879 1458,878 1513,878 1567,877 1621,877 1676,877"/>
                <TextEquiv>
                    <Unicode>spj. München. Kammerlpiele. „Der Ruf des Lebens“</Unicode>
                </TextEquiv>
            </TextLine>
            <TextLine id="r1l8" custom="readingOrder {index:7;}">
                <Coords points="493,953 1693,916 1659,877 606,914 554,878 492,921"/>
                <Baseline points="501,941 560,940 619,938 678,937 737,936 796,935 855,933 915,932 974,931 1033,929 1092,928 1151,927 1210,925 1269,924 1329,922 1388,921 1447,919 1506,918 1565,916 1624,915 1684,913"/>
                <TextEquiv>
                    <Unicode>Schauspiel in 3 Akten von Arthur Schnitzler. Erstaufführung. Mi</Unicode>
                </TextEquiv>
            </TextLine>
            <TextLine id="r1l9" custom="readingOrder {index:8;}">
                <Coords points="497,984 1701,958 1700,924 1589,913 496,946"/>
                <Baseline points="506,982 565,980 624,978 683,976 743,974 802,972 861,970 921,968 980,966 1039,964 1099,963 1158,961 1217,960 1276,959 1336,957 1395,957 1454,956 1514,956 1573,955 1632,956 1692,956"/>
                <TextEquiv>
                    <Unicode>dem tiefernste Probleme behandelnden## des österreichische</Unicode>
                </TextEquiv>
            </TextLine>
            <TextLine id="r1l10" custom="readingOrder {index:9;}">
                <Coords points="493,1023 1700,1003 1699,963 1646,956 492,982"/>
                <Baseline points="501,1018 560,1017 620,1016 679,1014 739,1013 798,1011 858,1010 917,1008 977,1006 1036,1004 1096,1003 1155,1002 1215,1000 1274,999 1334,998 1393,997 1453,996 1512,995 1572,995 1631,995 1691,995"/>
                <TextEquiv>
                    <Unicode>Dramatikers wurde die neue Spielzeit durch die Direktion — Eric</Unicode>
                </TextEquiv>
            </TextLine>
            <TextLine id="r1l11" custom="readingOrder {index:10;}">
                <Coords points="495,1068 1412,1033 1688,1059 1687,1014 1584,991 494,1030"/>
                <Baseline points="503,1058 561,1057 620,1055 679,1053 738,1052 797,1050 855,1048 914,1046 973,1045 1032,1043 1091,1042 1149,1040 1208,1039 1267,1038 1326,1037 1385,1036 1443,1036 1502,1035 1561,1035 1620,1035 1679,1035"/>
                <TextEquiv>
                    <Unicode>Ziegel= Benno Bing — verheißungsvoll eingeleitet. Das Publikun</Unicode>
                </TextEquiv>
            </TextLine>
            <TextLine id="r1l12" custom="readingOrder {index:11;}">
                <Coords points="1957,1077 2114,1066 2141,1077 2160,1060 2198,1057 2282,1078 2336,1048 2377,1047 2376,1026 2343,1010 2300,1018 2266,999 2177,1003 2135,987 2076,1014 2015,1002 1955,1019"/>
                <Baseline points="1964,1060 1989,1057 2014,1055 2039,1054 2065,1052 2090,1052 2115,1051 2140,1051 2166,1051 2191,1050 2216,1050 2241,1050 2267,1049 2292,1049 2317,1048 2342,1046 2368,1044"/>
                <TextEquiv>
                    <Unicode>Ausschnitt aus:</Unicode>
                </TextEquiv>
            </TextLine>
            <TextLine id="r1l13" custom="readingOrder {index:12;}">
                <Coords points="2349,1084 2481,1110 2586,1074 3089,1050 3133,1023 3131,992 3004,978 2918,1012 2857,991 2767,1027 2347,1054"/>
                <Baseline points="2358,1082 2396,1083 2434,1082 2473,1081 2511,1079 2550,1077 2588,1074 2626,1072 2665,1069 2703,1065 2742,1061 2780,1057 2818,1054 2857,1050 2895,1047 2934,1043 2972,1040 3010,1038 3049,1036 3087,1034 3126,1032"/>
                <TextEquiv>
                    <Unicode>euchligemeine Rundschau, Müne</Unicode>
                </TextEquiv>
            </TextLine>
            <TextLine id="r1l14" custom="readingOrder {index:13;}">
                <Coords points="492,1105 1698,1073 1627,1036 491,1064"/>
                <Baseline points="501,1100 560,1098 619,1096 679,1093 738,1091 798,1088 857,1086 916,1085 976,1083 1035,1081 1095,1080 1154,1078 1213,1077 1273,1076 1332,1075 1392,1074 1451,1074 1510,1074 1570,1074 1629,1074 1689,1075"/>
                <TextEquiv>
                    <Unicode>folgte mit starkem Interesse der aus ebenso stimmungsvoll wirkenden</Unicode>
                </TextEquiv>
            </TextLine>
            <TextLine id="r1l15" custom="readingOrder {index:14;}">
                <Coords points="2186,1091 2201,1091 2234,1116 2276,1104 2306,1115 2331,1108 2389,1133 2422,1115 2446,1125 2448,1097 2412,1084 2382,1092 2349,1068 2338,1074 2304,1065 2280,1077 2233,1058 2187,1076"/>
                <Baseline points="2194,1092 2221,1093 2248,1095 2275,1096 2302,1098 2330,1101 2357,1103 2384,1105 2411,1107 2439,1108"/>
                <TextEquiv>
                    <Unicode>Jet Lui</Unicode>
                </TextEquiv>
            </TextLine>
            <TextLine id="r1l16" custom="readingOrder {index:15;}">
                <Coords points="493,1151 1701,1106 1672,1072 492,1107"/>
                <Baseline points="501,1139 560,1137 620,1134 679,1132 739,1130 798,1127 858,1125 917,1123 977,1122 1036,1120 1096,1118 1156,1117 1215,1116 1275,1115 1334,1114 1394,1113 1453,1112 1513,1112 1572,1112 1632,1112 1692,1112"/>
                <TextEquiv>
                    <Unicode>wie theatralisch anmutenden Szenen zusammengesetzten Handlung uni</Unicode>
                </TextEquiv>
            </TextLine>
            <TextLine id="r1l17" custom="readingOrder {index:16;}">
                <Coords points="499,1184 1630,1165 1686,1149 1685,1109 498,1149"/>
                <Baseline points="507,1181 565,1178 624,1176 682,1172 741,1169 799,1167 858,1164 916,1162 975,1160 1033,1158 1092,1157 1151,1155 1209,1154 1268,1153 1326,1152 1385,1152 1443,1152 1502,1152 1560,1153 1619,1153 1678,1154"/>
                <TextEquiv>
                    <Unicode>spendete starken Applaus. Aus der unter der Regie Erich Ziegel¬</Unicode>
                </TextEquiv>
            </TextLine>
            <TextLine id="r1l18" custom="readingOrder {index:17;}">
                <Coords points="1948,1157 1973,1155 1998,1167 2013,1164 2021,1169 2089,1167 2124,1159 2124,1135 2106,1137 2089,1128 2086,1132 2069,1120 2043,1125 2028,1111 2010,1124 1995,1117 1970,1134 1948,1132"/>
                <Baseline points="1956,1163 1982,1160 2009,1160 2035,1160 2062,1160 2088,1162 2115,1164"/>
                <TextEquiv>
                    <Unicode>vom:</Unicode>
                </TextEquiv>
            </TextLine>
            <TextLine id="r1l19" custom="readingOrder {index:18;}">
                <Coords points="497,1227 1697,1184 1679,1149 1333,1149 496,1188"/>
                <Baseline points="505,1217 564,1215 623,1213 682,1211 741,1209 800,1207 859,1205 919,1202 978,1200 1037,1198 1096,1196 1155,1195 1214,1193 1273,1192 1333,1191 1392,1190 1451,1190 1510,1190 1569,1191 1628,1192 1688,1193"/>
                <TextEquiv>
                    <Unicode>stehenden Wiedergabe sind die Leistungen von Frl. Horwitz uni</Unicode>
                </TextEquiv>
            </TextLine>
            <TextLine id="r1l20" custom="readingOrder {index:19;}">
                <Coords points="2555,1213 2706,1204 2789,1221 2872,1207 2910,1224 2925,1210 3001,1209 3001,1173 2986,1166 2927,1179 2846,1142 2771,1188 2663,1164 2625,1187 2556,1177"/>
                <Baseline points="2564,1206 2589,1205 2614,1205 2639,1205 2664,1205 2689,1205 2715,1206 2740,1206 2765,1206 2790,1207 2815,1207 2840,1208 2866,1208 2891,1208 2916,1207 2941,1207 2966,1206 2992,1205"/>
                <TextEquiv>
                    <Unicode>1  jan.</Unicode>
                </TextEquiv>
            </TextLine>
            <TextLine id="r1l21" custom="readingOrder {index:20;}">
                <Coords points="500,1258 1031,1234 1645,1267 1691,1255 1690,1198 499,1225"/>
                <Baseline points="508,1256 566,1254 625,1251 684,1249 742,1246 801,1245 860,1242 918,1240 977,1238 1036,1237 1095,1235 1153,1234 1212,1233 1271,1232 1329,1232 1388,1232 1447,1232 1505,1233 1564,1235 1623,1236 1682,1238"/>
                <TextEquiv>
                    <Unicode>Dr. Manning hervorzuheben. Der anwesende Dichter konnte an</Unicode>
                </TextEquiv>
            </TextLine>
            <TextLine id="r1l22" custom="readingOrder {index:21;}">
                <Coords points="2001,1238 3177,1252 3177,1194 2001,1211"/>
                <Baseline points="2009,1238 2070,1239 2131,1240 2192,1241 2253,1241 2314,1242 2375,1242 2436,1243 2497,1243 2558,1244 2619,1244 2680,1245 2741,1245 2802,1246 2863,1246 2924,1247 2985,1248 3046,1249 3107,1249 3168,1250"/>
                <TextEquiv>
                    <Unicode>Kammerspiele. In Anwesenheit des Dichters wurde Schnitzlers</Unicode>
                </TextEquiv>
            </TextLine>
            <TextLine id="r1l23" custom="readingOrder {index:22;}">
                <Coords points="1878,1268 2809,1292 2800,1244 1879,1246"/>
                <Baseline points="1886,1270 1931,1273 1977,1276 2023,1277 2068,1279 2114,1280 2160,1281 2205,1281 2251,1282 2297,1282 2343,1282 2388,1282 2434,1282 2480,1282 2525,1282 2571,1283 2617,1283 2662,1284 2708,1284 2754,1286 2800,1287"/>
                <TextEquiv>
                    <Unicode>Schauspiel: „Der Ruf des Lebens“ das beren</Unicode>
                </TextEquiv>
            </TextLine>
            <TextLine id="r1l24" custom="readingOrder {index:23;}">
                <Coords points="488,1297 1078,1270 1256,1286 1268,1250 1062,1236 487,1274"/>
                <Baseline points="495,1293 533,1293 571,1293 609,1292 648,1291 686,1290 724,1288 763,1287 801,1285 839,1284 878,1283 916,1281 954,1279 992,1277 1031,1276 1069,1275 1107,1273 1146,1273 1184,1272 1222,1271 1261,1270"/>
                <TextEquiv>
                    <Unicode>Schluß mehrmals an der Rampe erscheinen.</Unicode>
                </TextEquiv>
            </TextLine>
            <TextLine id="r1l25" custom="readingOrder {index:24;}">
                <Coords points="2886,1298 2953,1288 2977,1300 3005,1285 3016,1296 3061,1299 3114,1288 3162,1309 3202,1307 3202,1249 2885,1249"/>
                <Baseline points="2893,1283 2918,1284 2943,1285 2968,1286 2993,1286 3018,1288 3043,1288 3068,1288 3093,1288 3118,1287 3143,1285 3168,1282 3193,1279"/>
                <TextEquiv>
                    <Unicode>chenhrgren</Unicode>
                </TextEquiv>
            </TextLine>
            <TextLine id="r1l26" custom="readingOrder {index:25;}">
                <Coords points="692,1319 709,1314 720,1321 723,1319 727,1321 734,1315 740,1318 746,1312 756,1312 754,1289 742,1288 737,1292 724,1289 716,1297 706,1289 699,1292 689,1292"/>
                <Baseline points="699,1311 747,1307"/>
                <TextEquiv>
                    <Unicode>1</Unicode>
                </TextEquiv>
            </TextLine>
            <TextLine id="r1l27" custom="readingOrder {index:26;}">
                <Coords points="1882,1329 3093,1337 3159,1332 3160,1289 1883,1297"/>
                <Baseline points="1890,1316 1953,1317 2016,1318 2079,1319 2142,1319 2205,1320 2268,1321 2331,1322 2394,1322 2457,1323 2520,1323 2583,1324 2646,1324 2709,1325 2772,1325 2835,1325 2898,1326 2961,1326 3024,1326 3087,1326 3151,1326"/>
                <TextEquiv>
                    <Unicode>geschrieben, für München jedoch noch Novität war, erstmalig gegeben. Der</Unicode>
                </TextEquiv>
            </TextLine>
            <TextLine id="r1l28" custom="readingOrder {index:27;}">
                <Coords points="1878,1359 3162,1376 3136,1328 1878,1327"/>
                <Baseline points="1886,1354 1949,1355 2012,1356 2076,1357 2139,1358 2203,1359 2266,1360 2329,1360 2393,1361 2456,1362 2520,1362 2583,1363 2646,1364 2710,1364 2773,1365 2837,1365 2900,1366 2963,1366 3027,1366 3090,1366 3154,1366"/>
                <TextEquiv>
                    <Unicode>Autor konnte erscheinen, da der Beifall einen nicht erheblichen Widerspruch</Unicode>
                </TextEquiv>
            </TextLine>
            <TextLine id="r1l29" custom="readingOrder {index:28;}">
                <Coords points="1876,1403 3164,1413 3121,1366 1876,1378"/>
                <Baseline points="1884,1393 1947,1394 2011,1394 2074,1395 2138,1396 2202,1396 2265,1398 2329,1399 2392,1400 2456,1401 2520,1401 2583,1402 2647,1403 2710,1403 2774,1403 2838,1404 2901,1403 2965,1403 3028,1402 3092,1401 3156,1399"/>
                <TextEquiv>
                    <Unicode>verstummen machte. Schnitzler hat seine Konflikte gehäuft, der Handlungs¬</Unicode>
                </TextEquiv>
            </TextLine>
            <TextLine id="r1l30" custom="readingOrder {index:29;}">
                <Coords points="1884,1434 3158,1449 3145,1404 1884,1409"/>
                <Baseline points="1892,1433 1954,1433 2017,1433 2080,1433 2143,1433 2206,1434 2269,1435 2331,1436 2394,1437 2457,1438 2520,1439 2583,1440 2646,1441 2709,1442 2771,1443 2834,1443 2897,1444 2960,1444 3023,1443 3086,1443 3149,1442"/>
                <TextEquiv>
                    <Unicode>verlauf verlor dadurch an Uebersichtlichkeit, er greift Geschehnisse aus dem</Unicode>
                </TextEquiv>
            </TextLine>
            <TextLine id="r1l31" custom="readingOrder {index:30;}">
                <Coords points="1881,1488 3155,1489 3131,1444 1882,1440"/>
                <Baseline points="1890,1473 1952,1473 2015,1473 2078,1474 2141,1474 2204,1475 2267,1476 2329,1476 2392,1477 2455,1478 2518,1479 2581,1479 2644,1480 2707,1481 2769,1481 2832,1482 2895,1482 2958,1482 3021,1482 3084,1482 3147,1482"/>
                <TextEquiv>
                    <Unicode>Leben auf, spinnt die Fäden ein wenig weiter und läßt sie wieder</Unicode>
                </TextEquiv>
            </TextLine>
            <TextLine id="r1l32" custom="readingOrder {index:31;}">
                <Coords points="698,1488 746,1505 794,1486 1149,1494 1173,1485 1172,1431 1143,1438 1112,1417 1080,1441 938,1457 819,1423 767,1444 697,1440"/>
                <Baseline points="707,1490 732,1490 757,1488 783,1488 808,1487 834,1486 859,1486 885,1485 910,1485 936,1485 961,1485 986,1484 1012,1484 1037,1483 1063,1483 1088,1482 1114,1481 1139,1480 1165,1479"/>
                <TextEquiv>
                    <Unicode>Wachchungase oiine Gewanf.</Unicode>
                </TextEquiv>
            </TextLine>
            <TextLine id="r1l33" custom="readingOrder {index:32;}">
                <Coords points="1881,1514 3118,1534 3167,1490 1881,1488"/>
                <Baseline points="1889,1514 1952,1514 2015,1513 2079,1514 2142,1514 2206,1514 2269,1515 2333,1516 2396,1517 2460,1517 2523,1518 2586,1519 2650,1520 2713,1520 2777,1521 2840,1521 2904,1522 2967,1522 3031,1521 3094,1521 3158,1520"/>
                <TextEquiv>
                    <Unicode>rätselvoll in das Leben verlaufen. Die Lebensanschauung, die der Arzt</Unicode>
                </TextEquiv>
            </TextLine>
            <TextLine id="r1l34" custom="readingOrder {index:33;}">
                <Coords points="739,1544 1459,1574 1491,1554 1492,1490 740,1498"/>
                <Baseline points="748,1535 784,1538 821,1541 858,1542 894,1544 931,1546 968,1547 1004,1548 1041,1549 1078,1549 1115,1550 1151,1550 1188,1550 1225,1551 1261,1551 1298,1551 1335,1550 1371,1550 1408,1550 1445,1550 1482,1549"/>
                <TextEquiv>
                    <Unicode>Neue Züricher Zeitung</Unicode>
                </TextEquiv>
            </TextLine>
            <TextLine id="r1l35" custom="readingOrder {index:34;}">
                <Coords points="1883,1545 3143,1574 3159,1528 1883,1518"/>
                <Baseline points="1892,1549 1954,1550 2017,1551 2080,1552 2143,1553 2206,1554 2269,1554 2332,1555 2395,1556 2458,1557 2521,1557 2583,1558 2646,1559 2709,1559 2772,1559 2835,1560 2898,1560 2961,1560 3024,1559 3087,1559 3150,1559"/>
                <TextEquiv>
                    <Unicode>des Stückes verkündet, läßt sich mit den Worten des Grillparzerschen</Unicode>
                </TextEquiv>
            </TextLine>
            <TextLine id="r1l36" custom="readingOrder {index:35;}">
                <Coords points="394,1601 472,1586 618,1606 663,1588 750,1622 825,1597 929,1602 956,1593 957,1558 642,1532 586,1550 439,1541 395,1560"/>
                <Baseline points="403,1585 430,1583 457,1581 484,1580 512,1579 539,1579 566,1579 593,1579 621,1579 648,1580 675,1581 702,1581 730,1582 757,1584 784,1585 811,1586 839,1587 866,1589 893,1590 920,1590 948,1591"/>
                <TextEquiv>
                    <Unicode>Ausschnitt ausep 1910</Unicode>
                </TextEquiv>
            </TextLine>
            <TextLine id="r1l37" custom="readingOrder {index:36;}">
                <Coords points="1868,1587 3163,1618 3129,1563 1869,1563"/>
                <Baseline points="1877,1594 1940,1594 2004,1593 2068,1593 2132,1593 2196,1593 2260,1594 2324,1594 2388,1595 2452,1596 2516,1597 2579,1597 2643,1598 2707,1599 2771,1599 2835,1599 2899,1600 2963,1599 3027,1599 3091,1599 3155,1597"/>
                <TextEquiv>
                    <Unicode>Jaromir umschreiben: „Unsere Taten sind nur Würfe in des Zufalls</Unicode>
                </TextEquiv>
            </TextLine>
            <TextLine id="r1l38" custom="readingOrder {index:37;}">
                <Coords points="1871,1620 3171,1655 3156,1604 1871,1604"/>
                <Baseline points="1880,1631 1944,1632 2008,1632 2072,1632 2136,1633 2200,1633 2264,1634 2329,1635 2393,1635 2457,1636 2521,1636 2585,1637 2649,1637 2713,1637 2778,1638 2842,1638 2906,1638 2970,1638 3034,1637 3098,1637 3163,1636"/>
                <TextEquiv>
                    <Unicode>blinder Nacht — dunkle Nacht, du kannst es wagen, rufst mir: Vater¬</Unicode>
                </TextEquiv>
            </TextLine>
            <TextLine id="r1l39" custom="readingOrder {index:38;}">
                <Coords points="1869,1671 3079,1697 3161,1645 1869,1636"/>
                <Baseline points="1877,1668 1940,1668 2004,1669 2068,1670 2132,1671 2195,1671 2259,1672 2323,1673 2387,1673 2450,1674 2514,1674 2578,1675 2642,1675 2705,1676 2769,1676 2833,1676 2897,1676 2960,1676 3024,1676 3088,1676 3152,1675"/>
                <TextEquiv>
                    <Unicode>mörder! zu. Ich schlug den, der mich geschlagen, meinen Vater schlugest</Unicode>
                </TextEquiv>
            </TextLine>
            <TextLine id="r1l40" custom="readingOrder {index:39;}">
                <Coords points="399,1689 416,1686 429,1696 451,1691 469,1695 476,1690 560,1694 561,1656 539,1663 511,1649 496,1657 481,1650 455,1656 435,1645 426,1649 400,1642"/>
                <Baseline points="407,1685 435,1683 464,1684 493,1684 522,1686 551,1685"/>
                <TextEquiv>
                    <Unicode>vom:</Unicode>
                </TextEquiv>
            </TextLine>
            <TextLine id="r1l41" custom="readingOrder {index:40;}">
                <Coords points="1877,1706 3167,1739 3112,1681 1877,1676"/>
                <Baseline points="1884,1705 1947,1707 2011,1708 2075,1709 2139,1710 2202,1711 2266,1712 2330,1712 2394,1713 2457,1713 2521,1714 2585,1714 2649,1714 2712,1715 2776,1715 2840,1715 2904,1716 2967,1716 3031,1716 3095,1716 3159,1717"/>
                <TextEquiv>
                    <Unicode>du“, wobei denn der Dichter noch einen Schritt weiter geht und alle</Unicode>
                </TextEquiv>
            </TextLine>
            <TextLine id="r1l42" custom="readingOrder {index:41;}">
                <Coords points="1874,1749 3163,1763 3146,1722 1874,1717"/>
                <Baseline points="1882,1745 1945,1746 2009,1748 2072,1749 2136,1750 2200,1751 2263,1752 2327,1752 2390,1753 2454,1753 2518,1753 2581,1753 2645,1753 2708,1754 2772,1754 2836,1754 2899,1754 2963,1754 3026,1754 3090,1754 3154,1755"/>
                <TextEquiv>
                    <Unicode>Sünden für Worte erklärt, die im weitereilenden Leben verklingen.</Unicode>
                </TextEquiv>
            </TextLine>
            <TextLine id="r1l43" custom="readingOrder {index:42;}">
                <Coords points="461,1756 1410,1775 1425,1711 1307,1739 462,1727"/>
                <Baseline points="470,1751 517,1752 564,1753 611,1754 659,1754 706,1755 753,1756 800,1756 848,1757 895,1758 942,1759 989,1760 1037,1761 1084,1761 1131,1762 1178,1763 1226,1764 1273,1765 1320,1766 1367,1767 1415,1768"/>
                <TextEquiv>
                    <Unicode>Die Kammerspiele und das Schauspiel¬</Unicode>
                </TextEquiv>
            </TextLine>
            <TextLine id="r1l44" custom="readingOrder {index:43;}">
                <Coords points="1873,1793 3155,1810 3132,1761 1874,1750"/>
                <Baseline points="1881,1787 1944,1787 2007,1788 2070,1788 2134,1789 2197,1790 2260,1790 2324,1791 2387,1792 2450,1792 2514,1793 2577,1794 2640,1794 2703,1794 2767,1795 2830,1795 2893,1795 2957,1795 3020,1795 3083,1795 3147,1795"/>
                <TextEquiv>
                    <Unicode>Man darf in diesen Anschauungen, die freilich nicht so konsequent</Unicode>
                </TextEquiv>
            </TextLine>
            <TextLine id="r1l45" custom="readingOrder {index:44;}">
                <Coords points="428,1799 1412,1818 1412,1774 1334,1764 428,1761"/>
                <Baseline points="437,1796 485,1797 533,1798 582,1800 630,1801 678,1802 727,1803 775,1804 823,1804 872,1805 920,1805 968,1806 1017,1807 1065,1807 1113,1807 1162,1807 1210,1808 1258,1808 1307,1808 1355,1809 1404,1809"/>
                <TextEquiv>
                    <Unicode>haus eröffneten die Saison mit Arthur</Unicode>
                </TextEquiv>
            </TextLine>
            <TextLine id="r1l46" custom="readingOrder {index:45;}">
                <Coords points="1882,1838 3096,1850 3163,1801 1882,1799"/>
                <Baseline points="1890,1825 1953,1826 2016,1826 2079,1827 2142,1827 2206,1828 2269,1829 2332,1829 2395,1830 2458,1831 2522,1831 2585,1832 2648,1832 2711,1833 2774,1833 2838,1833 2901,1833 2964,1833 3027,1833 3090,1833 3154,1833"/>
                <TextEquiv>
                    <Unicode>formuliert werden, das destruktive nicht übersehen. Marie welkt an</Unicode>
                </TextEquiv>
            </TextLine>
            <TextLine id="r1l47" custom="readingOrder {index:46;}">
                <Coords points="425,1851 847,1873 1423,1848 1193,1806 425,1805"/>
                <Baseline points="433,1844 482,1846 531,1849 580,1851 629,1852 678,1852 727,1852 776,1852 825,1852 874,1851 924,1850 973,1849 1022,1849 1071,1849 1120,1849 1169,1849 1218,1849 1267,1850 1316,1852 1365,1855 1415,1858"/>
                <TextEquiv>
                    <Unicode>Schnißler=AbendenWährend sich aber das</Unicode>
                </TextEquiv>
            </TextLine>
            <TextLine id="r1l48" custom="readingOrder {index:47;}">
                <Coords points="1880,1864 3163,1876 2850,1832 1880,1847"/>
                <Baseline points="1888,1863 1951,1864 2014,1865 2078,1867 2141,1867 2204,1868 2268,1869 2331,1870 2394,1870 2458,1871 2521,1871 2584,1872 2648,1872 2711,1872 2774,1873 2838,1873 2901,1873 2964,1873 3028,1874 3091,1874 3155,1874"/>
                <TextEquiv>
                    <Unicode>der Seite eines alten, kranken Vaters, der sie aus Egoismus von dem</Unicode>
                </TextEquiv>
            </TextLine>
            <TextLine id="r1l49" custom="readingOrder {index:48;}">
                <Coords points="437,1887 1413,1901 1404,1846 438,1847"/>
                <Baseline points="445,1884 495,1885 545,1886 596,1888 646,1888 697,1889 747,1890 798,1890 848,1890 899,1890 949,1891 1000,1891 1050,1891 1101,1891 1151,1892 1202,1893 1252,1894 1303,1895 1353,1897 1404,1899"/>
                <TextEquiv>
                    <Unicode>Schauspielhaus mit einer Neueinstudierung der</Unicode>
                </TextEquiv>
            </TextLine>
            <TextLine id="r1l50" custom="readingOrder {index:49;}">
                <Coords points="1883,1905 3160,1918 3144,1873 1883,1877"/>
                <Baseline points="1891,1906 1954,1906 2017,1906 2080,1906 2143,1906 2206,1906 2269,1907 2332,1907 2395,1908 2458,1909 2521,1909 2584,1910 2647,1911 2710,1911 2773,1912 2836,1912 2899,1913 2962,1913 3025,1914 3088,1914 3151,1914"/>
                <TextEquiv>
                    <Unicode>Manne ihrer Liebe fernhält. Mittlerweile ist jedoch ihr Gefühl verblaßt</Unicode>
                </TextEquiv>
            </TextLine>
            <TextLine id="r1l51" custom="readingOrder {index:50;}">
                <Coords points="425,1936 1315,1954 1414,1937 1415,1901 426,1893"/>
                <Baseline points="434,1930 482,1930 531,1929 579,1930 628,1930 677,1930 725,1931 774,1932 822,1933 871,1934 920,1935 968,1936 1017,1936 1065,1937 1114,1938 1163,1938 1211,1938 1260,1938 1308,1938 1357,1937 1406,1937"/>
                <TextEquiv>
                    <Unicode>„Liebelei" begnügte, versuchten es die Kammerspiele</Unicode>
                </TextEquiv>
            </TextLine>
            <TextLine id="r1l52" custom="readingOrder {index:51;}">
                <Coords points="1876,1950 3161,1967 3155,1917 1876,1905"/>
                <Baseline points="1884,1947 1947,1946 2010,1945 2074,1945 2137,1945 2201,1945 2264,1945 2328,1946 2391,1947 2455,1947 2518,1948 2581,1949 2645,1950 2708,1950 2772,1951 2835,1952 2899,1952 2962,1952 3026,1952 3089,1952 3153,1952"/>
                <TextEquiv>
                    <Unicode>für den ersten, nachdem sie auf einem Balle einen Leutnant kennen gelernt</Unicode>
                </TextEquiv>
            </TextLine>
            <TextLine id="r1l53" custom="readingOrder {index:52;}">
                <Coords points="436,1980 1409,1993 1409,1938 437,1938"/>
                <Baseline points="444,1973 491,1973 539,1973 587,1973 635,1974 683,1974 730,1975 778,1976 826,1976 874,1977 922,1978 969,1979 1017,1979 1065,1980 1113,1981 1161,1981 1208,1982 1256,1982 1304,1982 1352,1982 1400,1982"/>
                <TextEquiv>
                    <Unicode>mit einem der neueren Schauspiele Schnitzlers, dem</Unicode>
                </TextEquiv>
            </TextLine>
            <TextLine id="r1l54" custom="readingOrder {index:53;}">
                <Coords points="1871,1989 3142,2006 3165,1958 1871,1971"/>
                <Baseline points="1879,1986 1942,1985 2006,1985 2070,1985 2134,1985 2198,1985 2262,1986 2325,1986 2389,1987 2453,1987 2517,1988 2581,1989 2645,1989 2709,1990 2772,1990 2836,1991 2900,1991 2964,1991 3028,1991 3092,1990 3156,1990"/>
                <TextEquiv>
                    <Unicode>hatte. Nun muß dieser in den Krieg ziehen, das ganze Regiment hat</Unicode>
                </TextEquiv>
            </TextLine>
            <TextLine id="r1l55" custom="readingOrder {index:54;}">
                <Coords points="428,2022 1337,2046 1406,2035 1407,1997 428,1992"/>
                <Baseline points="436,2018 484,2018 532,2017 580,2017 628,2018 676,2018 724,2019 772,2020 820,2021 868,2022 917,2023 965,2024 1013,2025 1061,2026 1109,2027 1157,2028 1205,2028 1253,2028 1301,2027 1349,2027 1398,2025"/>
                <TextEquiv>
                    <Unicode>„Ruf des Lebens“. Leider steht auch in diesem</Unicode>
                </TextEquiv>
            </TextLine>
            <TextLine id="r1l56" custom="readingOrder {index:55;}">
                <Coords points="1867,2042 3111,2046 3155,2009 1868,1992"/>
                <Baseline points="1875,2029 1938,2027 2002,2026 2065,2025 2129,2025 2192,2025 2256,2025 2319,2026 2383,2026 2446,2027 2510,2028 2574,2029 2637,2030 2701,2031 2764,2032 2828,2033 2891,2033 2955,2033 3018,2032 3082,2032 3146,2030"/>
                <TextEquiv>
                    <Unicode>geschworen, zu sterben, denn vor dreißig Jahren ist es geflohen und will nun</Unicode>
                </TextEquiv>
            </TextLine>
            <TextLine id="r1l57" custom="readingOrder {index:56;}">
                <Coords points="433,2055 1416,2066 1416,2016 1232,2043 434,2026"/>
                <Baseline points="442,2066 490,2064 538,2063 586,2063 635,2062 683,2062 731,2063 780,2063 828,2064 876,2065 925,2065 973,2066 1021,2067 1069,2068 1118,2068 1166,2069 1214,2069 1263,2069 1311,2068 1359,2068 1408,2067"/>
                <TextEquiv>
                    <Unicode>Stück wie in anderen, neueren des Wiener Dichters</Unicode>
                </TextEquiv>
            </TextLine>
            <TextLine id="r1l58" custom="readingOrder {index:57;}">
                <Coords points="1867,2058 3161,2075 3161,2032 1868,2032"/>
                <Baseline points="1876,2065 1939,2064 2003,2063 2067,2063 2131,2063 2195,2063 2258,2063 2322,2064 2386,2065 2450,2065 2514,2066 2577,2067 2641,2068 2705,2069 2769,2070 2833,2070 2896,2071 2960,2071 3024,2071 3088,2070 3152,2069"/>
                <TextEquiv>
                    <Unicode>die Schmach abwaschen. Wir erfahren, daß Mariens Vater es gewesen, der</Unicode>
                </TextEquiv>
            </TextLine>
            <TextLine id="r1l59" custom="readingOrder {index:58;}">
                <Coords points="1870,2102 3141,2122 3152,2073 1870,2066"/>
                <Baseline points="1877,2102 1940,2102 2003,2103 2066,2103 2130,2103 2193,2104 2256,2104 2320,2105 2383,2105 2446,2105 2510,2106 2573,2106 2636,2107 2699,2107 2763,2107 2826,2108 2889,2108 2953,2109 3016,2109 3079,2110 3143,2110"/>
                <TextEquiv>
                    <Unicode>damals jene feige Tat verschuldet. Alles drängt in Marie, den Geliebten</Unicode>
                </TextEquiv>
            </TextLine>
            <TextLine id="r1l60" custom="readingOrder {index:59;}">
                <Coords points="433,2117 1313,2132 1409,2121 1410,2061 1313,2087 434,2076"/>
                <Baseline points="442,2106 492,2107 542,2107 593,2107 643,2108 694,2108 744,2108 795,2109 845,2109 896,2109 946,2110 997,2110 1047,2111 1098,2111 1148,2112 1199,2112 1249,2113 1300,2114 1350,2114 1401,2116"/>
                <TextEquiv>
                    <Unicode>die Redseligkeit, mit der alles und jedes entzwei disk</Unicode>
                </TextEquiv>
            </TextLine>
            <TextLine id="r1l61" custom="readingOrder {index:60;}">
                <Coords points="1879,2138 3146,2157 3125,2115 2976,2109 1879,2123"/>
                <Baseline points="1887,2141 1949,2142 2012,2142 2074,2143 2137,2143 2199,2144 2262,2144 2324,2145 2387,2145 2449,2145 2512,2145 2574,2146 2637,2146 2699,2146 2762,2147 2824,2147 2887,2147 2949,2148 3012,2148 3074,2149 3137,2149"/>
                <TextEquiv>
                    <Unicode>nochmals zu sehen, und sie mischt dem Vater den todbringenden Schlaf¬</Unicode>
                </TextEquiv>
            </TextLine>
            <TextLine id="r1l62" custom="readingOrder {index:61;}">
                <Coords points="424,2157 1395,2173 1379,2112 1335,2136 425,2109"/>
                <Baseline points="432,2149 479,2150 527,2151 575,2152 622,2152 670,2153 718,2153 765,2153 813,2153 861,2153 909,2153 956,2153 1004,2153 1052,2153 1099,2154 1147,2154 1195,2155 1242,2156 1290,2158 1338,2160 1386,2162"/>
                <TextEquiv>
                    <Unicode>putiert wird, in keinem rechten Verhältnis mehr zu</Unicode>
                </TextEquiv>
            </TextLine>
            <TextLine id="r1l63" custom="readingOrder {index:62;}">
                <Coords points="1865,2179 3146,2198 3083,2152 1865,2161"/>
                <Baseline points="1874,2179 1937,2181 2000,2182 2063,2183 2126,2183 2189,2184 2252,2184 2316,2185 2379,2185 2442,2185 2505,2185 2568,2185 2631,2185 2694,2185 2758,2185 2821,2186 2884,2186 2947,2187 3010,2187 3073,2188 3137,2190"/>
                <TextEquiv>
                    <Unicode>trunk, auf den der Arzt in verbrecherischer Zweideutigkeit hingewiesen.</Unicode>
                </TextEquiv>
            </TextLine>
            <TextLine id="r1l64" custom="readingOrder {index:63;}">
                <Coords points="419,2184 750,2221 846,2197 1383,2211 1383,2161 419,2153"/>
                <Baseline points="428,2193 475,2193 522,2194 569,2194 617,2194 664,2194 711,2195 759,2195 806,2195 853,2196 901,2197 948,2197 995,2197 1042,2198 1090,2199 1137,2199 1184,2200 1232,2201 1279,2202 1326,2202 1374,2203"/>
                <TextEquiv>
                    <Unicode>dem konkreten Inhalt der Akte. Und begegnete un</Unicode>
                </TextEquiv>
            </TextLine>
            <TextLine id="r1l65" custom="readingOrder {index:64;}">
                <Coords points="1876,2230 3153,2234 3153,2193 1876,2179"/>
                <Baseline points="1884,2221 1947,2221 2010,2222 2073,2223 2136,2223 2199,2224 2262,2224 2325,2225 2388,2225 2451,2225 2514,2226 2577,2226 2640,2226 2703,2226 2766,2226 2829,2226 2892,2227 2955,2227 3018,2227 3081,2227 3144,2227"/>
                <TextEquiv>
                    <Unicode>Im nächsten Akte muß Marie erkennen, daß ihre Liebe in den Augen</Unicode>
                </TextEquiv>
            </TextLine>
            <TextLine id="r1l66" custom="readingOrder {index:65;}">
                <Coords points="422,2235 1383,2257 1358,2207 423,2202"/>
                <Baseline points="431,2237 478,2237 525,2237 572,2237 619,2237 666,2238 713,2238 761,2239 808,2239 855,2240 902,2241 949,2241 996,2242 1043,2243 1091,2244 1138,2245 1185,2245 1232,2246 1279,2246 1326,2247 1374,2247"/>
                <TextEquiv>
                    <Unicode>nicht sozusagen an jeder Wegbiegung ein pracht</Unicode>
                </TextEquiv>
            </TextLine>
            <TextLine id="r1l67" custom="readingOrder {index:66;}">
                <Coords points="1876,2266 3151,2265 3111,2232 1876,2230"/>
                <Baseline points="1884,2258 1950,2259 2016,2260 2082,2261 2149,2262 2215,2263 2281,2263 2347,2264 2414,2264 2480,2264 2546,2265 2612,2265 2679,2265 2745,2265 2811,2265 2877,2265 2944,2266 3010,2266 3076,2266 3143,2266"/>
                <TextEquiv>
                    <Unicode>des Mannes nur Spiel gewesen. Der Leutnant hat ein Verhältnis</Unicode>
                </TextEquiv>
            </TextLine>
            <TextLine id="r1l68" custom="readingOrder {index:67;}">
                <Coords points="418,2285 1392,2302 1392,2254 418,2256"/>
                <Baseline points="426,2281 473,2281 521,2282 569,2282 617,2283 665,2283 713,2284 760,2285 808,2286 856,2286 904,2287 952,2288 1000,2288 1048,2289 1095,2289 1143,2289 1191,2289 1239,2289 1287,2288 1335,2288 1383,2287"/>
                <TextEquiv>
                    <Unicode>volles, dichterisches Motiv oder ein abgrundtiefer Ge</Unicode>
                </TextEquiv>
            </TextLine>
            <TextLine id="r1l69" custom="readingOrder {index:68;}">
                <Coords points="1879,2307 3155,2302 3155,2267 1880,2269"/>
                <Baseline points="1888,2299 1954,2299 2020,2300 2086,2301 2153,2302 2219,2302 2285,2302 2351,2303 2418,2303 2484,2303 2550,2304 2616,2304 2683,2304 2749,2304 2815,2305 2881,2305 2948,2305 3014,2305 3080,2306 3147,2306"/>
                <TextEquiv>
                    <Unicode>mit der Frau seines Obersten, der die patriotische Geste des Opfertodes</Unicode>
                </TextEquiv>
            </TextLine>
            <TextLine id="r1l70" custom="readingOrder {index:69;}">
                <Coords points="420,2336 1344,2352 1389,2343 1390,2301 421,2284"/>
                <Baseline points="429,2322 476,2322 524,2323 571,2323 619,2324 666,2325 714,2325 761,2326 809,2327 856,2327 904,2328 952,2329 999,2330 1047,2330 1094,2331 1142,2332 1189,2333 1237,2334 1284,2335 1332,2336 1380,2337"/>
                <TextEquiv>
                    <Unicode>danke, wir kämen wahrhaftig zuweilen in Gefahr</Unicode>
                </TextEquiv>
            </TextLine>
            <TextLine id="r1l71" custom="readingOrder {index:70;}">
                <Coords points="1871,2341 3148,2354 3148,2313 3099,2307 1871,2310"/>
                <Baseline points="1880,2339 1943,2340 2006,2340 2069,2341 2132,2341 2195,2342 2258,2342 2321,2343 2384,2343 2447,2344 2510,2344 2573,2345 2636,2345 2699,2345 2762,2346 2825,2346 2888,2346 2951,2346 3014,2346 3077,2346 3140,2346"/>
                <TextEquiv>
                    <Unicode>seines Regimentes nur ausgedacht, sich und den Schuldigen zu töten;</Unicode>
                </TextEquiv>
            </TextLine>
            <TextLine id="r1l72" custom="readingOrder {index:71;}">
                <Coords points="417,2358 435,2357 471,2387 511,2368 536,2382 639,2373 662,2384 702,2374 730,2389 755,2375 811,2384 811,2354 772,2335 644,2344 557,2324 525,2343 418,2324"/>
                <Baseline points="426,2362 451,2364 476,2365 501,2366 526,2366 551,2367 576,2367 601,2367 627,2367 652,2367 677,2367 702,2367 727,2368 752,2368 777,2370 803,2372"/>
                <TextEquiv>
                    <Unicode>uns zu langweilen.</Unicode>
                </TextEquiv>
            </TextLine>
            <TextLine id="r1l73" custom="readingOrder {index:72;}">
                <Coords points="1868,2373 3155,2402 3136,2357 3048,2348 1869,2348"/>
                <Baseline points="1876,2379 1939,2379 2003,2379 2066,2379 2130,2380 2193,2380 2257,2381 2320,2382 2384,2382 2447,2383 2511,2384 2575,2385 2638,2385 2702,2386 2765,2386 2829,2386 2892,2387 2956,2386 3019,2386 3083,2385 3147,2384"/>
                <TextEquiv>
                    <Unicode>eine psychologisch nicht gerade leicht eingängige Entschließung. Während</Unicode>
                </TextEquiv>
            </TextLine>
            <TextLine id="r1l74" custom="readingOrder {index:73;}">
                <Coords points="475,2411 547,2410 594,2428 667,2414 703,2427 738,2420 783,2429 801,2426 801,2384 757,2375 726,2387 700,2374 655,2384 617,2373 574,2383 511,2369 474,2381"/>
                <Baseline points="482,2403 507,2403 533,2403 559,2403 585,2403 611,2403 637,2403 662,2403 688,2402 714,2402 740,2401 766,2401 792,2399"/>
                <TextEquiv>
                    <Unicode>Im 1154—</Unicode>
                </TextEquiv>
            </TextLine>
            <TextLine id="r1l75" custom="readingOrder {index:74;}">
                <Coords points="1864,2415 3156,2432 3156,2387 1864,2387"/>
                <Baseline points="1873,2418 1936,2418 2000,2418 2064,2419 2127,2419 2191,2420 2255,2421 2318,2421 2382,2422 2446,2423 2510,2423 2573,2424 2637,2424 2701,2425 2764,2425 2828,2425 2892,2425 2955,2425 3019,2425 3083,2424 3147,2424"/>
                <TextEquiv>
                    <Unicode>Marie sich versteckt hat, kommt die Frau Oberst und fleht.ihren Geliebten</Unicode>
                </TextEquiv>
            </TextLine>
            <TextLine id="r1l76" custom="readingOrder {index:75;}">
                <Coords points="1874,2446 3157,2477 3147,2431 1874,2421"/>
                <Baseline points="1881,2456 1944,2456 2007,2456 2071,2457 2134,2458 2197,2458 2261,2459 2324,2460 2387,2461 2451,2462 2514,2463 2577,2463 2641,2464 2704,2465 2767,2465 2831,2465 2894,2466 2957,2465 3021,2465 3084,2464 3148,2464"/>
                <TextEquiv>
                    <Unicode>vergebens an, mit ihr zu fliehen. Der Kommandeur überrascht beide</Unicode>
                </TextEquiv>
            </TextLine>
            <TextLine id="r1l77" custom="readingOrder {index:76;}">
                <Coords points="1877,2494 3148,2507 3148,2470 3069,2466 1878,2468"/>
                <Baseline points="1885,2496 1947,2496 2010,2496 2073,2496 2136,2496 2198,2497 2261,2498 2324,2499 2387,2500 2449,2501 2512,2502 2575,2503 2638,2504 2700,2505 2763,2505 2826,2505 2889,2506 2951,2506 3014,2505 3077,2504 3140,2503"/>
                <TextEquiv>
                    <Unicode>und schießt die Frau nieder. Marie reißt den Leutnant von der Leiche.</Unicode>
                </TextEquiv>
            </TextLine>
            <TextLine id="r1l78" custom="readingOrder {index:77;}">
                <Coords points="1873,2533 3165,2544 3165,2496 1873,2503"/>
                <Baseline points="1881,2530 1944,2532 2008,2534 2072,2535 2136,2537 2200,2538 2263,2539 2327,2540 2391,2541 2455,2542 2519,2543 2582,2543 2646,2544 2710,2544 2774,2545 2838,2545 2901,2546 2965,2546 3029,2547 3093,2547 3157,2548"/>
                <TextEquiv>
                    <Unicode>Es bleibt ihnen, wie wir später erfahren, nur eine kurze Zeit, dann</Unicode>
                </TextEquiv>
            </TextLine>
            <TextLine id="r1l79" custom="readingOrder {index:78;}">
                <Coords points="1871,2568 3168,2615 3169,2542 1872,2538"/>
                <Baseline points="1879,2574 1943,2574 2007,2574 2071,2574 2135,2574 2199,2575 2263,2576 2327,2577 2391,2577 2455,2578 2519,2579 2583,2581 2647,2581 2711,2583 2775,2583 2839,2584 2903,2585 2967,2585 3031,2586 3095,2586 3160,2585"/>
                <TextEquiv>
                    <Unicode>ruft die Ehre den Leutnant zu der Leiche zurück, zu deren Füßen er</Unicode>
                </TextEquiv>
            </TextLine>
            <TextLine id="r1l80" custom="readingOrder {index:79;}">
                <Coords points="632,2593 804,2620 870,2581 1024,2600 1054,2585 1142,2592 1141,2519 956,2543 868,2515 751,2546 707,2521 631,2519"/>
                <Baseline points="640,2587 666,2586 692,2585 718,2585 744,2584 770,2583 796,2582 822,2581 848,2580 874,2579 900,2579 926,2578 952,2578 978,2578 1004,2579 1030,2579 1056,2581 1082,2583 1108,2584 1134,2587"/>
                <TextEquiv>
                    <Unicode>(Quellenangabe ohne Gewähr.)</Unicode>
                </TextEquiv>
            </TextLine>
            <TextLine id="r1l81" custom="readingOrder {index:80;}">
                <Coords points="1878,2628 3218,2644 3218,2566 2975,2598 1878,2570"/>
                <Baseline points="1886,2618 1952,2618 2018,2617 2084,2616 2150,2615 2217,2615 2283,2614 2349,2614 2415,2614 2481,2614 2548,2614 2614,2615 2680,2615 2746,2616 2812,2616 2879,2617 2945,2618 3011,2619 3077,2620 3143,2621 3210,2623"/>
                <TextEquiv>
                    <Unicode>sich tötet. Der letzte Aufa rcht s indenMauntlache-inshon ein</Unicode>
                </TextEquiv>
            </TextLine>
            <TextLine id="r1l82" custom="readingOrder {index:81;}">
                <Coords points="851,2644 949,2633 1086,2671 1171,2658 1248,2687 1424,2690 1428,2652 1365,2620 858,2583"/>
                <Baseline points="862,2623 889,2625 917,2627 945,2629 972,2632 1000,2635 1028,2638 1055,2641 1083,2643 1111,2647 1139,2651 1166,2654 1194,2658 1222,2661 1249,2664 1277,2668 1305,2671 1332,2674 1360,2676 1388,2679 1416,2682"/>
                <TextEquiv>
                    <Unicode>mnkfurter Nachrichten</Unicode>
                </TextEquiv>
            </TextLine>
            <TextLine id="r1l83" custom="readingOrder {index:82;}">
                <Coords points="1840,2731 3076,2697 3118,2691 3116,2633 1838,2675"/>
                <Baseline points="1847,2722 1910,2718 1973,2714 2036,2712 2099,2709 2162,2707 2225,2705 2288,2703 2351,2702 2414,2701 2478,2699 2541,2698 2604,2697 2667,2695 2730,2694 2793,2692 2856,2690 2919,2687 2982,2684 3045,2681 3109,2678"/>
                <TextEquiv>
                    <Unicode>gangs angedeuteten philosophischen Erörterungen. Der Mittelakt streift</Unicode>
                </TextEquiv>
            </TextLine>
            <TextLine id="r1l84" custom="readingOrder {index:83;}">
                <Coords points="366,2700 753,2679 840,2716 1361,2763 1386,2682 864,2665 697,2627 622,2650 373,2604"/>
                <Baseline points="375,2685 424,2682 474,2680 524,2678 574,2678 624,2679 674,2680 723,2682 773,2686 823,2690 873,2694 923,2698 973,2704 1023,2709 1072,2714 1122,2721 1172,2727 1222,2733 1272,2739 1322,2745 1372,2750"/>
                <TextEquiv>
                    <Unicode>usschnitt aus: und Inteligong H.4</Unicode>
                </TextEquiv>
            </TextLine>
            <TextLine id="r1l85" custom="readingOrder {index:84;}">
                <Coords points="1850,2762 3120,2729 2984,2688 1849,2729"/>
                <Baseline points="1857,2758 1919,2756 1982,2754 2045,2753 2107,2751 2170,2749 2233,2748 2295,2746 2358,2745 2421,2743 2484,2742 2546,2740 2609,2739 2672,2737 2734,2736 2797,2734 2860,2732 2922,2730 2985,2728 3048,2726 3111,2723"/>
                <TextEquiv>
                    <Unicode>fast an Kinodramatik, das ganze weiß wohl zu fesseln und zu spannen,</Unicode>
                </TextEquiv>
            </TextLine>
            <TextLine id="r1l86" custom="readingOrder {index:85;}">
                <Coords points="512,2750 692,2782 852,2763 1041,2810 1195,2797 1233,2830 1298,2828 1304,2774 1259,2759 1131,2761 936,2710 809,2727 717,2684 519,2689"/>
                <Baseline points="521,2744 559,2744 598,2744 636,2746 675,2747 713,2750 752,2753 790,2756 829,2760 867,2764 906,2769 945,2773 983,2779 1022,2783 1060,2788 1099,2793 1137,2798 1176,2804 1214,2808 1253,2813 1292,2817"/>
                <TextEquiv>
                    <Unicode>AötMls Prunkturt a. u.</Unicode>
                </TextEquiv>
            </TextLine>
            <TextLine id="r1l87" custom="readingOrder {index:86;}">
                <Coords points="1854,2806 3130,2751 1853,2765"/>
                <Baseline points="1862,2796 1928,2794 1994,2793 2060,2791 2127,2789 2193,2788 2259,2786 2325,2785 2392,2783 2458,2781 2524,2779 2590,2777 2657,2775 2723,2774 2789,2772 2855,2771 2922,2769 2988,2768 3054,2766 3121,2765"/>
                <TextEquiv>
                    <Unicode>aber es peinigt mehr, als es erschüttert. Ueber manchem läßt der</Unicode>
                </TextEquiv>
            </TextLine>
            <TextLine id="r1l88" custom="readingOrder {index:87;}">
                <Coords points="369,2786 381,2785 399,2798 457,2796 465,2791 495,2793 495,2747 457,2748 438,2739 419,2752 399,2753 384,2765 369,2765"/>
                <Baseline points="377,2789 404,2787 432,2788 459,2789 487,2789"/>
                <TextEquiv>
                    <Unicode>om:</Unicode>
                </TextEquiv>
            </TextLine>
            <TextLine id="r1l89" custom="readingOrder {index:88;}">
                <Coords points="1843,2832 3165,2797 3162,2752 1843,2804"/>
                <Baseline points="1851,2834 1916,2833 1981,2831 2046,2830 2112,2829 2177,2827 2242,2825 2308,2824 2373,2822 2438,2820 2504,2819 2569,2816 2634,2815 2699,2813 2765,2811 2830,2810 2895,2808 2961,2806 3026,2805 3091,2804 3157,2802"/>
                <TextEquiv>
                    <Unicode>Dichter mit Absicht Schleier; er läßt die eine Ansicht aussprechen.</Unicode>
                </TextEquiv>
            </TextLine>
            <TextLine id="r1l90" custom="readingOrder {index:89;}">
                <Coords points="1842,2873 3100,2855 3117,2786 1841,2858"/>
                <Baseline points="1850,2874 1916,2872 1982,2869 2048,2867 2115,2865 2181,2864 2247,2862 2313,2860 2380,2859 2446,2857 2512,2856 2578,2855 2645,2853 2711,2852 2777,2850 2843,2849 2910,2846 2976,2844 3042,2842 3109,2839"/>
                <TextEquiv>
                    <Unicode>und auch die andere und meint, vielleicht sind beide richtig oder auh</Unicode>
                </TextEquiv>
            </TextLine>
            <TextLine id="r1l91" custom="readingOrder {index:90;}">
                <Coords points="1843,2904 3115,2892 3114,2858 3011,2840 1843,2888"/>
                <Baseline points="1852,2916 1914,2912 1977,2909 2040,2907 2103,2905 2165,2903 2228,2901 2291,2899 2354,2898 2416,2896 2479,2895 2542,2894 2605,2893 2667,2891 2730,2890 2793,2888 2856,2886 2918,2885 2981,2882 3044,2879 3107,2876"/>
                <TextEquiv>
                    <Unicode>keine. Gespielt wurde das schwierige Stück in den Hauptrolley sehnffut.</Unicode>
                </TextEquiv>
            </TextLine>
            <TextLine id="r1l92" custom="readingOrder {index:91;}">
                <Coords points="3146,2927 3181,2925 3192,2930 3206,2925 3221,2926 3232,2816 3219,2811 3207,2818 3197,2815 3183,2827 3172,2819 3157,2818"/>
                <Baseline points="3156,2905 3185,2908 3214,2911"/>
                <TextEquiv>
                    <Unicode></Unicode>
                </TextEquiv>
            </TextLine>
            <TextLine id="r1l93" custom="readingOrder {index:92;}">
                <Coords points="410,2928 508,2927 523,2912 558,2912 583,2925 618,2911 673,2913 684,2908 681,2874 666,2879 651,2868 598,2878 579,2863 566,2868 545,2857 499,2888 436,2882 407,2898"/>
                <Baseline points="419,2927 444,2924 470,2920 495,2918 521,2916 547,2914 572,2911 598,2910 623,2908 649,2904 675,2900"/>
                <TextEquiv>
                    <Unicode>Fund eutn-</Unicode>
                </TextEquiv>
            </TextLine>
            <TextLine id="r1l94" custom="readingOrder {index:93;}">
                <Coords points="1936,2958 3119,2922 3118,2891 2997,2882 1936,2920"/>
                <Baseline points="1945,2942 2003,2941 2061,2940 2119,2939 2178,2938 2236,2937 2294,2936 2353,2935 2411,2935 2469,2933 2528,2932 2586,2932 2644,2930 2702,2929 2761,2928 2819,2926 2877,2925 2936,2923 2994,2921 3052,2919 3111,2916"/>
                <TextEquiv>
                    <Unicode> Urasßführung am Gärtnerplatz. Cuvillier, der Komiponist der</Unicode>
                </TextEquiv>
            </TextLine>
            <TextLine id="r1l95" custom="readingOrder {index:94;}">
                <Coords points="494,2966 585,2959 616,2978 873,2931 1006,2925 1011,2871 958,2857 890,2877 831,2865 792,2899 491,2928"/>
                <Baseline points="501,2956 526,2954 551,2953 576,2951 602,2949 627,2947 652,2945 678,2942 703,2940 728,2937 754,2935 779,2932 804,2929 829,2927 855,2924 880,2922 905,2920 931,2918 956,2917 981,2916 1007,2915"/>
                <TextEquiv>
                    <Unicode>Münchener Theater, Da¬¬</Unicode>
                </TextEquiv>
            </TextLine>
            <TextLine id="r1l96" custom="readingOrder {index:95;}">
                <Coords points="2764,2951 3114,2950 3183,2974 3286,2956 3286,2921 3019,2932 2947,2919 2764,2936"/>
                <Baseline points="2773,2957 2798,2954 2823,2952 2848,2950 2874,2948 2899,2948 2924,2948 2949,2948 2975,2950 3000,2950 3025,2952 3050,2954 3076,2955 3101,2956 3126,2957 3151,2958 3177,2958 3202,2958 3227,2957 3252,2955 3278,2953"/>
                <TextEquiv>
                    <Unicode>d t  </Unicode>
                </TextEquiv>
            </TextLine>
            <TextLine id="r1l97" custom="readingOrder {index:96;}">
                <Coords points="683,2986 1393,2972 1415,2965 1414,2909 1073,2906 682,2946"/>
                <Baseline points="691,2970 726,2970 762,2970 798,2969 834,2969 870,2969 905,2968 941,2968 977,2967 1013,2967 1049,2966 1084,2966 1120,2965 1156,2965 1192,2964 1228,2963 1263,2963 1299,2962 1335,2961 1371,2960 1407,2959"/>
                <TextEquiv>
                    <Unicode>— — Das Schauspielhaus und die</Unicode>
                </TextEquiv>
            </TextLine>
            <TextLine id="r1l98" custom="readingOrder {index:97;}">
                <Coords points="3218,2978 3236,2978 3242,2986 3251,2980 3259,2987 3269,2986 3272,2952 3260,2951 3253,2957 3250,2956 3248,2958 3243,2954 3238,2955 3235,2952 3228,2956 3220,2955"/>
                <Baseline points="3226,2977 3261,2980"/>
                <TextEquiv>
                    <Unicode></Unicode>
                </TextEquiv>
            </TextLine>
            <TextLine id="r1l99" custom="readingOrder {index:98;}">
                <Coords points="431,3017 1305,3026 1416,3010 1416,2966 718,2988 549,2960 430,2996"/>
                <Baseline points="439,3014 487,3014 535,3014 584,3014 632,3014 681,3014 729,3014 777,3013 826,3013 874,3013 923,3012 971,3012 1019,3011 1068,3011 1116,3010 1165,3009 1213,3009 1261,3008 1310,3007 1358,3007 1407,3006"/>
                <TextEquiv>
                    <Unicode>##rammerspiele gaben gestern Schitzl###ende.</Unicode>
                </TextEquiv>
            </TextLine>
            <TextLine id="r1l100" custom="readingOrder {index:99;}">
                <Coords points="3206,3013 3222,3019 3228,3026 3241,3018 3245,3021 3249,3019 3254,3022 3259,3019 3278,3024 3284,2988 3259,2986 3255,2980 3251,2978 3243,2980 3240,2976 3222,2982 3211,2981"/>
                <Baseline points="3215,3010 3243,3012 3271,3018"/>
                <TextEquiv>
                    <Unicode>020</Unicode>
                </TextEquiv>
            </TextLine>
            <TextLine id="r1l101" custom="readingOrder {index:100;}">
                <Coords points="3198,3042 3214,3049 3229,3038 3237,3048 3255,3053 3259,3059 3263,3056 3271,3058 3278,3022 3263,3019 3243,3021 3237,3014 3232,3013 3217,3012 3213,3015 3204,3013"/>
                <Baseline points="3208,3037 3236,3040 3265,3048"/>
                <TextEquiv>
                    <Unicode>K</Unicode>
                </TextEquiv>
            </TextLine>
            <TextLine id="r1l102" custom="readingOrder {index:101;}">
                <Coords points="439,3065 1293,3067 1411,3052 1410,3009 438,3032"/>
                <Baseline points="447,3060 494,3060 542,3060 590,3060 638,3059 685,3059 733,3059 781,3058 829,3058 876,3057 924,3057 972,3056 1020,3056 1067,3055 1115,3055 1163,3054 1211,3054 1258,3053 1306,3053 1354,3052 1402,3051"/>
                <TextEquiv>
                    <Unicode>Im ersteren wurde „Liebelei“ neueinstudiert, in</Unicode>
                </TextEquiv>
            </TextLine>
            <TextLine id="r1l103" custom="readingOrder {index:102;}">
                <Coords points="439,3107 1423,3093 1396,3052 844,3085 438,3064"/>
                <Baseline points="448,3107 496,3106 544,3105 592,3105 641,3104 689,3104 737,3104 786,3104 834,3104 882,3104 931,3104 979,3103 1027,3103 1075,3103 1124,3102 1172,3101 1220,3100 1269,3098 1317,3096 1365,3094 1414,3091"/>
                <TextEquiv>
                    <Unicode>der Augustenstraße erscholl „Der Ruf des</Unicode>
                </TextEquiv>
            </TextLine>
            <TextLine id="r1l104" custom="readingOrder {index:103;}">
                <Coords points="435,3154 1416,3156 1415,3103 1365,3100 435,3108"/>
                <Baseline points="443,3145 491,3146 539,3146 587,3146 636,3146 684,3147 732,3146 780,3146 829,3146 877,3146 925,3145 973,3145 1022,3144 1070,3144 1118,3143 1166,3142 1215,3141 1263,3139 1311,3138 1359,3137 1408,3136"/>
                <TextEquiv>
                    <Unicode>[Lebens“. Das 1905 erschienene Schauspiel war</Unicode>
                </TextEquiv>
            </TextLine>
            <TextLine id="r1l105" custom="readingOrder {index:104;}">
                <Coords points="432,3220 1427,3185 1426,3159 1322,3140 431,3152"/>
                <Baseline points="440,3197 488,3196 537,3195 586,3195 635,3194 684,3193 733,3193 782,3192 831,3192 880,3191 929,3191 977,3190 1026,3190 1075,3190 1124,3189 1173,3188 1222,3188 1271,3187 1320,3186 1369,3185 1418,3184"/>
                <TextEquiv>
                    <Unicode>für München Novität. Der anwesende Dichter</Unicode>
                </TextEquiv>
            </TextLine>
            <TextLine id="r1l106" custom="readingOrder {index:105;}">
                <Coords points="476,3259 793,3277 1354,3242 1429,3265 1444,3202 475,3216"/>
                <Baseline points="484,3268 531,3267 579,3266 626,3264 674,3263 722,3262 769,3261 817,3260 864,3258 912,3257 960,3256 1007,3255 1055,3253 1102,3252 1150,3251 1198,3249 1245,3248 1293,3247 1340,3245 1388,3243 1436,3242"/>
                <TextEquiv>
                    <Unicode>konnte erscheinen, dennoch war es kein voller Er¬</Unicode>
                </TextEquiv>
            </TextLine>
            <TextLine id="r1l107" custom="readingOrder {index:106;}">
                <Coords points="490,3319 1440,3288 1353,3242 1315,3265 489,3272"/>
                <Baseline points="498,3313 544,3312 591,3310 638,3309 684,3307 731,3306 778,3305 824,3304 871,3303 918,3302 965,3301 1011,3301 1058,3299 1105,3298 1151,3298 1198,3296 1245,3295 1291,3294 1338,3293 1385,3291 1432,3289"/>
                <TextEquiv>
                    <Unicode>folg. Schnitzler schlägt hier Motive an, die schon</Unicode>
                </TextEquiv>
            </TextLine>
            <TextLine id="r1l108" custom="readingOrder {index:107;}">
                <Coords points="488,3360 1313,3355 1445,3343 1444,3303 487,3331"/>
                <Baseline points="496,3355 543,3353 590,3351 637,3349 684,3348 731,3347 778,3346 825,3345 872,3345 919,3344 966,3343 1013,3343 1060,3342 1107,3342 1154,3341 1201,3340 1248,3340 1295,3338 1342,3337 1389,3335 1436,3333"/>
                <TextEquiv>
                    <Unicode>in der „Liebelei“ erklangen. Die Sehnsucht aus</Unicode>
                </TextEquiv>
            </TextLine>
            <TextLine id="r1l109" custom="readingOrder {index:108;}">
                <Coords points="481,3408 1446,3386 1445,3353 1354,3333 480,3363"/>
                <Baseline points="488,3399 535,3398 582,3396 630,3395 677,3394 725,3393 772,3392 820,3391 867,3390 915,3389 962,3388 1009,3387 1057,3386 1104,3385 1152,3384 1199,3382 1247,3381 1294,3380 1342,3379 1389,3377 1437,3375"/>
                <TextEquiv>
                    <Unicode>der Enge ins Freie, die sich mit Gewalt Buhn</Unicode>
                </TextEquiv>
            </TextLine>
            <TextLine id="r1l110" custom="readingOrder {index:109;}">
                <Coords points="476,3464 686,3436 1416,3440 1444,3434 1443,3385 475,3416"/>
                <Baseline points="484,3443 531,3442 579,3441 626,3440 674,3438 722,3437 769,3436 817,3435 864,3433 912,3432 960,3431 1007,3430 1055,3429 1102,3428 1150,3427 1198,3426 1245,3425 1293,3425 1340,3425 1388,3424 1436,3424"/>
                <TextEquiv>
                    <Unicode>bricht, die Frauenliebe, die erfahren muß, daß sie</Unicode>
                </TextEquiv>
            </TextLine>
            <TextLine id="r1l111" custom="readingOrder {index:110;}">
                <Coords points="484,3490 1438,3466 1437,3436 1361,3426 483,3452"/>
                <Baseline points="493,3487 539,3486 586,3484 633,3483 680,3482 727,3481 774,3480 820,3479 867,3478 914,3477 961,3476 1008,3475 1055,3474 1102,3473 1148,3473 1195,3472 1242,3470 1289,3469 1336,3468 1383,3467 1430,3466"/>
                <TextEquiv>
                    <Unicode>im Leben des Mannes nur Episode war und ähn¬</Unicode>
                </TextEquiv>
            </TextLine>
            <TextLine id="r1l112" custom="readingOrder {index:111;}">
                <Coords points="475,3548 1454,3524 1421,3467 474,3485"/>
                <Baseline points="483,3531 531,3530 579,3529 627,3528 675,3527 723,3526 771,3525 820,3524 868,3523 916,3521 964,3520 1012,3519 1060,3518 1108,3516 1157,3516 1205,3515 1253,3514 1301,3513 1349,3512 1397,3511 1446,3510"/>
                <TextEquiv>
                    <Unicode>liches wirken in der „Liebelei", dem Frühwerk des</Unicode>
                </TextEquiv>
            </TextLine>
            <TextLine id="r1l113" custom="readingOrder {index:112;}">
                <Coords points="483,3576 1430,3565 1447,3513 482,3544"/>
                <Baseline points="491,3573 538,3572 585,3571 633,3571 680,3570 728,3569 775,3568 823,3567 870,3566 918,3565 965,3564 1012,3563 1060,3562 1107,3561 1155,3559 1202,3558 1250,3557 1297,3555 1345,3554 1392,3552 1440,3550"/>
                <TextEquiv>
                    <Unicode>Dichters, künstlerisch bezwingender wie hier, wo die</Unicode>
                </TextEquiv>
            </TextLine>
            <TextLine id="r1l114" custom="readingOrder {index:113;}">
                <Coords points="483,3636 1139,3595 1368,3613 1462,3594 1462,3565 481,3583"/>
                <Baseline points="490,3619 538,3618 586,3617 634,3615 682,3614 731,3613 779,3612 827,3611 875,3610 923,3610 972,3608 1020,3607 1068,3606 1116,3605 1164,3604 1213,3602 1261,3600 1309,3598 1357,3596 1405,3594 1454,3591"/>
                <TextEquiv>
                    <Unicode>Häufung der Konflikte die Linien verwischt. Das</Unicode>
                </TextEquiv>
            </TextLine>
            <TextLine id="r1l115" custom="readingOrder {index:114;}">
                <Coords points="475,3671 1445,3654 1463,3592 740,3607 474,3645"/>
                <Baseline points="483,3662 531,3661 580,3660 629,3659 677,3658 726,3657 775,3656 823,3655 872,3654 921,3653 970,3652 1018,3650 1067,3648 1116,3647 1164,3645 1213,3643 1262,3641 1310,3640 1359,3637 1408,3634 1457,3632"/>
                <TextEquiv>
                    <Unicode>künstlerisch Stärkste dieser Woche bot das König¬</Unicode>
                </TextEquiv>
            </TextLine>
            <TextLine id="r1l116" custom="readingOrder {index:115;}">
                <Coords points="474,3710 1135,3708 1456,3674 1433,3645 1309,3644 1108,3674 473,3676"/>
                <Baseline points="482,3705 530,3703 578,3702 626,3701 675,3701 723,3699 771,3699 819,3698 868,3697 916,3696 964,3694 1012,3693 1061,3692 1109,3691 1157,3689 1205,3688 1254,3686 1302,3684 1350,3682 1398,3679 1447,3677"/>
                <TextEquiv>
                    <Unicode>liche Residenztheater mit Tolstois</Unicode>
                </TextEquiv>
            </TextLine>
            <TextLine id="r1l117" custom="readingOrder {index:116;}">
                <Coords points="476,3748 1362,3740 1461,3722 1460,3672 475,3726"/>
                <Baseline points="485,3750 533,3749 581,3747 630,3745 678,3744 726,3743 775,3741 823,3740 871,3739 920,3738 968,3737 1016,3736 1065,3734 1113,3733 1161,3732 1210,3731 1258,3729 1306,3727 1355,3725 1403,3723 1452,3720"/>
                <TextEquiv>
                    <Unicode>„Lebendem Leichnam“ unter Steinrücks fein¬</Unicode>
                </TextEquiv>
            </TextLine>
            <TextLine id="r1l118" custom="readingOrder {index:117;}">
                <Coords points="490,3818 1405,3779 1462,3763 1461,3722 488,3758"/>
                <Baseline points="498,3796 545,3794 593,3792 641,3790 689,3789 737,3787 785,3786 832,3785 880,3784 928,3783 976,3783 1024,3782 1072,3781 1120,3780 1167,3778 1215,3777 1263,3776 1311,3774 1359,3772 1407,3769 1455,3766"/>
                <TextEquiv>
                    <Unicode>fühliger Regie, die das spezifisch Russische, wie das</Unicode>
                </TextEquiv>
            </TextLine>
            <TextLine id="r1l119" custom="readingOrder {index:118;}">
                <Coords points="479,3851 1303,3835 1460,3818 1459,3773 477,3810"/>
                <Baseline points="486,3837 534,3836 582,3835 630,3834 679,3833 727,3833 775,3832 824,3831 872,3830 920,3829 969,3828 1017,3827 1065,3826 1113,3824 1162,3823 1210,3821 1258,3819 1307,3817 1355,3815 1403,3813 1452,3810"/>
                <TextEquiv>
                    <Unicode>allgemein Menschliche zu stärkster Wirkung brachte.</Unicode>
                </TextEquiv>
            </TextLine>
            <TextLine id="r1l120" custom="readingOrder {index:119;}">
                <Coords points="481,3895 1469,3873 1468,3821 480,3852"/>
                <Baseline points="489,3880 537,3880 586,3879 634,3879 683,3878 731,3877 780,3877 828,3876 877,3875 925,3873 974,3872 1023,3870 1071,3869 1120,3867 1168,3866 1217,3863 1265,3862 1314,3859 1362,3857 1411,3854 1460,3852"/>
                <TextEquiv>
                    <Unicode>Die Fedja gestaltete Lützenkirchen mit erschüt¬</Unicode>
                </TextEquiv>
            </TextLine>
            <TextLine id="r1l121" custom="readingOrder {index:120;}">
                <Coords points="491,3929 1460,3894 1459,3865 1308,3860 490,3889"/>
                <Baseline points="500,3924 547,3924 595,3923 642,3923 690,3922 737,3921 785,3920 832,3919 880,3918 927,3916 975,3915 1023,3913 1070,3912 1118,3910 1165,3909 1213,3907 1260,3905 1308,3903 1355,3901 1403,3898 1451,3896"/>
                <TextEquiv>
                    <Unicode>ternder Wirkung. Frau v. Hagen spielte eine</Unicode>
                </TextEquiv>
            </TextLine>
            <TextLine id="r1l122" custom="readingOrder {index:121;}">
                <Coords points="493,3968 1457,3961 1471,3912 492,3930"/>
                <Baseline points="502,3969 550,3967 598,3966 646,3965 694,3964 742,3963 790,3962 838,3961 886,3960 934,3959 983,3957 1031,3956 1079,3955 1127,3954 1175,3952 1223,3951 1271,3949 1319,3946 1367,3945 1415,3942 1464,3940"/>
                <TextEquiv>
                    <Unicode>alte Dame mit feinster Charakteristik. Es war das</Unicode>
                </TextEquiv>
            </TextLine>
            <TextLine id="r1l123" custom="readingOrder {index:122;}">
                <Coords points="491,4014 1109,3998 1148,4022 1476,3973 1198,3949 490,3990"/>
                <Baseline points="500,4013 548,4012 596,4011 645,4010 693,4009 742,4008 790,4007 838,4006 887,4005 935,4003 984,4002 1032,4001 1080,3999 1129,3997 1177,3996 1226,3994 1274,3991 1322,3989 1371,3986 1419,3983 1468,3980"/>
                <TextEquiv>
                    <Unicode>erste mal, daß die Künstlerin ihrer glänzenden Er¬</Unicode>
                </TextEquiv>
            </TextLine>
            <TextLine id="r1l124" custom="readingOrder {index:123;}">
                <Coords points="486,4088 573,4057 1371,4048 1447,4030 1446,3991 484,4027"/>
                <Baseline points="493,4059 540,4058 587,4057 634,4056 682,4055 729,4054 776,4052 823,4051 871,4049 918,4048 965,4046 1012,4044 1060,4043 1107,4041 1154,4040 1201,4038 1249,4037 1296,4036 1343,4034 1390,4033 1438,4032"/>
                <TextEquiv>
                    <Unicode>scheinung die Furchen des Alters anschminkte.“</Unicode>
                </TextEquiv>
            </TextLine>
            <TextLine id="r1l125" custom="readingOrder {index:124;}">
                <Coords points="836,4101 1160,4083 1224,4106 1513,4078 1495,4022 1364,4048 835,4062"/>
                <Baseline points="844,4080 877,4079 910,4078 943,4077 976,4077 1009,4076 1042,4076 1075,4076 1108,4076 1141,4076 1174,4076 1207,4076 1240,4075 1273,4074 1306,4073 1339,4071 1372,4069 1405,4067 1438,4063 1471,4059 1504,4054"/>
                <TextEquiv>
                    <Unicode> Sentebar Onastellung in</Unicode>
                </TextEquiv>
            </TextLine>
            <TextEquiv>
                <Unicode>box 24/4
19. Der Ruf des Lebens
Ausschnitt ausheater-Courier, Berlim
vom:
B
(Mpustache).
spj. München. Kammerlpiele. „Der Ruf des Lebens“
Schauspiel in 3 Akten von Arthur Schnitzler. Erstaufführung. Mi
dem tiefernste Probleme behandelnden## des österreichische
Dramatikers wurde die neue Spielzeit durch die Direktion — Eric
Ziegel= Benno Bing — verheißungsvoll eingeleitet. Das Publikun
Ausschnitt aus:
euchligemeine Rundschau, Müne
folgte mit starkem Interesse der aus ebenso stimmungsvoll wirkenden
Jet Lui
wie theatralisch anmutenden Szenen zusammengesetzten Handlung uni
spendete starken Applaus. Aus der unter der Regie Erich Ziegel¬
vom:
stehenden Wiedergabe sind die Leistungen von Frl. Horwitz uni
1  jan.
Dr. Manning hervorzuheben. Der anwesende Dichter konnte an
Kammerspiele. In Anwesenheit des Dichters wurde Schnitzlers
Schauspiel: „Der Ruf des Lebens“ das beren
Schluß mehrmals an der Rampe erscheinen.
chenhrgren
1
geschrieben, für München jedoch noch Novität war, erstmalig gegeben. Der
Autor konnte erscheinen, da der Beifall einen nicht erheblichen Widerspruch
verstummen machte. Schnitzler hat seine Konflikte gehäuft, der Handlungs¬
verlauf verlor dadurch an Uebersichtlichkeit, er greift Geschehnisse aus dem
Leben auf, spinnt die Fäden ein wenig weiter und läßt sie wieder
Wachchungase oiine Gewanf.
rätselvoll in das Leben verlaufen. Die Lebensanschauung, die der Arzt
Neue Züricher Zeitung
des Stückes verkündet, läßt sich mit den Worten des Grillparzerschen
Ausschnitt ausep 1910
Jaromir umschreiben: „Unsere Taten sind nur Würfe in des Zufalls
blinder Nacht — dunkle Nacht, du kannst es wagen, rufst mir: Vater¬
mörder! zu. Ich schlug den, der mich geschlagen, meinen Vater schlugest
vom:
du“, wobei denn der Dichter noch einen Schritt weiter geht und alle
Sünden für Worte erklärt, die im weitereilenden Leben verklingen.
Die Kammerspiele und das Schauspiel¬
Man darf in diesen Anschauungen, die freilich nicht so konsequent
haus eröffneten die Saison mit Arthur
formuliert werden, das destruktive nicht übersehen. Marie welkt an
Schnißler=AbendenWährend sich aber das
der Seite eines alten, kranken Vaters, der sie aus Egoismus von dem
Schauspielhaus mit einer Neueinstudierung der
Manne ihrer Liebe fernhält. Mittlerweile ist jedoch ihr Gefühl verblaßt
„Liebelei" begnügte, versuchten es die Kammerspiele
für den ersten, nachdem sie auf einem Balle einen Leutnant kennen gelernt
mit einem der neueren Schauspiele Schnitzlers, dem
hatte. Nun muß dieser in den Krieg ziehen, das ganze Regiment hat
„Ruf des Lebens“. Leider steht auch in diesem
geschworen, zu sterben, denn vor dreißig Jahren ist es geflohen und will nun
Stück wie in anderen, neueren des Wiener Dichters
die Schmach abwaschen. Wir erfahren, daß Mariens Vater es gewesen, der
damals jene feige Tat verschuldet. Alles drängt in Marie, den Geliebten
die Redseligkeit, mit der alles und jedes entzwei disk
nochmals zu sehen, und sie mischt dem Vater den todbringenden Schlaf¬
putiert wird, in keinem rechten Verhältnis mehr zu
trunk, auf den der Arzt in verbrecherischer Zweideutigkeit hingewiesen.
dem konkreten Inhalt der Akte. Und begegnete un
Im nächsten Akte muß Marie erkennen, daß ihre Liebe in den Augen
nicht sozusagen an jeder Wegbiegung ein pracht
des Mannes nur Spiel gewesen. Der Leutnant hat ein Verhältnis
volles, dichterisches Motiv oder ein abgrundtiefer Ge
mit der Frau seines Obersten, der die patriotische Geste des Opfertodes
danke, wir kämen wahrhaftig zuweilen in Gefahr
seines Regimentes nur ausgedacht, sich und den Schuldigen zu töten;
uns zu langweilen.
eine psychologisch nicht gerade leicht eingängige Entschließung. Während
Im 1154—
Marie sich versteckt hat, kommt die Frau Oberst und fleht.ihren Geliebten
vergebens an, mit ihr zu fliehen. Der Kommandeur überrascht beide
und schießt die Frau nieder. Marie reißt den Leutnant von der Leiche.
Es bleibt ihnen, wie wir später erfahren, nur eine kurze Zeit, dann
ruft die Ehre den Leutnant zu der Leiche zurück, zu deren Füßen er
(Quellenangabe ohne Gewähr.)
sich tötet. Der letzte Aufa rcht s indenMauntlache-inshon ein
mnkfurter Nachrichten
gangs angedeuteten philosophischen Erörterungen. Der Mittelakt streift
usschnitt aus: und Inteligong H.4
fast an Kinodramatik, das ganze weiß wohl zu fesseln und zu spannen,
AötMls Prunkturt a. u.
aber es peinigt mehr, als es erschüttert. Ueber manchem läßt der
om:
Dichter mit Absicht Schleier; er läßt die eine Ansicht aussprechen.
und auch die andere und meint, vielleicht sind beide richtig oder auh
keine. Gespielt wurde das schwierige Stück in den Hauptrolley sehnffut.

Fund eutn-
 Urasßführung am Gärtnerplatz. Cuvillier, der Komiponist der
Münchener Theater, Da¬¬
d t  
— — Das Schauspielhaus und die

##rammerspiele gaben gestern Schitzl###ende.
020
K
Im ersteren wurde „Liebelei“ neueinstudiert, in
der Augustenstraße erscholl „Der Ruf des
[Lebens“. Das 1905 erschienene Schauspiel war
für München Novität. Der anwesende Dichter
konnte erscheinen, dennoch war es kein voller Er¬
folg. Schnitzler schlägt hier Motive an, die schon
in der „Liebelei“ erklangen. Die Sehnsucht aus
der Enge ins Freie, die sich mit Gewalt Buhn
bricht, die Frauenliebe, die erfahren muß, daß sie
im Leben des Mannes nur Episode war und ähn¬
liches wirken in der „Liebelei", dem Frühwerk des
Dichters, künstlerisch bezwingender wie hier, wo die
Häufung der Konflikte die Linien verwischt. Das
künstlerisch Stärkste dieser Woche bot das König¬
liche Residenztheater mit Tolstois
„Lebendem Leichnam“ unter Steinrücks fein¬
fühliger Regie, die das spezifisch Russische, wie das
allgemein Menschliche zu stärkster Wirkung brachte.
Die Fedja gestaltete Lützenkirchen mit erschüt¬
ternder Wirkung. Frau v. Hagen spielte eine
alte Dame mit feinster Charakteristik. Es war das
erste mal, daß die Künstlerin ihrer glänzenden Er¬
scheinung die Furchen des Alters anschminkte.“
 Sentebar Onastellung in</Unicode>
            </TextEquiv>
        </TextRegion>
    </Page>
</PcGts>
