3484 4352
310 257 1448 348 19. DerLebens
1191 695 1558 774 Telephon 12801.
1286 783 1407 857 555
651 826 1350 909 JOBSEAVEN
478 889 1570 955 I. österr. behördl. konz. Unternehmen für Zeitungs-Ausschnitte
668 965 1410 1039 Wien, I., Concordiaplatz 4.
894 1018 1191 1081 Vertretungen
487 1051 1572 1128 in Berlin, Budapest, Chicago, Christiania, Genf, Kopenhagen,
484 1108 1597 1161 Londen, Madrid, Mailand, Minneapolis, New-York, Paris, Rom,
654 1160 1427 1207 San Franoisco, Stockholm, St. Petersburg.
842 1192 1252 1251 (Quellenangabe ohne Gewähr.)
923 1201 1542 1303 Voms geitung, Wien
495 1247 926 1330 Ausschnitt aus:
703 1319 990 1412 26. 2. 1906
497 1372 666 1424 vom:
574 1421 1523 1500 Artur Schnitzlers dreiaktiges Schällspiel
499 1475 1525 1540 „Der Rüf des L#de#s hatte bei der gestrigen
512 1533 1515 1577 Erstaufführung im Lessing=Theater einen be¬
511 1572 1503 1626 strittenen Erfolg. Die These des Stückes, daß mancher
511 1608 1502 1656 dem Ruf des Lebens zu folgen glaubte und daß dieser
505 1665 1497 1708 Ruf doch trügt, indem er ins Verderben lockt, wird in
1535 1706 1594 1731 —
513 1711 1503 1752 einer stellenweise spannenden, zumeist jedoch sich hin¬
1534 1725 1590 1760 0
511 1737 1506 1819 schleppenden Handlung durchzuführen versucht. Gespielt
1544 1759 1601 1836 3
513 1789 930 1848 wurde durchwegs gut.
835 1811 1094 1883 # EERR LE
1527 1835 1563 1885 9
1531 1878 1591 1919 6
1523 1911 1604 1968 P
1333 2445 1674 2503 Velenhon 12801.
796 2517 1488 2661 „OBSERVER
604 2632 1718 2691 I. österr. behördl. konz. Unternehmen für Zeitungs-Ausschnitte
811 2688 1543 2772 Wien, I., Concordiaplatz 4.
1031 2759 1327 2825 Vertrefungen
611 2807 1732 2865 In Berlin, Budapest, Chicago, Christiania, Gen, Kopenhagen,
618 2867 1728 2903 London, Madrid, Mailand, Minneapolis, New-York, Paris, Rom,
786 2904 1568 2952 San Francisco, Stockholm, St. Petersburg.
975 2932 1391 2995 (Quellenengabe ohne Gewähr.)
623 3014 1041 3101 Ausschnitt aus:
1044 2951 1640 3119 Jasoe Jagbiolf
632 3124 768 3178 vom:
619 3173 691 3215 4
593 3265 818 3331 VerefPre
1404 3260 1682 3333 en- Segnier.
733 3321 765 3356 1
623 3326 1668 3406 Erstaufführung von Schnitzlers „Der Ruf des Lebens“
636 3385 1716 3457 -s. Berlin, 24. Februar. (Privattelegramm.) Arthur
591 3432 1709 3471 Echnitzlers dreiaktiges Schauspiel „Der Ruf des
834 3457 1713 3522 #te bei der Aufführung im Lessingtheater nach
574 3503 1704 3550 dem ersten Akt einen starken, im Laufe des Abends sich
566 3543 1704 3592 immer mehr abschwächenden Erfolg. Dies ist weni¬
577 3581 1698 3629 ger auf die Qualitäten des Stückes als auf Rittners geradezu
573 3617 1705 3662 absichtlich schlechtes Spiel zurückzuführen. Eine wundervolle,
584 3643 1712 3714 psychologisch vollendete und eine völlig verzeichnete Frauen¬
596 3699 1711 3761 figur stehen im Mittelpunkte des literarisch durchaus inter¬
588 3728 1033 3815 essanten Stückes.
1619 244 2061 332 box 24/1
2543 1142 3065 1216 Telephon 12801
2168 1209 2854 1351 „OBSERVER
1963 1327 3077 1425 I. österr. behördl. konz. Unternehmen für Zeitunge-Ausschnitte
2158 1381 2877 1477 Wien, I., Conoordiaplatz 4.
2376 1462 2677 1518 Vertretungen
1972 1485 3073 1577 In Berlin, Budapest, Chicago, Christiania, Genf, Kopenhagen,
1958 1535 3059 1621 London, Madrid, Mailand, Minneapolis, New-York, Paris, Rom,
2122 1578 2888 1645 San Francisco, Stoakholm, St. Petersburg.
2310 1630 2718 1684 (Iusllanangabe ohne Gewühr.)
1953 1688 2368 1779 Ausschnitt aus:
2524 1706 2611 1776 26
2315 1753 3106 1836 WIENER ABENDPOST
1963 1802 2117 1853 vom:
2105 1896 3106 1959 „Der Ruf des Lebens“ Schauspiel von Arthur
2054 1940 3100 2006 Schnitzler, wurde Samstag zum ersten Male im Berliner
2276 1981 3097 2039 gespielt. Die „Post“ schreibt darüber: „Die
2059 2025 3102 2080 Ide des tiefsinnigen, aber in seiner symbolisierenden Schärfe
2049 2062 3102 2133 lebensfremden Dreiakters ist wohl, soweit dieselbe aus dem
2061 2109 3086 2165 an Gedankenstrichen reichen Dialog ohne Buch heraus¬
2063 2149 3099 2204 gedeutet werden kann, in einer Polemik gegen die ohne
2066 2183 3099 2236 innere Nötigung von außen her uns aufgezwungene starre
2061 2223 3107 2292 Pflicht zu finden, der gegenüber der Ruf des Lebens ge¬
2063 2250 3100 2346 bieterisch und aller anerzogenen Moral spottend sich geltend
2070 2286 3115 2363 macht. Der Inhalt ist nach dem Berichte dieses Blattes
2071 2340 3117 2397 etwa folgender: Ein Mädchen, das von einem kranken,
2061 2382 3107 2442 grausamen Vater um seine Jugendzeit betrogen worden, wird
2072 2410 3109 2490 dadurch zur Mörderin am eigenen Vater und — wenigstens
2536 2462 3117 2523 — zur Dirne, eine Rolle, der
2065 2474 2538 2525 nach bürgerlicher Moral
2074 2495 3129 2565 Irene Triesch durch ihre große Kunst erst die Lebensfarbe
2067 2547 3119 2612 gab. Der Offizier, den die um ihre Jugend Betrogene liebt,
2075 2582 3123 2649 ist im Begriffe, in den sicheren Tod zu gehen, nicht einem
2066 2622 3123 2679 inneren Drange folgend, sondern auf Kommando seines
2074 2660 3130 2723 Obersten, der eine frühere Fahnenflucht seines Regiments
2067 2711 3135 2761 sgutmachen will, indem er es zum Opfertode auserwählt.
2085 2745 3130 2803 Vot dem Abzug entdeckt der Oberst, daß der Leutnant ein
2075 2791 3121 2840 Verhältnis mit seiner Gattin hat, und schießt diese in der
2074 2819 3127 2879 Wohnung seines Nebenbuhlers nieder. Ein junges Mädchen,
2080 2869 3128 2937 dessen Bräutigam ihm untreu geworden, wird eine Beute
2082 2903 3133 2961 wilden Lebensrausches und stirbt im letzten Akte, während
2082 2947 3137 3006 Kinder auf einer Wiese spielen. Die Verbrecherin aus Lebens¬
2077 2981 3133 3061 hunger aber wird von ihrem Freunde, einem viel medi¬
2088 3024 3133 3104 tierenden Arzte, der irdischen Gerechtigkeit entzogen und auf
2082 3074 3128 3131 den Sinn des Lebens verwiesen, dessen Sonne über
2091 3108 3142 3172 Gute und Böse scheint. Das Drama bot der reifen
2092 3148 3150 3214 Schauspielkunst des Lessing=Theaters außergewöhnliche Auf¬
2094 3211 3142 3245 gaben. Bassermann, Marx, Reicher, Rittner und Irene
2092 3230 3140 3297 Triesch werden besonders gerühmt. Der Dichter konnte be¬
2083 3271 3142 3327 reits nach dem ersten Akte dreimal erscheinen, nach dem
2101 3317 3138 3372 zweiten und dritten setzte jedoch auch leiser Wider¬
2098 3336 3151 3422 spruch ein. Aus den Berichten anderer Berliner Blätter
2098 3389 3142 3471 geht hervor, daß sich Beifall und Ablehnung ziemlich die
2091 3441 2346 3510 Wage hielten.
2140 3486 2199 3541 G.
