3436 4352
1577 353 2052 446 box 24/5
272 361 1458 482 19. Der Ruf des Lebens
2407 594 2474 651 1
1519 652 1754 738 U
1091 783 2532 865 NEW YORK AMERICAN—A Paper for People
1120 889 2531 1092 coble'’ to Be Filmeo
1165 1094 2453 1296 TKE CIL OFUIFE  Leads New Cast
1117 1277 1840 1462 WTcohicey TiETRE
1133 1510 1826 1606 COMEDY THEATRE—The Actors“
1171 1546 1837 1623 Theatre present Arthur Schnitz¬
1184 1595 1842 1662 ler’s“ The Call of Life“ English
1178 1629 1831 1699 version by Dorothy Donnelly
1175 1680 1749 1746 directed by Dudley Digges.
1378 1727 1609 1791 THH CAST
1583 1734 1738 1807 Egon B#
1175 1773 1303 1840 Moser.
1245 1754 1827 1839 10 bis dauchter Eva un Galllenne
1168 1821 1643 1882 Edward Rainer, a forester
1452 1824 1821 1891 Douglas R. Dumbrille
1555 1856 1836 1900 Thomae Chalmere
1171 1867 1463 1915 Doctor Schindler
1175 1884 1826 1954 Mre. Toni Richter. Moser’s sister-in-law,
1624 1909 1822 1954 Allce John
1169 1930 1592 2002 Catherine, her daughter
1487 1937 1840 1999 Katherine Alexander
1170 1982 1713 2043 Max, a lieutenant of ine Blun
1491 1988 1840 2050 Derek Glruns
1252 2021 1408 2056 uirassiere
1405 2022 1836 2081 sergeant. Leete Stone
1203 2046 1368 2081 Sebastian.
1525 2050 1834 2097 Hermann Lieh
1198 2046 1406 2109 The Colonel.
1244 2070 1831 2124 ert, a lieutenant Stanléy Kälkhurst
1178 2109 1703 2175 Irene, the wife of the Colohel.
1600 2112 1837 2173 Rosalind Fuller
1318 2178 1709 2253 By ALAN DALE.
1182 2217 1850 2301 mmlib Blue Cuirasslers never
1222 2270 1847 2349 I came back. Last night’s
1197 2325 1843 2399 audience at the Comedy Thea¬
1199 2359 1844 2437 tre must surely have determined
1853 2375 2560 2456 EVA LA GALLIENNE, who ar¬
1200 2413 1844 2494 to emulate the example of the
1891 2426 2557 2507 pears in Arthur Schnitzler's
1195 2458 1861 2525 aforesaid Blue Culrassiers. They
1898 2469 2546 2535 drama, The Call of Life,
1195 2499 1862 2572 had to sit through a portentious
1898 2505 2558 2579 which opened last night at the#
1919 2559 2268 2623 Comedy Theatre.
1205 2549 1865 2627 sample of Schnitzlerism in the
1206 2592 1764 2673 shape of The Call of Life.“
1882 2621 2562 2706 spot. Marie thereupon creeps
1224 2636 1857 2712 They had to endure for one
1885 2675 2554 2746 from her hiding place, and as the
1197 2687 1870 2766 tremendous first act that lasted
1880 2715 2546 2798 curtain falls she is there with
1197 2731 1865 2800 one solid hour the symbolisms
1889 2757 2545 2828 her Blue Cuirassier and the
1211 2765 1860 2851 that are so often used in “cult“
1885 2794 2550 2861 corpse, or prostrate body, of Mrs.
1199 2814 1862 2888 plays. You know the sort I
1891 2859 2068 2905 Colonel.
1208 2841 1861 2912 mean. Nobody ever really an¬
1921 2852 2556 2941 It was all told in dark biue
1206 2886 1868 2953 swers a question. Everybody
1890 2906 2556 2984 atmosphere, with frighhteningls
1214 2922 1869 2991 seems to be playing at cross-pur¬
1888 2939 2554 3013 long pauses. The pauses were
1204 2952 1874 3039 poses, and you are obliged t0
1888 2988 2558 3049 simply unbearable. They all
1211 2988 1867 3060 wonder what it is all about.
1891 3029 2564 3113 seemed to think that time meant
1223 3038 1866 3104 Frinstance, if somebody asks:
1731 3068 1778 3103 „
1896 3059 2571 3133 nothing at all. They super¬
1224 3072 1865 3141 How do you feel today?“ the
1896 3083 2580 3189 paused, they paused, they estra¬
1215 3108 1871 3191 reply is,“ Oh, the birds are twit¬
1900 3139 2573 3216 paused, and it grew dendeningly
1218 3143 1871 3237 tering and the heavens are
1892 3181 2569 3252 tedious. It seemed an odd play
1218 3183 1872 3255 blue.“ Or to such a query as
1887 3202 2570 3291 for the Actors' Theatre to pre¬
1222 3217 1869 3284 What time is it?“ the answer
1907 3254 2568 3326 sent. The Actors’ Theatre must
1220 3261 1869 3336 would be The pink flowers blos¬
1913 3290 2567 3361 be hard up, indeed, for it takes
1224 3311 1634 3378 som in the Spring.“
1904 3326 2561 3398 more than a label to make an in¬
1264 3319 1882 3398 That is regarded as singularly
1903 3364 2573 3446 teresting play. In this case the
1222 3372 1889 3455 beautiful, and dreamy, and poetic,
1908 3406 2541 3470 !Schnitzler“ label was too thin.
1226 3424 1889 3486 and its lack of sense is forgiven.
1948 3449 2567 3516 Eva Le Gallienne played Marie
1235 3459 1886 3517 In fact, if you don't like it, it 18
1908 3484 2569 3555 mournfully ande super-sculfully,
1227 3489 1889 3557 because you have no soul. You
1911 3514 2577 3591 but Katherine VAlexander, who
1237 3518 1891 3590 are material. Nearly all the first
1911 3548 2572 3622 had a slight röle, was quite de¬
1230 3556 1896 3630 act of The Call of Life' was
1907 3596 2573 3670 IIghtful and as human as Schnitz¬
1230 3600 1782 3665 that style of entertainment.
1918 3632 2582 3708 ler would permit. Spring didn't
1277 3631 1888 3711 The lachrymose Marie and the
1927 3668 2593 3740 tease her blood as it did Marie's,
1235 3683 1899 3738 invalided Moser sit and talk. The
1922 3710 2582 3770 but she murinured Farewell,
1238 3709 1894 3774 Blue Culrassiers never came
1913 3748 2567 3814 flowers! Thei past is past!“
1232 3745 1896 3813 back. They dinned that into our
1924 3780 2590 3848 Derek Glynne was the Blue
1244 3789 1896 3854 ears. After the first intermission
1920 3817 2590 3888 Cuirasster, whom they all geemed
1239 3835 1905 3894 I longed to be a Blue Culrassier.
1929 3863 2584 3930 to dote on, and Alice John, in
1244 3869 1880 3944 Why waan't Ia blue Cuirassier?
1922 3888 2597 3965 the garbs of 1850—that was the
1278 3886 1907 3957 Marie loved a Blue Cuirassier,
1930 3928 2590 3997 vintage—was au old dame in a
1245 3943 1912 4006 and was awfully blue herself.
1929 3973 2466 4038 shawl and a poke bonnet.
1241 3971 1905 4038 Oh, how blue was Marie, and
1969 3987 2591 4069 But the Blue Gulrassiers never
1248 4010 1909 4078 how tedius! But a Green For¬
1935 4042 2595 4099 came back. I leg to announce
1246 4047 1909 4127 ester loved Marie, and begged
1937 4073 2602 4148 that as far as this play in con¬
1258 4082 1919 4150 her to go away with him. She
1946 4111 2612 4175 cerned, I fully intend to be al
1261 4116 1918 4198 had Moser to lock after. She
1938 4162 2274 4227 Blue Quirassler.
1256 4158 1919 4230 couldn't go. Ard-she löved the
2264 4188 2499 4249 LR
1257 4195 1912 4263 other. Then cht dröpped some
1253 4238 1918 4308 mereiful drops into old Moser’s
1258 4268 1934 4334 medieine (they should have been
