3436 4352
291 150 1441 278 19. Der Ruf des Lebens
1609 179 2059 268 box 24/2
1226 979 1694 1064 Der Roland von Berlin.
736 959 832 1071 316
736 1117 2190 1185 sagt und nichts, und die Erkenntnis ist von der Nutzleere, des Lebens Mannig¬
727 1163 2189 1230 faltigkeit zu deuten: des Lebens Gipfel ist der Reiz der Gegenwart ... Jene
735 1207 2186 1266 aber, die dem Ruf des Lebens lauschten in diesem Stücke, jene fühlen: des
734 1260 2190 1328 Lebens Gipfel ist die Liebe.... Und wer diese Gestalten schuf, Gestalten, deren
725 1306 2186 1376 letzte Umrißlinien im Grunde doch nie hinauswachsen über eine Eintags¬
727 1375 1910 1425 erotik, das mußte ein Wiener sein; das mußte Schnitzler sein.
803 1417 2180 1476 So birgt dieses Werk die Vorzüge und die Mängel des Dichters in gleich¬
731 1457 2189 1524 sam geläuterter Form. Die Vorzüge in dem Suchen nach des Lebens unend¬
727 1506 2190 1566 licher Melodie, in dem Aufzeigen tiefster Seelenschachte, in der lebenswahren
739 1558 2202 1628 Typisierung einer Reihe von Einzelschicksalen, in der restlosen Verschmelzung
728 1603 2200 1661 von Gestalt und Symbol. Die Mängel aber in der ewig=einseitigen Belichtung
732 1658 2186 1715 aller Lebensmöglichkeiten vom Standpunkt einer von den Jahreszeiten noch nicht
730 1708 2193 1762 völlig emanzipierter Erotik. Und der solches tun konnte, der mußte wiederum
732 1753 2201 1829 Wiener sein, der mußte Frauenkenner sein zudem: der mußte Arthur Schnitzler
741 1809 846 1871 sein.
811 1850 2195 1919 Es ließe sich vielleicht streiten, ob „Der Ruf des Lebens“ nicht größere und
731 1905 2194 1965 tiefere Töne finden möchte, als die Aufforderung zu einer Liebesnacht. Aber
733 1964 2191 2023 zuvörderst sind es Frauen, die dem Rufe Folge leisten, Kinder eines Geschlechts,
732 2013 2199 2087 deren letzte Gedankenausläufer ihre Wurzeln immer nur im Geschlechtlichen
741 2056 2197 2115 haben; Wesen, denen die Liebe das Leben bedeutet. Und die Männer, die da
732 2115 2199 2171 kommen und gehen oder sterben, das sind Männer der Resignation, ob nun
727 2159 2191 2220 still, ob lärmend, die an ihren Schwächen kraftentschlossen sterben; die um
724 2212 2184 2267 eines koketten Weibes Untreue willen in den Tod gehen und hunderte mit¬
735 2252 2193 2318 nehmen zum letzten Weg; das sind Männer, die angesichts des Todes, über
723 2305 2200 2374 die Leiche der einen Geliebten forteilen mit der anderen, um die kurze Spanne
738 2356 2188 2413 Nacht zu nutzen; das sind Männer, die vor der Nähe des Todes zittern und
735 2386 2202 2470 es doch nicht verwinden können, daß der Blick einer vor Jahren verstorbenen
730 2448 2195 2518 Frau sie nur voll Verachten streifte; Männer, die fortziehen in den Krieg,
734 2503 2192 2559 weil ein Mädchen ihre Neigung nicht erwiderte, kurz: Männer, die an Weibe
724 2552 2199 2622 leiden; wo eines Weibes Ja oder Nein, wo eines Weibes Treu oder Untreu,
724 2598 2178 2653 wo eines Weibes Wahr oder Unwahr über ein Mannesschicksal entscheidet ....
735 2653 2189 2719 Und all diese Gestalten, diese Männer, die aus Schwachheit Helden sind und
737 2710 2201 2767 aus Heldentum Schwächlinge, diese späterwachten Frauen, die an des letzten
724 2735 2191 2802 Herbsttages Abendsonne sich anklammern, nun da es zu spät ist, sie gehen
733 2798 2191 2864 nebeneinander her, und ihre Wege kreuzen sich vielleicht hier, vielleicht dort;
737 2849 2199 2912 sie reichen sich die Hände, sie nehmen Abschied oder sie sterben, Einer im Arm
740 2897 2193 2959 des ndern. Und am Ende verweben sie sich zu einer nachdenklichen melan¬
737 2951 2192 3006 cholischen Dichtung; zu einem schmalen Buche, wo jedes Wort zitternd nach¬
730 2984 2200 3061 hallt. Aber zu keinem Drama. Es mag paradox klingen, aber dennoch sage
726 3054 2192 3114 ich es: die Aufführung dieses Stückes scheitert an der Fülle aufgehäufter Ge¬
730 3100 2188 3148 schehnisse. Geschehnisse, die nur durch einen äußeren Faden, die nur durch
736 3157 2187 3214 eine Frauengestalt mühsam zu einem Zusammengehören verwebt sind; Ge¬
738 3196 2201 3272 schehnisse, die aus ganz bestimmten äußeren Voraussetzungen sich notwendig so
736 3254 2188 3313 entwickeln mußten, ohne daß just diese Voraussetzungen zu zwingender Wir¬
738 3294 2202 3361 kung kämen. Noch der erste Akt setzt an zu einem geschlossenen Drama; der
727 3353 2193 3409 zweite schon schwenkt ab und sucht seinen Inhalt bei abseits Liegendem; der
735 3397 2191 3453 dritte vollends ist nichts denn ein Epilog, ein Nachhall der früheren Geschehnisse,
738 3447 2198 3500 frei von Notwendigkeit und unfrei von Rührsamkeit. Durch das Ganze aber
734 3496 2194 3548 flackern eine Fülle von nachdentlichen Sätzen, die müde den Urgrund aller
724 3546 2223 3617 Dinge betasten, und doch nicht mehr sind als nachdenkliche Sätze. Und ehe der
3177 1005 3392 1088 Der Roland
3083 1137 3393 1214 hr eine Schwarz
3208 1191 3394 1259 chesgestorh
3294 1236 3399 1308 nte
3202 2105 3377 2181 Welchen G
3078 2152 3378 2233 hinaus. Es frag
3064 2217 3375 2284 ewesenes und hin
3047 2267 3384 2335 lein eignet. Grob
3086 2317 3240 2377 innen
3039 2360 3376 2432 affen, mit denen
3088 2410 3378 2479 d sie sind fort
2985 2469 3366 2526 aut: Neuwerte bring
2855 2513 3368 2580 nicht haben. Die Vorzüge
3046 2560 3366 2631 d hier geeint ..
2727 2557 2942 2629 einhardtbüh
3022 2611 3387 2684 Vorzug der Brahm
2769 2620 2865 2675 ranken
3031 2663 3374 2726 Ibsen, etwa für
2862 2666 2902 2721 tig
2912 2704 3373 2774 Reinhardtbühnen sind b
2794 2714 2913 2782 ige der
2735 2762 3371 2824 arbwerte, ein Tasten in Richtung
2685 2809 3372 2887 zur neuen Romantik ... Und B
2690 2859 3368 2917 Starrsinn; und als Folge (abseits
2671 2904 3379 2973 Reinhardts Schranken ist das Fehle
2675 2958 3376 3018 durch das Sich=die=Wegekreuzen der
2683 3012 3362 3073 Russen aber finden beider Vorzüge 1
2676 3056 3372 3119 das Gleichmaß aller Waffen. Wäre
2681 3110 2879 3169 Theater.
2755 3141 3366 3222 Wären sie Deutsche, am Ende
2671 3188 3371 3282 Lehrreich bleibt es zuzuschauen, wie
2677 3252 3351 3313 schafft zu künstlerischer Leuchtkraft.
2676 3306 3363 3368 aber glimmt der Funken und glüht
2671 3353 3352 3420 spieler scheinen faul . .. heimlich
2679 3404 3363 3470 loht. Sie halten ihre Arme am Leibe
2669 3457 3374 3522 lebens die Metropolitentiara, unför
2675 3500 3363 3563 Funken und glüht und loht. Kaum
2675 3546 3371 3637 Kaum daß sie sich bewegen; man m
