3484 4352
285 195 1449 311 19. Der Ruf des Lebens
1590 203 2059 315 box 24/2
1484 927 1874 986 Hermann Kienzl.
944 1041 2410 1115 er nicht in den Tod, kein neues Motiv begründet die neue mörderische Handlung.
942 1089 2398 1194 Es klirrt und es knallt eben nur, damit die Leute sich nach dem „Erlebten“
952 1149 1697 1214 strecken. Die fatalistische Idee entartet.
1038 1213 2413 1284 Während der blutigen Vorgänge war jemand hinter der Gardine des Leutnant¬
944 1249 2413 1322 zimmers versteckt. (Gewiß auch kein originelles dramaturgisches Mittel!) Das
935 1316 2407 1383 ist Marie, die Heldin des Hauptromans. Sie kommt frisch von einem — Vater¬
941 1374 2414 1445 morde. Sechsundzwanzig Jahre hat sie in der dumpfen Stube vertrauert wie
946 1431 2402 1488 in einem Kerker, an der Seite eines seltenen Eremplars von Vater. Nicht ein¬
945 1483 2414 1550 mal in die Küche ließ der Alte das Mädel, in der schuldbewußten Angst, daß
946 1530 2405 1616 sie ihm davongehen könne. Man muß gestehen, daß eine solche Haft fast körperlich
941 1584 2397 1643 unappetitlich ist .... Und wie er sie behandelte, ewig raunzte, sie piesackte! Nur
932 1652 2403 1721 einmal in einem langen Jahre hatte Marie Lebensluft geschöpft. Zu gierig!
936 1696 2403 1764 Auf dem Ballfest der Blauen Kürassiere war es. Dem Leutnant Max war sie
943 1741 2401 1814 seither mit Leib und Seele verfallen. Daß sie mit einem anderen Manne so gut
929 1802 2396 1853 wie verlobt war, galt ihr nichts mehr, die bescheidene Werbung des Hausarztes
930 1848 2404 1920 beachtete sie nicht, den Vater=Kerkermeister haßte sie. Zum Blauen Kürassier ruft
932 1909 2399 1991 sie das Leben, ruft sie, da die Kürassiere morgen in den Tod reiten, die einzige
927 1971 2385 2050 lebendige Stunde ihres Lebens. Gepreßte Luft, die sich ein Ventil aufsprengt —
930 2043 2402 2095 o ja, wir verstehen schon! Aber der physikalische Prozeß gibt uns doch eigentlich
923 2079 2392 2147 nichts. J#end etwas muß tiefer in dem Menschen sitzen, der uns fesseln soll.
923 2132 2397 2183 Nur wenn Marie uns rühren würde, hätte ihr brünstiger Röhrschrei nach dem
933 2187 2393 2243 Leben Gewalt über unsere Seele. Das Mädel mit der einzigen selbstischen Note
933 2235 2393 2314 ist so unsympathisch, daß wir gerade an diesem Beispiel dem Dichter nur zögernd
928 2295 2382 2355 folgen, der im Schlußakte die weltliche Justiz mit einer höheren geistigen ver¬
923 2345 2383 2413 tauscht. Am Ende des ersten Aktes hat Marie ihren Vater mit den praktikablen
927 2404 2383 2477 Medizintropfen vergiftet. Von seiner Leiche weg fliegt sie in die Arme des Leutnants.
1014 2462 2392 2534 Wieder lugt eine Nebenabsicht des Dichters vor. In dem pensionierten Ritt¬
924 2512 2389 2554 meister, dem abscheulichen Vater Maries, ironisiert er den banalen Lebenstrieb
930 2547 2397 2643 ohne lebendige Stunden. Dieser armselige Haufen Qual unterjocht, um die Frist
917 2603 2384 2677 seines Daseins möglichst zu verlängern, die Lebensrechte seiner ihn pflegenden
926 2660 2390 2732 Tochter. Der fast achtzigjährige Rittmeister wiegt sich auch schadenfroh in dem
917 2731 2377 2785 Gedanken, daß seine feige Selbstrettung vor dreißig Jahren es war, was die
915 2785 2374 2854 Fahne des Regiments verunehrte, und was nun den Sühnetod der jungen Soldaten
917 2840 2380 2903 zur Folge hat. Nebenbei: Diese Zusammenhänge erinnern doch einigermaßen an
916 2891 1891 2958 die krausen Phantasiegebilde sehr wohlfeiler Romane.
1006 2942 2384 3012 Ist es schon schwer zu glauben, daß ein normal erzogenes Mädchen von
905 3002 2385 3073 dem verröchelnden Vater, den sie mordete, zur Liebesorgie eilt, so erheben sich noch
917 3054 2384 3132 schwerere Bedenken gegen die erotische Disposition des Leutnants Max. Geradezu
909 3096 1368 3173 physiologische Bedenken
1426 3104 2378 3178 .. Das Blut sickert noch von der Leiche der Frau,
902 3165 2375 3220 die er geliebt hat, die seinetwegen erschossen wurde. Der junge Mann selbst,
903 3220 2375 3283 an dessen ernsten und ehrenhaften Charakter wir glauben sollen, geht wenige
915 3258 2384 3324 Stunden später zu den Schatten. Sein unwiderruflicher Entschluß steht bereits
908 3354 1043 3447 378
