3436 4352
1578 424 2063 515 box 24/5
907 435 1012 502 de
251 440 1589 542 19. Der Ruf Lebens
585 1216 993 1308 anischenenp 77 Ihe
504 1257 1225 1350 Homigebeigel Veins-Antlung
673 1319 1149 1440 Königsberg i. Pr.
705 1521 1181 1681 IS MATIAE
1423 1789 3364 1869 durst treibt ihre unrettbar verlorene schwindsüchtige! Kürgssiere, von dem oben die Rede war, nach] Fi
2372 1835 3383 1895 außen hin so bezeichnend drapiert mit der Not= (D
1423 1851 2386 1923 Cousine Katharina, in noch viel schrankenloserer
2383 1872 3384 1939 wendigkeit, die „Schmach“ abwaschen zu müssen, die na#
708 1837 1284 1954 Kunst und Wissen
1436 1887 2374 1951 Weise die wenigen Jahre, die ihr noch zu leben
2371 1903 3372 1991 vor 30 Jahren dieses Regiment durch seine Flucht ter
1454 1921 2382 1992 vergönnt sind, zu genießen, ja in leichtfertiger
743 1928 1256 2001 Neues Schauspielhaus.
2380 1952 3378 2012 auf sich geladen hat, dahin aber auch der ganze all
1447 1960 2389 2040 Selbstzerstörung die Frist durch Ausschweifung noch
640 1978 1325 2072 Schnitzler: „Der Ruf des Lebens.“
1444 1988 3365 2072 zu verkürzen Lebensdurst spricht aus den Worten übrigs militärische Ehrenkodex, den Schnitzler hier Au
1458 2027 3354 2115 des jungen Kürassieroffiziers Albrecht von Holz=rückhaltlos an den Pranger gestellt hat: Der von de
553 2026 1456 2097 Zur Feier des 60jährigen Geburtstages von
2374 2069 3348 2143 dem Ihn „verehrenden“ Helden=Leutnant betrogenee
497 2075 1453 2131 Arthur Schnitzler, dem viel gefeierten und
509 2090 2391 2190 viel geschmähten, durch den „Reigen“=Prozeß zu warth, der sich nicht finden kann in den unsinnigen
2387 2102 3338 2173 und Felogene Oberst, der seine Frau, als er sie
1450 2135 2381 2189 und egoistischen Entschluß seines Obersten, eines
2384 2145 3361 2209 beim elauschten Rendezvous ertappt, selbst nieder= at
513 2161 1462 2231 einer nie gewollten Sensationspersönlichkeit ge¬
1448 2167 2386 2224 Typs jenes hochherrlichen Militarismus, dem Men¬
2382 2183 3323 2251 schießt aber den Leutnant zwingt, den Mord auf
504 2200 1449 2251 wordenen österreichischen Dichter, führte unser
1450 2207 2388 2269 schenleben nur Nummern sind, sein ganzes Regi¬
2386 2232 3324 2293 sich zu nehmen und sich eine Kugel vor den Kopf
507 2243 1459 2291 Schauspielhaus im Rahmen des „Monats der Le¬
505 2239 2394 2328 bendigen“ sein dreiaktiges Schauspiel: „Der Ruffment einem sicheren Tode zu weihen, um heraus¬
2384 2262 3382 2321 zu schießen! Und ebenso jener andere Leutnant, 3#
507 2274 2393 2381 des Lebens“ auf, das 1905 gedichtet ist. zubekommen ob seine Frau einen anderen liebt.
510 2292 3352 2418 Aeußerlich betrachtet, ein österreichisches Offizier= Lebensdurst hat eben diese jungee Frau in die Arme der durch einen Zufall tatsächlich als einziger aus
516 2376 3346 2456 und Militärstück, das um die Mitte des 19. Jahr= des jungen Leutnants Max getrieben und veran= jener unsinnigen Menschenschlächterei entkommt,
514 2428 3359 2495 hunderts spielt und nach starker dramatischer Span= laßt sie, ihn noch in letzter Stunde anzuflehen, sich aber eben deshalb sich selbst tolschießen muß, demte
1454 2430 3343 2499 und ihr ein „neues“, freieres Leben zu erhalten. geltenden militärischen „Ehrbegriffen“ zufolgs,
518 2460 1463 2528 nung im ersten und zweiten Akte im dritten fast
1465 2456 3337 2547 Lebensdurst liegt hinter den Träumen des Forst= auf die er als vermünftiger Mensch pfeift und dle
2388 2500 3347 2563 er für verrückt häit, denen er sich aber doch als
521 2504 1466 2575 episch ausklingt, soweit es sich um die Hauptpersonen
1457 2531 2395 2580 adjunkten, der sich in der idyllisch schön gelegenen
2389 2542 3341 2604 Offizier sklavisch bengt. Wer Schnitzlers Werke
519 2553 1468 2611 handelt, tiefer betrachtet, ein Bekenntnis= und ein
1449 2557 2401 2624 Oberförsterei in der grünen Steiermark ein reiches,
519 2594 1464 2650 Gesellschaftsdrama, wie es so eben nur dieser
1465 2575 3340 2668 wonniges Leben an der Seite des geliebten Mäd= kennt, der weiß, daß dieser Dichter stets schonungs¬
2386 2622 3341 2679 los Menschen und Zustände geschildert hat, so wie
520 2626 1469 2703 Dichter aus dieser Zeit und diesem Milieu
1471 2639 2399 2698 chens erhofft hatte; und die Anerkennung dieses
2388 2654 3351 2730 sie tatsächlich waren, und unter diesem Gesichts¬
520 2668 1462 2742 heraus schreiben konnte. Das Bekenntnis oder,
1473 2666 2411 2743 Prinzipes des Lebenwollens und Lebensollens für
2397 2699 3357 2766 punkte gewinnt das vorliegende Stück heute, wo#
517 2693 1469 2777 wenn man will, die „Tendenz“ des Stückes liegt
1462 2721 2407 2781 alles, was jung und schön und kräftig ist, treibt
2391 2743 3350 2796 wir den kläglichen Zusammenbruch des inner¬
531 2751 1469 2802 bereits in seinem Titel angedeutet: „Der Ruf des Le¬
1473 2759 2408 2819 den Arzt, in dem Schnitzler, selbst von Beruf Medi¬
522 2788 1467 2848 bens!“ Durst, heister Durst, unerschöpfliches und un¬
1468 2775 3343 2852 ziner, sich wohl porträtiert hat, bedenkenlos dem lich eben schon längst verrotteien k. k. Heeres
514 2825 1470 2890 bezwingliches Verlangen nach Leben — das spricht
1466 2821 3345 2906 jungen Mädchen den Gifttrank gleichsam in die und Skaates miterlebt haben, ein höchst aktuelles
521 2865 1473 2924 aus jeder Zeile, aus jeder Gestalt dieses Dramas!
1475 2854 3336 2932 Hand zu drücken, der nicht nur einen alten bösen Interesse. Im Ganzen aber wird man doch auch
517 2893 1473 2964 Es ist so, als we#e Schnitzler an ihnen allen
1460 2909 3349 2979 Mann von einem weiteren unheilbaren und qual= hier wieder die Empfindung haben, daß der feine
525 2943 1470 3011 zeigen, daß dieser Lebenshunger der stärkste
1464 2934 3343 3023 vollen Leiden erlöst, sondern auch der Tochter, die Aesthet Schnitzler der großen Masse des Publikums,
528 2977 1477 3047 und elementarste aller Triebe ist, der
1479 2979 3344 3062 er peinigt, den Weg zum Lebensglück öffnen soll. die ins Theater geht, um sich zu „amüsieren“, wenig
2401 3020 3349 3073 zu sagen hat, um so mehr aber Menschen, die ernst¬
520 3021 1476 3090 die Menschen sich über alle Hemmungen und alle
1510 3042 2399 3105 Aber der Auswirkung dieses Verlangens nach
2400 3056 3342 3119 haft zu den großen sittlichen Problemen der Gegen¬
534 3059 1486 3120 Rücksichten hinwegsetzen läßt. Lebenshunger trieb
1476 3086 2407 3149 Leben, das mit so elementarer Wucht bei so ver¬
2396 3111 2982 3173 wart Stellung nehmen wollen.
517 3093 1480 3174 seinerzeit in der Stunde der Schlacht den jetzt alt¬
1475 3131 2409 3190 schiedenen Menschen sich bemerkbar macht, stellen
534 3129 1487 3208 gewordenen Rittmeister a. D. Moser, der plötzlich
2448 3151 3361 3208 Die Aufführung litt, wie auch sonst häufig in
1472 3178 2417 3236 sich die gesellschaftlichen Zustände einer Welt, die
533 3179 1485 3241 ihn und seiner Eskadron fassenden Panik nicht Ein¬
2402 3197 3347 3254 letzter Zeit, darunter, daß besonders die Träge¬
1474 3201 2409 3260 der Dichter nicht billigt, hindernd entgegen, und
533 3219 1479 3282 halt zu gebieten und durch die Fluchtn sein Leben
2412 3223 3364 3290 rinnen der weiblichen Rollen durchweg viel zu
1469 3233 2411 3306 dadurch wird der „Ruf des Lebens“ zugleich zum
531 3250 1483 3320 zu retten, Lebensdurst läßt noch den unheilbar dem
2403 3271 3358 3331 leise sprachen. Auch die genialste und seelisch
1481 3288 2405 3348 sozialen Drama, in welchem schonungslos dem schon
538 3292 1487 3368 Tode verfallenen 79jährigen Greis sich an das
2407 3313 3352 3376 zart=diskreteste Darstellung nützt dem Zuschauer
1473 3330 2407 3382 in der Mitte des 19. Jahrhunderts in vollster Deka¬¬
533 3335 1482 3393 Leben klamnnern und macht den kalten Egoisten
2404 3351 3353 3407 nichts, wenn er schon von der 10. Reihe des Zu¬
1471 3355 2413 3437 denz befindlichen Oesterreich ein Spiegel vor Augen
530 3375 1489 3435 zum brutalen Peiniger seiner Tochter, die ihm durch
2402 3396 3213 3466 schauerraumes nichts mehr verstehen kann.
1470 3401 2409 3476 gehalten wird. Auf Schritt und. Tritt stoßen sich
531 3415 1490 3481 ihre Pflege sein Leben verlängern soll; Lebensdurst
1478 3438 2413 3505 die Menschen in ihrem berechtigten Lebensdrang
2460 3444 3367 3517 Im übrigen bewährten sich Grete Holz=
539 3449 1481 3524 aber treibt eben dieses Mädchen ein 26jähriges,
1479 3483 2420 3547 an den Schranken, welche die verkehrten gesellschaft¬
2410 3493 3348 3551 Walleck (eine ausgezeichnet den unwidersteh¬
545 3476 1494 3551 blühendes Geschöpf mit heißem Blut, zu der ent¬
2407 3519 3369 3586 lichen Lebensdrang verkörpernde Marie), Ruthss
545 3526 2406 3598 scheidenden Doppeltat, erst den Vater, der sie mit lichen Zustände und Sitten aufgerichetet haben.
2412 3570 3364 3626 Baldor (eine verführerische Katharina), Helene
541 3562 2416 3633 sich einsperren will, durch Gift zu töten, sodann sich Durch sie wird entweder ihr Leben in sinnwidriger
2414 3612 3359 3663 Sauer (rassig als Oberstfrau Irene), Tessa
547 3606 2419 3689 dem Geliebten hinzugeben und wenn es auch nur Weise vernichtet, oder aber eben ihr Lebensdrang
535 3686 3369 3743 noch auf ein paar Stunden, auf eine Nacht ist, auf falsche, unnatürliche Bahnen gelenkt. Dahin] Wolter=Felder (Tante Toni), nicht minder
537 3676 3366 3784 in der sie das Leben voll auskosten kann; Lebens= gehört der edle Plan des Obersten der blauen wie die männlichen Kräfte, unter denen neben Max
