3248 4352
1576 198 2056 309 box 24/4
267 213 1446 317 19. Der Ruf des Lebens
2762 1138 3236 1216 —— —
175 1223 3266 1265 Plungen scheinen sich in dem Bethalinis] haben wollen, stehen doch noch gleichsam im traditionellen] Sozialdemokratie folgende schriftliche, von dem Bochumer
2075 1219 3247 1295 sozialdemokratischen Blatt kurz nach der Wahl veröffentlichte
169 1272 2096 1307 Kirche zu den politischen Gruppen] Banne der alten Hengstenbergschen Zeitung. Vor allen
176 1293 2580 1356 oden vorzubereiten. Die Konservativen] Dingen leiden unter der heute üblichen kirchenpolitischen Praxis]Antwort gegeben hatte:
2096 1364 3264 1438 zum Tode reiten. Der schmähliche Triumph, schamlos der
938 1390 2098 1459 meten. Ich will es Euch zeigen in der unverhüllten Nackt¬
2097 1419 3265 1480 Tochter hingebreitet, löst auch die letzten Bande. Befreiung
725 1351 970 1507 Wen.
165 1422 764 1499 Pluf des Lebens.“
935 1432 2092 1504 heit des brutalen Lebensinstinktes; in wenig Ausschnitten
2093 1454 3249 1523 will sie, um jeden Preis. Dem Liebsten in den Arm zu trei¬
946 1467 2087 1534 nur, typischen Schicksalen. Im Freskostile werf' ich's Euch
168 1485 848 1559 Prei Akten von Artbur Schnitler.
2095 1493 3266 1565 ben, eh' es auf immer zu spät ist, reicht sie dem Alten einen
941 1505 2098 1573 vor die Rampe. Und sagt nur nicht: das schmeckt nach
2101 1524 3264 1601 Schlaftrunk, der ihn auf ewig schlafen macht. Und stürzt hin¬
170 1537 525 1611 end des De#
820 1545 959 1617 4%
948 1557 2101 1616 Kolportage; nach Zeitungsausschnitten aus der Chronique
2105 1589 2575 1649 aus in die Nacht..
946 1586 2095 1646 scandaleuse; denn zugleich zeig' ich Euch, was hinter
407 1596 926 1650 Hannover, 21. Janugk““
2174 1612 3266 1681 In der Kaserne der Dragoner spielt der zweite Akt.
950 1629 2107 1690 diesem rohen Leben an Menschenschicksal lauert, was sich im
169 1633 948 1710 mütigem Schweigen hat ein zahlreiches
2092 1666 3264 1722 Zimmer des Leutnants Max. Zu ebener Erde. Draußen leuch¬
950 1660 1848 1742 schweren Leide gebundener Instinkie krümmt.
170 1685 944 1750 igen Abend dies Schauspiel abgelehnt;
1019 1701 2095 1761 Um 1850 etwa. Ein dumpfer kleiner Raum in einem
2091 1699 3263 1773 tet der Monp über der umfriedenden Mauer. Wachen gehen auf
174 1735 941 1787 Ffall mischte sich erzürntes Zischen. Ich
2104 1737 3264 1795 und ab. Das kriegerische Leben eines zum Aufbruch gerüste¬
944 1735 2101 1812 Hause der Wiener Altstadt. Durchs niedere Fenster blicken
169 1746 947 1818 cht verdenken. Zu viel des Problemati¬
2097 1767 3257 1847 ten Volkes tönt herein. Die letzten Briefe und Liebeszeichen
954 1772 2103 1846 hohe Häusergiebel und rauben dem sinkenden Lichte eines
178 1807 946 1856 . schwach nur ollendeten steckt in der
2102 1804 3258 1877 verbrennt der junge Krieger. Tauscht mit einem Unteroffizier
941 1828 2101 1893 Frühlingstags den Eintritt. Im Krankenstuhle kauert die
207 1833 948 1909 Problematischen, gut Gemeinten, übel
2108 1839 3264 1922 kurze Worte, durch deren dienstliche Knappheit ein seltsam
949 1860 2098 1922 abgemagerte Gestalt eines den Achzig nahen Greises. Ein
181 1875 960 1931 der Aufführung an. Wer sie als ein¬
2108 1888 3265 1960 weicher Unterton der menschlichen Verbrüderung bindurch¬
952 1892 2097 1961 blühendes Geschöpf, verhärmt nur von Nachtwachen und
181 1914 952 1972 ichters nutzte (und wenige nur mögen
2115 1932 3264 1995 klingt. Der Oberst erscheint am Fenster; spricht Worte zu
959 1933 2104 2003 Stubenluft, Marie, sitzt neben ihm und liest von Kriegsbe¬
379 1955 952 2008 annten) vermochte zu dieser
208 1957 392 2016 Buch¬
2103 1967 3267 2028 dem jungen Offizier, die väterlich gemeint erscheinen und
955 1962 2108 2034 richten aus der Zeitung vor. Hier herrscht die Tyrannei
165 1993 954 2052 Eintimen geinheiten nicht vorzudringen,
2105 2007 3258 2079 dennoch kalt den anderen belauern. Eine bewußte Paralleli¬
952 2012 2112 2078 des welken Alters, die sich mit väterlichem Rechtsbegehren an
174 2030 953 2099 attfarbener Kranz, um all' die — schein¬
2113 2056 3265 2110 tät zum ersten Akt tut sich dem Aufmerksamen kund. Auch
962 2048 2119 2117 die ihm untertane Ingend klammert. Ueberzeitig ist der
172 2074 714 2134 und Theatralik winden.
2107 2089 3264 2151 hier steht einer, der nach des Lebens Ruf sich sehnte ein Da¬
953 2082 2110 2158 Alte. Hat vom Leben nicht viel gehabt. Früh und kaum
171 2095 957 2169 Peben und ein Sang ans Leben. Auf
2112 2130 3265 2189 sein lang; der sein Kriegerhandwerk in schalem Frieden hassen
956 2121 2108 2194 wohl rühmlich verabschiedeter Militär, Schreibstubenarbeit
171 2146 961 2210 Ert es ein jeder, sucht es auszukosten,
2115 2169 3264 2236 lernte und nun mit harter Hand sich und den Hunderten unter
953 2171 2106 2241 durch dreißig Jahre durch, eine Ehe ohne Glück, voll Miß¬
169 2192 955 2241 en. Ein Rätsel allen und Gegenstand
2113 2203 3266 2261 ihm die Tatgelegenheit schuf. Von ihm stammt die Parole zu
954 2207 2111 2273 trauen und dumpfer gegenseitiger Furcht. Die Frau sank
187 2232 958 2294 Auflage erschienen bei S. Fischer,
2112 2239 3264 2317 dem Todesrikt. Die eigene Lebensmüdigkeit läßt ihn die jun¬
959 2239 2119 2311 welk ins Grab. Die Tochter blieb, in Kindesfrond unlvillig
2121 2268 3266 2350 gen Leben opfern. Schwerer Verdacht drückt ihm die Brust,
952 2283 2120 2355 sich beim Vater mühend. Und draußen lebt die Stadt. Regi¬
168 2289 955 2375 wunderung. Ihm sucht man, wie dem
2118 2318 3259 2401 sein junges Weib halte es mit dem schmucken Leutnant. Doch
963 2319 2115 2384 menter ziehen zur bedrohten Grenze. Ihr schwerer Tritt,
187 2333 958 2406 matte Formeln des Erfassens, — und
2123 2350 3264 2422 dem ist kein Geständnis abzutrotzen. Die Szene bleibt einen
956 2350 2116 2424 das Getrappel vieler Hunderte von Pferden schallt gedämpft
193 2370 965 2443 befriedigte. Nur fühlen kann man es.
2129 2402 3255 2461 Augenblick leer. Marie, den Leutnant zu suchen, tritt ein,
956 2403 2117 2470 herauf in das Gezänk des Alten. Der gönnt dem Mädel
181 2420 964 2475 hster Ueberspannung aller Kräfte kann
2124 2416 3266 2496 verbirgt sich, durch Stimmen erschreckt, hinter einem Vor¬
962 2437 2111 2498 keinen Freier, nicht einmal das Stündchen Bewegung in
170 2455 968 2516 Ruchzenden Evos=Ruf Todgeweihter wohr
2125 2472 3267 2534 hang und wird unfreiwillige Zeugin von des Obersten Rache,
958 2469 2118 2538 freier Luft, das der Arzt ihr heischt. Nur eine einzige Ball¬
170 2490 956 2561 wenn man's deuten will, ein Quentchen
2120 2507 3265 2572 der nun sein Weib bei einer letzten Zusammenkunft mit dem
963 2507 2135 2581 nacht im Winter ward ihr zu eigen. Da flog sie bis zum
180 2535 962 2600 h hinaus sich zu retten, dann fließt es
2127 2537 3256 2611 Leuinant entdeckt und niederknallt. Ueber diese zweite Leiche
968 2556 2125 2622 Morgen im Arme eines Dragonerleutnants durch den Saal
172 2578 966 2638 isse, die wie leere Schatten mit uns
2126 2593 3267 2661 hinweg führt das Mädchen und den Mann der Weg zur
963 2601 2120 2659 und vergaß in dieser Seligkeit der erstmalig erweckten Sinne
182 2607 972 2669 es. Allzu=Vieles, wird in dem Stück von
2130 2638 2741 2699 ersten und letzten Liebesnacht.
970 2630 2127 2687 ihrer sechsundzwanzig Jahre den Forstadjunkten, dem sie
177 2658 963 2717 Verhandelt. Wie das Geständnis von des
974 2676 2123 2734 bisher gut gewesen. In Hoffnungslosigkeit war ihr auch
2200 2672 3265 2750 In einen Epilog voll Milde, Verstehen, Sühne und Ver¬
182 2683 972 2752 nmacht klingt das Stammeln, dessen
979 2694 2128 2773 diese Nacht versunken. Heut' taucht sie auf und fordert ihre
174 2734 972 2784 Feiter bietet, als daß das Leben — Leben,
2129 2722 3263 2795 zeihung löst sich im Schlußakt die gedrängte Aktion. Rauh
967 2748 2132 2802 Rechte. Dem Tod geweiht, zog jenes Regiment ins Feld,
190 2770 965 2822 Tod. Dazwischen tönen schlichte Melo¬
2134 2762 3260 2824 und roh, wie das Leben selbst, kaum gemildert durch die
965 2783 2126 2860 längst vergessene Schuld verstorbener Kameraden zu sühnen.
176 2800 970 2867 gende Schwernut getaucht, wie Arthur
2129 2797 3267 2870 poetische Figur einer lebsüchtigen Lungenkranken, sprang der
967 2817 2131 2901 Der Geliebte, nach dem ihr alle Pulse schlagen, ist unter
183 2840 966 2907 nsingt. Zarte Lyrismen, in eine ab¬
2130 2827 3263 2909 Hörer die Tatsachenhäufung an. Nun kann er stiller atmen
973 2863 2137 2925 ihnen. In das „Zu spät“ des resignierten Herzens tönt einer
185 2864 979 2939 n Alltagsdialog jäh durchbrechende Prosa
2134 2862 3267 2947 mit Beteiligten und Unbeteiligten in einem grünen Frühlings
967 2894 2131 2973 Freundin Kunde, daß jener Offizier, der mit dem Morgen
176 2911 978 2977 en spricht sie uns, von linden Frühlings¬
2130 2919 3264 2997 garten rückwärts schauen. Hier hat der Arzt, als Symbol de¬
974 2940 2138 3006 ausrückt, gleichfalls ihrer denke. Und in den Ruf, den ihr
177 2951 979 3015 n, von sehnenden Mädchenherzen und dem
2131 2951 3253 3016 leidenschaftslosen Lebensbetrachters und Verstehers, das Wort
967 2981 2146 3052 das Leben sendet, kreischt des Alten Erzählung von jener
179 3009 977 3054 blutes, das nach der simplen Erfüllung
2143 2997 3254 3061 Ihn zwingt ja sein Beruf, den Ruf des Lebens in mannig
976 3030 2136 3089 schmählichen Flucht vor über dreißig Jahren, deren Ver¬
185 3036 979 3099 gt. Nur diese eine Forderung besteht
2129 3044 3263 3103 fachen Formen zu vernehmen. Von Irrenden zu Leidenden
974 3054 2142 3125 schulder er, der Vater, selbst gewesen. Der triumphiert. Nun
172 3079 973 3142 Den ihr versinken alle Götzen, die des
2134 3079 3260 3138 von Leidenden zu Sterbenden führt ihn sein Weg. In alle
984 3097 2148 3160 wird er zum zweiten Male das Regiment überleben.
173 3111 986 3176 Fur Zähmung seiner eignen Triebe setzte:
2138 3104 3264 3175 Formen sah er den Lebensdrang der Alten wie der Junger
976 3131 2141 3191 Er, der Achtzigjährige, der damals floh, weil ihn das nackte
173 3154 998 3211 it und jegliches Gesetz, ja selbst des Neben¬
2130 3154 3153 3228 Und glaubt von sich selber, er sei nie jung gewesen.
981 3179 2145 3243 Leben lockte, der Wunsch nach Weib und Kind und Alltags¬
181 3183 982 3249 Gewiß, sagt Schnitzler, dieses Leben ist.
177 3248 3264 3279 Verletzend wie der Schlachtruf der Drom= glück, er wird die strammen Burschen überdauern, die da unten Marie, da sie von ihrem Rausch erwachte, vor der Selbstanklag
