3248 4352
-9 1562 79 1616 den
16 1612 70 1657 n,
-11 1805 68 1854 uha
24 1849 77 1896 orf
13 2317 79 2364 use
-14 2355 81 2415 sicht
1512 258 2043 353 box 24/4
268 260 1444 377 19. Der Ruf des Lebens
791 1306 2010 1373 läßt das Stück die Vorzuge sonstiger Schnitlerscher dramatischer
792 1373 1999 1418 Arbeiten durchweg vermissen: Knappheit und Geist, Meisterschaft
787 1412 2004 1456 in der Behandlung des Dialogs und Witz. Den letzteren schloß
791 1454 2004 1501 hier freilich der Stoff aus. Es kam dem Dichter offenbar darauf
789 1491 2010 1540 an, die Macht darzustellen, die so ziemlich alle Menschen, selbst die
792 1527 2011 1583 Kranken und Aermsten, sich an das Leben klammern läßt. Das
787 1566 2001 1621 ist genß an sich ein geeigneter Vorwurf, nur mutet der von
788 1600 1993 1651 Schychler zur Illustrierung des Problems genommene Stoff doch
789 1645 2001 1689 regk konstruiert an. Ein Regiment der blauen Kürassiere har im Krieg
789 1682 2006 1730 her 30 Jahren Veranlassung zu einer Niederlage dadurch gegeben,
782 1725 1999 1787 aß es zuerst aus einer Stellung wich, die es hätte halten mussen.
786 1765 2001 1815 In einem neuen Krieg hat nun das Regiment, um die Schmach
795 1797 2005 1853 wieder gut zu machen, auf Betreiben des Obersten gebeten, an den
788 1845 1996 1898 gefährlichsten Posten gestellt zu werden, wo es bis auf den letzten
794 1885 2006 1932 Mann vernichtet werden müsse. Mit der letzten Eskadron ziehen
794 1918 1999 1978 auch die jungen Offiziere Max und Albrecht in den angeblich
794 1957 2008 2022 sicheren Tod. Borher bekommt aber der erstere von ihnen noch
793 2004 1998 2057 Besuch in der Kaserne. Zuerst will sich ihm Marie, die Tochter
789 2035 2001 2091 jenes alten, nun 79jährigen Rittmeisters Moser, an den Hals
784 2077 1998 2139 werfen, durch dessen Schuld damals die Schlacht verloren worden
192 2085 640 2181 beachten!
808 2120 2002 2159 ist, und dann kommt noch die Frau des Obersten, um ihn zu be¬
813 2154 2006 2199 stimmen, das Leben nicht fortzuwerfen, sondern mit ihr weiterzu¬
201 2164 629 2257 Telephon 12.801.
805 2195 2001 2243 führen. Der Oberst, von dem man erzählt, daß er um das Ver¬
795 2234 2003 2293 hältnis wußte und nur deshalb jenen Schwur seiner Offiziere
775 2267 2001 2318 provoziert habe, überrascht die beiden und knallt die
784 2299 2024 2371 Gattin kurzerhand nieder. Auch Marie hat einen Mord an
785 2349 2029 2420 Ihrem Vater auf dem Gewissen, einem unleidlichen Kranken.“
263 2352 353 2435 1
780 2395 1995 2446 dessen sie sich durch Einflößung eines Trankes entledigt,
1684 2425 2000 2482 ihrer Brunst
921 2428 1629 2491 — man kann nicht anders sagen
203 2425 658 2526 Unternehmen für
780 2471 2011 2523 zzu folgen. Sie, wie auch ihre Freundin Katharina, die Tochter
195 2486 365 2565 hnitte
785 2503 2007 2563 svon Mosers Schwägerin, leiden offenbar an Nymphomanie, und sie
786 2556 2000 2604 lverstehen „den Ruf des Lebens“ lediglich dahin, sich „auszuleben“
207 2540 642 2620 diaplatz 4.
784 2590 1999 2645 ld. h. einem Manne nachzulaufen. Katharina ist mit einem Forst¬
776 2629 2004 2677 ladjunkten so gut wie verlobt gewesen, der sich aber von ihr ab¬
208 2628 646 2705 Cleveland, Christiania,
786 2665 2011 2720 swandte, als er Marie kennen lernte. Anscheinend infolgedessen ist
195 2686 651 2741 , Mailand, Minncapolis,
791 2699 2003 2759 si auch geistig anormal geworden. Von einem Schlachtfeld kommt
194 2729 651 2790 o, Stockholm, St. Peters¬
787 2737 1999 2783 endlich die Kunde, daß die blauen Kürassiere wirklich niedergemacht
768 2774 2003 2852 #worden sind mit alleiniger Ausnahme — man weiß nicht, wie es
207 2797 409 2879 Gewähr).
789 2815 2013 2871 kam — des Offiziers Max. Indes hat sich dieser nachträglich er¬
788 2868 2009 2918 schossen. Ueber den Grund der Tat nachzudenken, bleibt jedem Zuschauer
198 2849 606 2957 Volkszeitung
790 2906 2005 2958 selbst überlassen, vermutlich geschah es deshalb, weil das Stück ein
794 2929 2016 2994 Ende haben mußte. Wie gesagt, bleibt der Dialog weit zurück hinter
784 2987 2010 3038 dem, was man von Schnitzler erwarten durfte. Abgesehen von einigen
795 3025 2004 3073 dunklen Phrasen, wie z. B.: „Nur wer die Zusammenhänge be¬
790 3065 2009 3113 greift, iebt ewig,“ reden die Personen oft ein ganz bedenkliches
204 3070 477 3153 Konzerte.
787 3100 2008 3155 Papierdeutsch; besonders zeichnen sich darin die beiden Mädchen
788 3143 2008 3183 aus. Der erste Akt, der fünf Viertelstunden dauert, hat manche
193 3130 764 3205 es nötig war, das Schnitz¬
787 3176 2007 3234 Längen, für die Charakterisierung des alten Moser als tyrannischer
204 3190 766 3238 s Lebens sechs Jahre Kau)
787 3226 2004 3268 Egoist bedürfte es nicht seiner endlosen Reden, der dritte ist ein¬
202 3225 761 3268 unsere Bühne zu bringen, die
789 3253 1999 3308 fach langweilig. Die von Dr. Simchowitz inszenierte Aufführung
197 3266 770 3314 ngssünde dokumentiert hätte:
793 3300 2000 3344 war recht gut. Um den todesbangen alten Moser machte sich
194 3298 765 3361 lls am Schluß durch kräftiges
204 3337 2065 3413 auf die Frage. In der Tat I Herr Turrian verdient; er stattete ihn mit einem so gehäuften
2024 1330 3257 1387 Maß von Unausstehlichkeit aus, daß man froh ist, wenn der Tod
2029 1379 3257 1430 ihm endlich den Mund stopft. Mit seiner Tochter Marie, die ein
2025 1409 3258 1462 Martyrium bei ihm durchmacht und ihn zuletzt tot am Boden
2022 1457 3258 1505 liegen läßt, um dem Ruf des Lebens zu folgen, mußte sich Främenn
2031 1496 3240 1540 Schönfeld abfinden, die der schwierigen Aufgabe wohl gewachsen =var,
2030 1532 3258 1585 wenn die Figur auch stellenweise noch etwas mehr Farbe vertragen
2028 1573 3257 1624 konnte. Bei ihren Versuchen, leise zu sprechen, ging für das Verständ¬
2023 1612 3242 1661 nis fast alles verloren. Für die kranke Katharina stand Frl. Landen
2024 1647 3257 1709 mit Erfolg ein; ihr Tod im dritten Akt ist von seiten des Autors
2026 1688 3234 1736 schlimmster Theatereffekt. Mit Mosers Schwägerin fand sich Frl.
2029 1721 3257 1780 Scholtz glücklich ab. Einen Arzt, der die auseinanderflatternden
2027 1768 3246 1817 Geschehnisse zusammenzuhalten die Aufgabe hat, gab Hr. Senden
2023 1802 3258 1855 recht natürlich. Dem Forstadjunkten verlieh Hr. Dysing eine ge¬
2022 1843 3241 1887 hörige Dosis Schwerfälligkeit, so daß man sich nicht wundern
2021 1882 3257 1930 durfte, wenn er nicht größeres Glück bei Marie hatte. Den
2021 1920 3240 1982 Obersten gab Hr. Dr. Krüger mit Festigkeit, die kleine Rolle
2019 1964 3236 2015 seiner Frau war Frl. Frey zugefallen, die Offiziere Max und
2026 2000 3241 2045 Albrecht hatten in den Herren Aßmann und Kiesau gute Vertreter
2021 2031 3257 2088 gefunden. Im dritten Akte, der in einem niederösterreichischen
2023 2081 3259 2121 Dorfe spielt, entschädigt für die Mängel der Handlung einiger¬
2021 2118 3240 2169 maßen eine hübsche Dekoration. Sehr störend war wieder einmal
2017 2158 3239 2216 das Zuspätkommen der verehrlichen Abonnenten, die bis tief in
2029 2194 3246 2247 den ersten Akt hinein die Ruhe störten und die Sitzreihen be¬
2019 2229 3245 2286 helligten. Ob diese Damen, um die es sich fast ausschließlich“
2019 2270 3229 2334 handelte, wirklich zu Hause so unabkömmlich sind, daß sie den Vyr¬
2021 2318 3114 2373 wurf mangelnder Rücksichtnahme auf sich laden müssen?
2638 2362 3203 2463 chiten
