3248 4352
268 227 1418 316 19. Der Ruf des Lebens
1583 203 2031 304 box 24/4
2061 644 2428 733 Telephes B.#.
1528 775 2251 860 „UDSERTER
1349 850 2468 912 I. Seterr. bebördl. kesz. Unternehmes für Zeitunga-Assnehnt###
1557 904 2282 960 Wien, I., Concordiaplatz 4.
1767 959 2097 1013 Vertretungen
1361 982 2485 1049 i Bertin, Basel, Budapest, Chicago, Cleveland, Christiande.
2360 1035 2491 1088 0
1421 1037 2283 1098 a, Kopenhagen, London, Madeid, Mailand, Min
1357 1081 2468 1142 N#e-Verk, Parts, Rom, San Francisca, Stocktelm, S#. Petess¬
1767 1119 2080 1175 burg, Toronte.
1823 1150 2153 1225 Erea
1360 1223 2565 1356 Ausschnitt e#mer Tagblatt, Klagenfurf.
1654 1306 2082 1386 17. MRZ. 19·0
1458 1338 1536 1391 m:
1480 1468 2551 1589 Theater, Kunst und Musik.
1503 1567 2560 1632 „Der Ruf des Lebens“. Das Haus war der be¬
1439 1617 2563 1680 liebten Benefiziantin Fräulein Eleonore Ehn zu
1448 1683 2565 1745 Ehren voll besetzt; die Blumenspenden sowie der
1449 1733 2561 1792 Beifall für die schauspielerischen Leistungen dieser
1455 1779 2558 1852 und einiger Hauptpersonen des Stückes, die durch
1445 1831 2560 1891 die Herren v. Ritter, Schramm, Karma
1455 1877 2560 1947 und Winterberg sowie durch die Frl. Wel¬
1454 1926 2560 1996 tern und Else Heinrich gut vertreten waren,
1446 1975 2560 2046 war verdient. Damit ist aber auch der für die
1450 2016 2548 2096 Beteiligten erfreuliche Teil des Abends wieder er¬
1461 2077 2558 2134 schöpft. Denn das Stück selbst ist abermals von je¬
1450 2130 2559 2177 ner abstoßenden Wirkung, welche eine Freude am
1452 2179 2554 2246 Schönen und Guten nicht aufkommen läßt. Nicht
1433 2225 2560 2291 die Darstellung des Schlechten an sich ist das Ver¬
1444 2277 2563 2340 zwerfliche — es ist ja doch leider im Leben oft ge¬
1454 2337 2547 2389 nug vorhanden —, und ist dessen Darstellung also
1447 2373 2553 2443 wahr, so erfüllt der Dichter insoferne wenigstens
1454 2427 2553 2482 seine ethische Aufgabe, daß er dem Zuseher und
1455 2477 2552 2528 Phörer ungeschminkte Welt= und Menschenkenntnis
1447 2532 2549 2596 berichtet; er wirkt durch den Gegensatz zum Schönen
1449 2570 2558 2641 Ffür das Schöne, schreckt ab vom Häßlichen und
1447 2622 2557 2684 warnt. Wenn aber der Dichter gar nichts anderes
1446 2674 2552 2727 zu tun zu haben scheint, als alles Widerliche, Un¬
1438 2720 2556 2800 edle, Verächtliche, den Abfall des gesellschaftlichen
1438 2774 2551 2837 Lebens in einem Winkel zusammenzukehren, um
1435 2816 2547 2888 diesen Wust dann schließlich dem geduldigen Thea¬
1446 2874 2554 2923 stergast ins Gesicht zu werfen — so darf doch dieser
1441 2910 2552 2988 darob entrüstet sein! — Dergleichen geschieht hier;
1436 2973 2545 3044 der Verfasser betreibt ja auch in anderer Form, in
1446 3026 2553 3081 einem Buche, den Antimilitarismus statt in
1439 3065 2550 3137 Proletarier= in Intelligenzkreisen, und zwar da¬
1440 3117 2542 3186 durch, daß er die Offiziersehre systematisch befleckt:
1434 3175 2552 3236 er stellt hier das Leben einer kleinen Garnison
1445 3221 2542 3270 (a la Bilse) in einer ganzen Reihe von Herren
1434 3272 2542 3328 dar, die während langer Friedenszeit des Kaisers
1438 3314 2548 3365 Rock — nicht in Ehren tragen. Ehebruch, Ver¬
1448 3368 2546 3419 führung und Mangel an jeder idealen Lebens= und
1438 3420 2542 3471 Berufsauffassung verzerrt bei den „Jüngeren das
1449 3470 2596 3555 Bild des braven Soldaten; und an der Spitze die¬
1482 3584 2567 3652 ser traurigen Gesellschaft steht ein ganz alter Pen¬
1479 3638 2565 3709 sionist, der als Rittmeister vor fast vierzig Jah¬
1467 3708 2568 3760 ren bei einer Schlacht durch sein Beispiel eine pa¬
2462 3729 2565 3802 der
2406 3740 2470 3793 —
1471 3745 2361 3799 nikartige Flucht des ganzen Regimentes
1466 3803 2569 3854 blauen Dragoner — verschuldet hat; dann hat er
1470 3840 2574 3897 geheiratet, seine arme Frau zu Tode sekkiert, und
1475 3892 2572 3938 tut nun ein Gleiches mit seiner Tochter, welche un¬
1470 3936 2569 4002 ter seiner geistigen Mißhandlung zur verbitterten
1471 3986 2571 4053 alten Jungfer wird. Bei einem eben ausbrechenden
1474 4036 2571 4089 Kriege nun lebt das Gerücht von dieser (namentlich
1483 4084 2550 4134 in der österreichischen Armee ganz undenkbaren)
1934 4128 2039 4190 S
