3484 4320
1498 179 1984 268 box 24/1
220 175 1375 276 19 Der Ruf des Lebens
1149 637 1496 697 Telephon 128°1.
1454 668 1515 726 1
1893 730 2055 802 50
1331 765 2017 852 „ODOERVEN
1123 849 2252 904 I. österr. behördl. konz. Unternehmen für Zei ungs-Aussche#.
1343 894 2039 982 Mien, I., Concordiaplatz 4.
1540 972 1845 1034 Vertretungen
1139 991 2233 1069 in Berlin, Bidapest. Chicago, Christiania, Genf, Koperbag u.
1133 1054 2243 1102 London, Madrid, Mailand, Minneapolis, New-York. Paris, Rom,
1316 1106 2082 1156 Sün Francisco, Stockholm, St. Petersburg.
1491 1147 1893 1195 (Quellenangabe ohne Gewahr.)
1125 1210 1489 1287 Ausschnitt am
1434 1248 2201 1376 Das Literarische nene, Berm
1136 1272 1287 1366 Wom:
1214 1480 2100 1582 Tchodel Bahmn=e.
1582 1591 1772 1670 Berlin
1277 1641 2055 1708 „Der Ruf des Lebens.“ Schauspiel in drei
1282 1694 2062 1749 Akten von Arthur Schnitzler. (Lessing=Theater,
1279 1729 2066 1783 24. Februar= BuchaS. Fischer Verlag,
1597 1769 1759 1819 Berlin.
1327 1797 2137 1858 ieser 24. Februar war für mich sehr schmerzlich.
1205 1822 1276 1888 C
2184 1848 2234 1897 2
1226 1839 2131 1919 37) Erstens das Stück. Und dann Schnitzler. Es ist
1210 1880 2141 1936 C2 ein so schönes Bewußtsein, daß sich unter unseren
1218 1890 2232 1983 erfolgreichen Dramatikern doch wenigstens einer findet, der S
1220 1968 2142 2036 sic niemals wegwirft, der zuweilen schwach, aber nie roh
1221 2000 2142 2059 wird, der immer noc etwas Feines und Wertvolles zu
1217 2039 2139 2109 sagen hat, und der es auf eigene und stimmungsvolle Art
1227 2079 2146 2145 zu sagen weiß, der nicht Thearerstücke fabriziert. Und
1217 2115 2150 2173 nun dieser „Ruf des Lebens“! Ein Stück, so brutal
1223 2157 2138 2226 in seiner Handlung, so papieren in seiner Diktion, so
1215 2207 2146 2262 unmöglich in seinen Charakteren! Unter Leben scheimt
1226 2237 2143 2289 Schnitzler nur noch das sernelle Leben zu verstehen.
1934 2276 2145 2326 — Aufschrei
1224 2278 1935 2332 Der Inhalt dieses Schauspiels: erster Akt
1730 2317 2146 2369 beim flotten Leutnant,
1217 2324 1675 2381 der Vagina, zweiter Akt
1217 2359 2150 2408 dritter Akt — Katzenjammer. Und das alles unter
1218 2397 2155 2451 ganz erschwerenden Umständen, unter sinnreich er¬
1234 2433 2155 2495 schwerenden Umständen. Marie ist 26 Jahre alt. D##
1228 2472 2155 2526 ist es also hohe Zeit; der Notstand, um mit Freussen
1221 2511 2158 2583 zu reden, ist schon erschreckend groß. Ihre kleine Consine
1219 2554 2154 2616 Käthchen ist zwar noch jung, aber sie wird bald sterben,
1219 2587 2162 2643 die Schwindsucht sitzt in der Familie. Sie hat also
1232 2629 2157 2687 auch keine Zeit mehr zu warten. Worauf soll sie
1230 2676 2155 2723 warken? auf den Tod? Sie denkt: lustig gelebt und
1227 2704 2164 2771 fröhlich gestorben, kneifi ihrer Mutter aus und führt
1235 2745 2153 2803 ein sideles Dirnenleben. Es wird in der modernen
1225 2791 2163 2839 Literatur immer mehr Mode, die Mädchen der Bürger¬
1228 2814 2155 2885 kreise von dem einen Gefühl beseelt sein zu lassen: nur
1226 2867 2162 2913 Geschlechtsverkehr, gleichviel mit wem! Mal nennt es
1229 2896 2169 2957 sich Schrei nach dem Kinde, mal Ruf des Lebens. Hoffent¬
1234 2946 2161 2998 lich ist diese dem anständigen, wenn auch noch so leiden¬
1228 2988 2161 3041 schaftlichen und lebensdurstigen Weibe so grundfeindliche
1238 3024 2167 3085 Stimmung nur Literatur. Aber die Literatur wirkt
1230 3062 2158 3121 ansteckend, selbst die biedersten Pastoren machen das
1228 3101 2162 3166 bierehrlich nach. Im dritten Akt stirbt Käthchen, als
1242 3136 2152 3199 sie sich mal wieder nach ihrer Mama umsehen wollte.
1237 3181 2021 3243 Sie hat also wenigstens nicht umsonst gelebt.
1324 3216 2163 3280 Marie geht es weit schlimmer. Sie hat keine
1233 3256 2167 3328 gute Mama, sondern einen Vater, der ein Ekel im
1236 3299 2152 3356 Quadrat ist: alt, krank, gehässig, feig und quenglich.
1240 3334 2166 3387 Er gönnt der Tochter nicht die Luft, buchstäblich ge¬
1745 3375 2165 3425 er noch sung und Major
1239 3380 1731 3425 sprochen. Er hat einmal, all
1232 3420 2167 3459 war, das Unglück einer Schlacht verbeigeführt. Wieder
1246 3448 2159 3498 steht ein Krieg vor der Tür. Und sein Regiment
1233 3486 2170 3538 hat sich gelobt, zur Sühne für die alte Schmach sich
1242 3542 2168 3585 bis auf den letzten Mann zu opfern, was militärisch
1233 3562 2155 3623 doch der reine Blödsinn ist. Dabei weiß keiner eigentlich
1236 3608 2164 3657 von der alten Schuld, und der Oberst hat die ganze
1240 3652 2164 3699 Sache nur aufgebracht, weil's ihm seine Frau zu bunt
1246 3692 2176 3743 treibt. Er ist müde und will sich opfern. Den nächsten
1250 3727 2160 3775 Morgen soll er mit der Schwadron aufbrechen, welcher
1236 3767 2162 3829 der Leutnant angehört, der seine Frau verführt hat
1246 3809 2168 3873 (sofern nicht sie ihn) und den auch just Marie liebt.
1234 3888 2151 3946 Sie hat also keine Zeit mehr. Der Alte bewacht sie
1235 3938 2155 3994 wie ein Höllenhund, aber zum Glück hat ihr der Arzt
1238 3976 2150 4022 eben ein Privatissimum gehalten über ihre heiligsten
1236 4022 2148 4069 Pflichten gegen sich selbst, und wozu man Schlaftropfen
1227 4057 2148 4105 alles gebrauchen kann. Na, und daß ein Mädchen,
1226 4089 2147 4136 der's so geht und der gar keine Zeit mehr übrig bleibt,
