3484 4256
134 1838 309 1937 Fohannes
134 1945 308 2054 Rosen.
144 2147 317 2253 Sidney
136 2324 311 2425 ission in
122 2663 306 2754 gen:
116 2724 309 2804 he und
125 2781 312 2866 Eduard
118 2843 312 2926 Gesellig¬
127 2912 309 2988 Mur¬
132 2977 263 3042 pus. —
118 3027 311 3106 argaret.
125 3086 304 3160 Arronge:
126 3145 305 3219 Prof. Dr.
138 3206 309 3287 blutrote
134 3269 312 3337 en von
131 3326 302 3400 ücher.
132 3382 307 3470 lauf.
1527 235 2011 352 box 24/3
224 250 1395 354 19. Der Ruf des Lebens
1995 1388 2167 1470 S
1270 1459 3224 1538 giftet, weil sie ihre Jugend seinem Siechtum Mann wird mit dem Leben davonkommen. Für
1273 1499 3212 1579 nicht zum Opfer bringen will, weil die Liebe; die blauen Kürassiere ist es eine Gelogenheit,
507 1442 1250 1597 Feuilleton. 60
1268 1558 2240 1617 ruft und die Freiheit und das Glück und das
2236 1565 3218 1634 die alte Schmach zu sühnen. Als eine Gnade
337 1544 462 1650 21
1275 1599 2243 1654 Leben. Da ist eine Mutter, die ihre Töchter der
460 1569 1127 1683 Deutsches Volkstheater.
2241 1610 3223 1682 hat es der Oberst vom Kaiser erbeten, daß die
1276 1649 2244 1715 Reihe nach hinsterben sah, und die nun ihr letztes
309 1649 1277 1725 („Der Ruf des Lebens“, Schauspiel in drei Akten von
2237 1669 3216 1735 blauen Kürassiere diesen Todesritt tun dürfen.
1271 1699 2246 1772 Kind lieber an jegliche Sünde hingegeben sieht
318 1707 1272 1790 Artur Schnitzler Zum erstenmal am 11. De¬
2238 1708 3224 1772 Sie dürfen es. Die Offiziere, die braven Sol¬
656 1748 954 1824 RehNr 1909.)
1276 1749 2240 1811 als im Grab. Da sind junge Offiziere, die für
2241 1767 3230 1852 daten jubeln ihrem Oberst zu und rüsten zum
1273 1799 2245 1864 Kaiser und Vaterland in den sicheren Tod
328 1797 1271 1875 Diese Ereignisse spielen etwa um die Mitte
2240 1812 2694 1892 Aufbruch. Morituri.
1272 1847 2251 1915 reiten, und in der letzten Nacht noch einmal
314 1821 1271 1928 des vorigen Jahrhunderts. Aber dem Griff, der
2284 1867 3216 1944 Der Oberst, der die blauen Kürassiere be¬
1266 1900 2244 1956 alles genießen, was dieses Dasein an Seligkeit
311 1905 1265 1967 ihnen Gestaltung gab, ist die Kunstform von
2239 1936 3211 2009 fehligt, schreitet nur einmal an uns vorbei.
1264 1953 2250 2021 und Schmerz zu verschenken hat. Da ist ein
309 1947 1266 2034 heute nicht mehr genug. Das menschliche Ver¬
2234 1983 3217 2057 Aber wenn dieses merkwürdige Stück einen
1272 2004 2247 2069 Oberst, der mit einem geistreichen Bonmot auf
318 2001 1265 2074 stehen, das in diesen Ereignissen aufleuchtet, ist
2242 2026 3228 2106 Helden hat, dann ist es er. In seiner Brust
1269 2035 2240 2113 den Lippen seine treulose Frau ermordet. Da
310 2052 1271 2123 von morgen. Zusammenhänge sind darin sicht¬
2239 2077 3229 2176 klopft das Herz dieser Dichtung. Der Oberst ist
1263 2092 2245 2157 ist ein junges Ding, das den Tod im Herzen
302 2093 1267 2168 bar, die uns erst übermorgen völlig deutlich sein
2242 2143 3228 2202 ein leicht verwundbarer Mann, denn er ist
1271 2146 2242 2204 trägt, und in wer weiß wie vielen gesunden
305 2150 1273 2222 werden. Und die Technik dieses Stückes, diese
2231 2182 3225 2263 geistreich und er ist stolz. Es gibt ja niemanden,
1269 2199 2244 2264 Männerarmen Abschied vom Leben nimmt, und
309 2199 1274 2271 feine, kaum sichtbare Technik, ist wie eine Rück¬
2243 2243 3218 2319 der so empfindlich wäre, als die Stolzen und
1270 2243 2242 2313 wieder Abschied, und wieder. Bis es dann heim¬
300 2238 1272 2333 kehr zu den einfachsten Mitteln der Schaubühne.
2242 2294 3221 2363 die Geistreichen. Auch ein leicht besiegbarer
1270 2297 2241 2361 flattert, weil es in der allerletzten Stunde doch
339 2307 1271 2380 Es macht die Besonderheit dieses Stückes aus,
2241 2342 3220 2399 Mann, denn die erste Abendkühle des Alters
1269 2346 2237 2405 den Kuß der Mutter auf der Stirne fühlen
297 2360 1276 2434 daß es gleichsam wie auf einer Türschwelle liegt.
2240 2382 3219 2456 hat ihn schon angeweht, und trotzdem hält ihn
1274 2397 2245 2462 möchte. All diese Menschen gehören nicht zu¬
305 2406 1273 2482 Stofflich und geistig und technisch. Da gibt es
2238 2429 3224 2512 die Liebe zu einer jungen Frau gefangen. Er
1268 2427 2236 2517 sammen, ihr Schicksal gehört nicht zusammen,
307 2459 1275 2524 keinen abgeschlossenen Raum, in den es sich ein¬
2231 2483 3231 2565 weiß es, daß diese Frau ihn betrügt. Mit
1267 2495 2239 2570 und bennoch sind sie auf dem Urgrund aller
307 2511 1275 2571 fügen würde. Es gehört zum Wesen dieses
2241 2537 3227 2610 irgendeinem frischen Leutnant, mit zweien, mit
1261 2553 2240 2608 Dinge unauflöslich ineinander verschlungen,
305 2551 1276 2623 Stückes, daß es auf einer Grenzlinie balanziert,
1264 2598 2247 2658 dennoch ist ihr vielfältiges Schicksal nur ein
2240 2597 3215 2655 dreien vielleicht. Geist und Stolz verbieten es
301 2596 1273 2679 und daß es mit seinen merkwürdigen Schwan¬
1265 2638 2247 2710 einziges Geschick. Sie wirbeln vor uns auf wie
2236 2641 3215 2721 ihm aber, sich die landläufige „volle Gewißheit“.
302 2657 1271 2745 kungen bald zu wohlvertrauten Gefilden, bald
1275 2695 2246 2764 ein Mückenschwarm in der Abendsonne, voll¬
2239 2698 3225 2766 zu verschaffen. Viel zu stolz ist er, um auf allen
299 2703 1028 2777 zu unbekannten Feldern sich neigt.
1272 2744 2243 2820 führen, in den Lichtstrahl einer Stunde ge¬
2234 2752 3217 2813 Spuren der Hetzhund seiner Eifersucht zu sein,
338 2754 1267 2822 Es ist ein Theaterstück mit starken inneren
1271 2774 2246 2866 bannt, ihren raschen Tanz, und versinken
2235 2797 3221 2866 mit bebenden Flanken, mit jappendem Atem,
308 2801 1269 2870 Zweifeln an die jetzigen Möglichkeiten des
1265 2838 2243 2900 alle zusammen in denselben Schatten der¬
2230 2834 3219 2921 würdelos und lächerlich, um dann vielleicht eine
308 2856 1276 2922 Theaters. Vielleicht sollte es von Schauspielern
1270 2887 2234 2960 selben Dämmerung. Morgen werden wieder
2241 2902 3219 2964 Rache zu üben, eine Vergeltung, die ihm zu
296 2904 1278 2991 gegeben werden, die langsam an ihren bisherigen
1267 2940 1626 3017 andere da sein.
2234 2952 3227 3025 plump und zu matt schiene; eine Genugtuung,
298 2965 1147 3035 Ausdrucksmitteln zu zweifeln anfangen.
2239 3001 3225 3070 die seinen Feinschmeckersinn widert, die ihm
1296 2987 2239 3084 Die blauen Kürassiere haben vor dreißig
334 3014 1284 3095 Diese Ereignisse sind scheinbar gewaltsam.
2232 3057 3215 3115 banal erscheint, mauvais genre, Armeleut¬
1271 3056 2236 3127 Jahren eine schwere Schuld auf sich geladen.
303 3053 1275 3140 Aber während sie an uns vorüberbrausen, ist
2248 3097 3230 3161 speise. Deshalb blutet er still nach innen. Steht
1267 3113 2245 3177 Sie sind aus irgendeiner Schlacht geflohen,
293 3111 1265 3180 es, als wollten sie uns nur die Leere des Ge¬
2234 3158 3223 3220 da, ohne sich zu wehren, und schaut mit hoch¬
1265 3156 2236 3223 weil eine geheimnisvolle Panik ihre Reihen
296 3163 1275 3222 waltsamen zeigen, die Unwichtigkeit des großen
2241 3202 3217 3270 mütigen, kalten Blicken über die eigene Ver¬
1269 3218 2237 3269 plötzlich dahinriß. Die Schlacht wurde deshalb
303 3211 1271 3273 Geschehens. Und als wollten sie gar nicht für sich
2237 3257 3220 3339 zweiflung hinweg. Er schmachtet nach auser¬
1269 3262 2237 3323 verloren. Nun gibt es wiederum Krieg. In
302 3268 1273 3345 selber als Ereignisse gelten, sondern nur als
2245 3295 2721 3385 lesenen Katastrophen.
302 3313 1270 3388 Zeichen, als Signale ferner, verborgener,
1261 3315 2239 3384 diesem Krieg aber wäre gegen eine furchtbare
304 3346 783 3435 innerer Katastrophen.
1260 3363 2245 3425 Stellung des Feindes anzustürmen. Das erste
2264 3345 3207 3434 Da bringt ihm der Zufall diesen Krieg,
328 3386 2245 3468 Da ist ein Mädchen, das ihren kranken alten Regiment, das diesem Sturm voransprengt, ist
2230 3394 3220 3487 bringt ihm sein feiner Geist diese in dreißig
287 3451 3223 3548 Vater yfleat. und diesen Vater eines Tages ver= dem sicheren Untergang geweiht. Kein einziger! Jahren fast schon vergessene Erinnerung: 2i#
2045 3557 2400 3670 A H
1168 3556 1390 3664 1A
575 3571 699 3672 4
