<?xml version="1.0" encoding="UTF-8" standalone="yes"?>
<PcGts xmlns="http://schema.primaresearch.org/PAGE/gts/pagecontent/2013-07-15" xmlns:xsi="http://www.w3.org/2001/XMLSchema-instance" xsi:schemaLocation="http://schema.primaresearch.org/PAGE/gts/pagecontent/2013-07-15 http://schema.primaresearch.org/PAGE/gts/pagecontent/2013-07-15/pagecontent.xsd">
    <Metadata>
        <Creator>prov=University of Rostock/Institute of Mathematics/CITlab/Gundram Leifert/gundram.leifert@uni-rostock.de:name=ONB_Newseye_GT_M1+(htr_id=10810)::::v=2.4.2
prov=University of Rostock/Institute of Mathematics/CITlab/Tobias Gruening/tobias.gruening@uni-rostock.de:name=de.uros.citlab.module.baseline2polygon.B2PSeamMultiOriented:v=2.4.2
prov=University of Rostock/Institute of Mathematics/CITlab/Tobias Gruening/tobias.gruening@uni-rostock.de:name=/mnt/transkribus/LA/DEA/URO/LA_news_onb_att.pb:de.uros.citlab.segmentation.CITlab_LA_ML:v=2.4.2
Transkribus</Creator>
        <Created>2019-10-07T11:20:05.139+02:00</Created>
        <LastChange>2019-10-08T07:17:24.917+02:00</LastChange>
        <TranskribusMetadata docId="223969" pageId="9497032" pageNr="165" tsid="16505888" status="IN_PROGRESS" userId="40391" imgUrl="https://files.transkribus.eu/Get?id=AGWZUUKOYLXLPZRDPRRAHJYR&amp;fileType=view" xmlUrl="https://files.transkribus.eu/Get?id=RGQEWIXWBQYECCNQMHECDIZO" imageId="6187259"/>
    </Metadata>
    <Page imageFilename="223969_0165.jpeg" imageWidth="3436" imageHeight="4352">
        <ReadingOrder>
            <OrderedGroup id="ro_1711451255411" caption="Regions reading order">
                <RegionRefIndexed index="0" regionRef="r1"/>
            </OrderedGroup>
        </ReadingOrder>
        <TextRegion orientation="0.0" id="r1" custom="readingOrder {index:0;}">
            <Coords points="292,116 292,3317 2400,3317 2400,116"/>
            <TextLine id="r1l1" custom="readingOrder {index:0;}">
                <Coords points="284,137 586,190 1443,190 1398,117 1226,94 948,98 909,130 848,98 285,93"/>
                <Baseline points="292,142 349,147 406,151 463,155 520,158 577,160 634,163 692,164 749,166 806,167 863,168 920,168 977,169 1034,170 1092,170 1149,171 1206,173 1263,174 1320,176 1377,178 1435,181"/>
                <TextEquiv>
                    <Unicode>19. Der Ruf des Lebens</Unicode>
                </TextEquiv>
            </TextLine>
            <TextLine id="r1l2" custom="readingOrder {index:1;}">
                <Coords points="1611,186 1776,170 1821,171 1846,189 1900,180 1922,199 2047,185 2049,122 2035,116 1966,112 1930,128 1817,109 1782,132 1747,122 1724,138 1631,90 1614,96"/>
                <Baseline points="1620,167 1646,168 1672,169 1698,170 1724,171 1750,172 1776,173 1802,175 1829,176 1855,177 1881,178 1907,179 1933,180 1959,181 1985,182 2011,183 2038,183"/>
                <TextEquiv>
                    <Unicode>box 24/2</Unicode>
                </TextEquiv>
            </TextLine>
            <TextLine id="r1l3" custom="readingOrder {index:2;}">
                <Coords points="1568,1086 1696,1099 1733,1089 1758,1098 1788,1089 1809,1098 1870,1093 1870,1050 1807,1043 1792,1031 1773,1045 1724,1041 1715,1049 1686,1037 1671,1049 1649,1042 1632,1051 1618,1036 1568,1056"/>
                <Baseline points="1576,1086 1602,1085 1628,1084 1654,1084 1680,1084 1706,1085 1732,1085 1758,1085 1784,1085 1810,1084 1836,1084 1862,1082"/>
                <TextEquiv>
                    <Unicode>Die Schaubühne</Unicode>
                </TextEquiv>
            </TextLine>
            <TextLine id="r1l4" custom="readingOrder {index:3;}">
                <Coords points="1096,1100 1104,1100 1109,1104 1127,1104 1138,1099 1145,1104 1150,1099 1154,1103 1161,1103 1166,1098 1176,1098 1176,1058 1163,1058 1154,1051 1136,1052 1133,1049 1121,1054 1109,1044 1097,1044"/>
                <Baseline points="1104,1089 1136,1090 1168,1090"/>
                <TextEquiv>
                    <Unicode>246</Unicode>
                </TextEquiv>
            </TextLine>
            <TextLine id="r1l5" custom="readingOrder {index:4;}">
                <Coords points="1332,1319 1516,1307 1570,1333 1695,1305 1899,1323 2131,1299 2130,1254 1956,1227 1822,1265 1672,1232 1628,1252 1575,1231 1522,1263 1404,1228 1331,1242"/>
                <Baseline points="1340,1314 1379,1311 1418,1310 1457,1309 1496,1307 1535,1307 1574,1306 1614,1306 1653,1305 1692,1305 1731,1304 1770,1304 1809,1304 1848,1303 1888,1303 1927,1303 1966,1302 2005,1301 2044,1300 2083,1299 2123,1297"/>
                <TextEquiv>
                    <Unicode>Der (Ruf des Zebens.</Unicode>
                </TextEquiv>
            </TextLine>
            <TextLine id="r1l6" custom="readingOrder {index:5;}">
                <Coords points="1175,1418 2380,1370 2379,1323 1174,1358"/>
                <Baseline points="1182,1396 1241,1395 1301,1394 1360,1393 1420,1392 1479,1391 1539,1390 1598,1389 1658,1388 1717,1387 1777,1386 1836,1385 1896,1384 1955,1383 2015,1382 2074,1381 2134,1380 2193,1380 2253,1379 2312,1379 2372,1378"/>
                <TextEquiv>
                    <Unicode>Ich muß den persönlichen Bemerkungen, die man eine Kritik</Unicode>
                </TextEquiv>
            </TextLine>
            <TextLine id="r1l7" custom="readingOrder {index:6;}">
                <Coords points="1081,1460 2373,1420 2296,1382 1080,1415"/>
                <Baseline points="1089,1452 1152,1452 1216,1451 1280,1451 1344,1450 1408,1449 1471,1448 1535,1447 1599,1445 1663,1444 1727,1442 1790,1441 1854,1440 1918,1439 1982,1437 2046,1437 2109,1436 2173,1435 2237,1434 2301,1433 2365,1433"/>
                <TextEquiv>
                    <Unicode>zu nennen pflegt, eine allerpersönlichste Bemerkung voraufschicken.</Unicode>
                </TextEquiv>
            </TextLine>
            <TextLine id="r1l8" custom="readingOrder {index:7;}">
                <Coords points="1081,1503 2354,1509 2365,1453 1080,1468"/>
                <Baseline points="1089,1505 1152,1505 1215,1505 1279,1504 1342,1504 1406,1503 1469,1503 1532,1502 1596,1501 1659,1500 1723,1499 1786,1498 1849,1497 1913,1496 1976,1495 2040,1493 2103,1492 2166,1490 2230,1489 2293,1487 2357,1486"/>
                <TextEquiv>
                    <Unicode>Als ich, vor ein paar Wochen, Schnitzlers neues Schauspiel las,</Unicode>
                </TextEquiv>
            </TextLine>
            <TextLine id="r1l9" custom="readingOrder {index:8;}">
                <Coords points="1080,1569 2371,1553 2370,1509 2276,1486 1079,1522"/>
                <Baseline points="1087,1561 1150,1559 1214,1558 1278,1557 1342,1555 1405,1555 1469,1554 1533,1553 1597,1552 1660,1552 1724,1551 1788,1551 1852,1550 1915,1549 1979,1549 2043,1548 2107,1547 2170,1545 2234,1544 2298,1542 2362,1540"/>
                <TextEquiv>
                    <Unicode>wurd ich stark bewegt. Als ich die Besetzung des Lessing=Theaters</Unicode>
                </TextEquiv>
            </TextLine>
            <TextLine id="r1l10" custom="readingOrder {index:9;}">
                <Coords points="1094,1619 2245,1618 2373,1606 2373,1561 1093,1573"/>
                <Baseline points="1101,1613 1164,1613 1227,1613 1290,1612 1354,1611 1417,1611 1480,1610 1543,1609 1607,1608 1670,1607 1733,1606 1796,1605 1860,1604 1923,1602 1986,1601 2049,1600 2113,1599 2176,1598 2239,1597 2302,1596 2366,1595"/>
                <TextEquiv>
                    <Unicode>erfuhr, fürchtete ich, daß sie das Stück ruinieren würde, und be¬</Unicode>
                </TextEquiv>
            </TextLine>
            <TextLine id="r1l11" custom="readingOrder {index:10;}">
                <Coords points="1094,1682 2382,1660 2341,1601 1093,1622"/>
                <Baseline points="1102,1672 1165,1670 1229,1668 1292,1667 1356,1665 1420,1664 1483,1663 1547,1662 1610,1661 1674,1660 1738,1659 1801,1658 1865,1657 1928,1656 1992,1656 2056,1655 2119,1655 2183,1654 2246,1654 2310,1653 2374,1653"/>
                <TextEquiv>
                    <Unicode>schloß, es wenigstens mir nicht ruinieren zu lassen und der Auf¬</Unicode>
                </TextEquiv>
            </TextLine>
            <TextLine id="r1l12" custom="readingOrder {index:11;}">
                <Coords points="1095,1734 2323,1720 2382,1711 2382,1669 1094,1690"/>
                <Baseline points="1102,1728 1165,1726 1229,1723 1292,1721 1356,1720 1420,1718 1483,1717 1547,1715 1610,1714 1674,1713 1738,1712 1801,1711 1865,1710 1928,1709 1992,1709 2056,1708 2119,1708 2183,1707 2246,1707 2310,1707 2374,1707"/>
                <TextEquiv>
                    <Unicode>führung fernzubleiben. Ich habe nicht Wort gehalten und unter</Unicode>
                </TextEquiv>
            </TextLine>
            <TextLine id="r1l13" custom="readingOrder {index:12;}">
                <Coords points="1083,1778 2386,1769 2385,1727 2296,1709 1083,1762"/>
                <Baseline points="1092,1779 1156,1777 1220,1776 1284,1775 1349,1774 1413,1773 1477,1772 1542,1770 1606,1769 1670,1769 1735,1768 1799,1767 1863,1766 1927,1765 1992,1764 2056,1763 2120,1762 2185,1761 2249,1760 2313,1759 2378,1758"/>
                <TextEquiv>
                    <Unicode>Schmerzen mitangesehen, wie meine Befürchtungen weit über¬</Unicode>
                </TextEquiv>
            </TextLine>
            <TextLine id="r1l14" custom="readingOrder {index:13;}">
                <Coords points="1089,1851 2329,1832 2338,1780 1088,1801"/>
                <Baseline points="1096,1832 1157,1831 1219,1831 1281,1830 1342,1829 1404,1828 1466,1828 1527,1826 1589,1825 1651,1824 1713,1823 1774,1822 1836,1821 1898,1819 1959,1818 2021,1817 2083,1816 2144,1816 2206,1815 2268,1815 2330,1814"/>
                <TextEquiv>
                    <Unicode>troffen wurden. Das Stück hat keinen Erfolg gehabt und —</Unicode>
                </TextEquiv>
            </TextLine>
            <TextLine id="r1l15" custom="readingOrder {index:14;}">
                <Coords points="1084,1884 1877,1899 2343,1846 2261,1818 1084,1860"/>
                <Baseline points="1093,1887 1155,1886 1217,1886 1279,1885 1341,1884 1403,1883 1465,1882 1527,1881 1589,1879 1651,1878 1714,1877 1776,1876 1838,1874 1900,1872 1962,1871 2024,1870 2086,1868 2148,1867 2210,1866 2272,1864 2335,1863"/>
                <TextEquiv>
                    <Unicode>was damit in gar keinem Zusammenhang zu stehen brauchte —</Unicode>
                </TextEquiv>
            </TextLine>
            <TextLine id="r1l16" custom="readingOrder {index:15;}">
                <Coords points="1099,1955 2380,1922 2308,1875 1098,1891"/>
                <Baseline points="1106,1940 1169,1939 1232,1938 1295,1937 1359,1936 1422,1935 1485,1934 1548,1933 1612,1932 1675,1931 1738,1930 1801,1928 1865,1928 1928,1926 1991,1925 2054,1924 2118,1923 2181,1922 2244,1921 2307,1920 2371,1918"/>
                <TextEquiv>
                    <Unicode>hat auch mir keinen tiefen Eindruck gemacht. Die Frage ist: bin</Unicode>
                </TextEquiv>
            </TextLine>
            <TextLine id="r1l17" custom="readingOrder {index:16;}">
                <Coords points="1083,1991 2381,1974 2336,1935 2088,1931 1083,1956"/>
                <Baseline points="1092,1996 1156,1995 1220,1994 1284,1994 1348,1992 1412,1992 1476,1990 1540,1989 1604,1988 1668,1986 1732,1985 1796,1984 1860,1982 1924,1981 1988,1980 2052,1978 2116,1977 2180,1976 2244,1974 2308,1973 2372,1972"/>
                <TextEquiv>
                    <Unicode>ich kühl geblieben, weil ich von vornherein gewiß war, vor</Unicode>
                </TextEquiv>
            </TextLine>
            <TextLine id="r1l18" custom="readingOrder {index:17;}">
                <Coords points="1086,2038 1531,2068 2381,2035 2380,1995 2223,1980 1086,2012"/>
                <Baseline points="1094,2052 1157,2051 1221,2049 1285,2048 1349,2046 1413,2045 1477,2043 1541,2042 1605,2040 1669,2039 1733,2038 1796,2037 1860,2035 1924,2034 1988,2033 2052,2032 2116,2031 2180,2030 2244,2029 2308,2028 2372,2027"/>
                <TextEquiv>
                    <Unicode>diesen und jenen Schauspielern unter allen Umständen kühl zu</Unicode>
                </TextEquiv>
            </TextLine>
            <TextLine id="r1l19" custom="readingOrder {index:18;}">
                <Coords points="1090,2112 2384,2086 2365,2041 1975,2033 1089,2065"/>
                <Baseline points="1098,2105 1161,2104 1225,2103 1289,2101 1353,2100 1417,2099 1481,2098 1545,2096 1609,2095 1673,2094 1737,2093 1800,2092 1864,2090 1928,2089 1992,2088 2056,2087 2120,2086 2184,2085 2248,2084 2312,2082 2376,2082"/>
                <TextEquiv>
                    <Unicode>bleiben, oder haben sich auf der Bühne sichere Wirkungen des</Unicode>
                </TextEquiv>
            </TextLine>
            <TextLine id="r1l20" custom="readingOrder {index:19;}">
                <Coords points="1093,2157 2155,2163 2389,2146 2388,2094 1092,2113"/>
                <Baseline points="1100,2158 1164,2158 1228,2157 1292,2156 1356,2156 1420,2155 1484,2153 1548,2152 1612,2151 1676,2150 1740,2148 1804,2146 1868,2145 1932,2144 1996,2142 2060,2141 2124,2140 2188,2139 2252,2138 2316,2138 2380,2138"/>
                <TextEquiv>
                    <Unicode>Buches als unwirksam, mehr oder minder ernste Gefahren als</Unicode>
                </TextEquiv>
            </TextLine>
            <TextLine id="r1l21" custom="readingOrder {index:20;}">
                <Coords points="1091,2208 2382,2191 2324,2143 1090,2175"/>
                <Baseline points="1099,2209 1162,2210 1226,2210 1290,2210 1353,2210 1417,2209 1481,2208 1544,2206 1608,2205 1672,2203 1736,2201 1799,2199 1863,2198 1927,2197 1990,2195 2054,2194 2118,2193 2181,2193 2245,2192 2309,2193 2373,2193"/>
                <TextEquiv>
                    <Unicode>tödlich erwiesen? An den Schauspielern allein kann es — davon bin</Unicode>
                </TextEquiv>
            </TextLine>
            <TextLine id="r1l22" custom="readingOrder {index:21;}">
                <Coords points="1094,2278 2377,2263 2391,2211 1093,2230"/>
                <Baseline points="1102,2268 1166,2267 1230,2265 1294,2264 1358,2263 1422,2262 1486,2261 1550,2259 1614,2258 1678,2257 1742,2256 1806,2255 1870,2254 1934,2253 1998,2253 2062,2252 2126,2251 2190,2250 2254,2250 2318,2249 2383,2248"/>
                <TextEquiv>
                    <Unicode>ich nach erneuter Lektüre überzeugt — nicht liegen, und es wird</Unicode>
                </TextEquiv>
            </TextLine>
            <TextLine id="r1l23" custom="readingOrder {index:22;}">
                <Coords points="1101,2331 2390,2310 2389,2275 2223,2248 1100,2290"/>
                <Baseline points="1109,2323 1172,2321 1236,2320 1299,2318 1363,2316 1427,2315 1490,2314 1554,2313 1617,2312 1681,2311 1745,2310 1808,2309 1872,2308 1935,2308 1999,2307 2063,2306 2126,2305 2190,2305 2253,2304 2317,2303 2381,2302"/>
                <TextEquiv>
                    <Unicode>zu unterscheiden sein, welche Elemente in Schnitzlers Dichtung</Unicode>
                </TextEquiv>
            </TextLine>
            <TextLine id="r1l24" custom="readingOrder {index:23;}">
                <Coords points="1091,2371 2398,2356 2315,2308 1090,2331"/>
                <Baseline points="1099,2375 1163,2374 1228,2374 1292,2374 1357,2373 1421,2372 1486,2371 1550,2370 1615,2369 1679,2368 1744,2367 1808,2366 1873,2364 1937,2363 2002,2362 2066,2360 2131,2359 2195,2357 2260,2356 2324,2355 2389,2353"/>
                <TextEquiv>
                    <Unicode>undichterisch sind, welche der Kunstform des Dramas und dem</Unicode>
                </TextEquiv>
            </TextLine>
            <TextLine id="r1l25" custom="readingOrder {index:24;}">
                <Coords points="1095,2441 2352,2427 2389,2358 1094,2399"/>
                <Baseline points="1103,2430 1170,2429 1237,2429 1304,2428 1372,2427 1439,2426 1506,2425 1574,2424 1641,2423 1708,2422 1776,2421 1843,2420 1910,2419 1978,2418 2045,2416 2112,2415 2180,2414 2247,2412 2314,2411 2382,2410"/>
                <TextEquiv>
                    <Unicode>besondern Wesen der Bühne widerstreiten, und welche von der</Unicode>
                </TextEquiv>
            </TextLine>
            <TextLine id="r1l26" custom="readingOrder {index:25;}">
                <Coords points="1099,2487 2389,2472 2388,2433 2301,2422 1099,2452"/>
                <Baseline points="1107,2482 1170,2482 1234,2481 1297,2480 1361,2479 1425,2478 1488,2478 1552,2477 1616,2476 1679,2475 1743,2474 1807,2473 1870,2472 1934,2471 1998,2470 2061,2469 2125,2468 2189,2467 2252,2466 2316,2466 2380,2465"/>
                <TextEquiv>
                    <Unicode>einzelnen Aufführung dieser einen Bühne nicht bewältigt wurden.</Unicode>
                </TextEquiv>
            </TextLine>
            <TextLine id="r1l27" custom="readingOrder {index:26;}">
                <Coords points="1195,2545 2396,2530 2395,2496 2280,2472 1194,2492"/>
                <Baseline points="1203,2536 1262,2535 1321,2534 1380,2534 1439,2533 1499,2532 1558,2532 1617,2531 1676,2531 1735,2530 1795,2530 1854,2529 1913,2528 1972,2528 2031,2527 2091,2526 2150,2524 2209,2523 2268,2521 2327,2519 2387,2517"/>
                <TextEquiv>
                    <Unicode>Marie Moser lechzt nach Leben, nach Liehe. Der Mann,</Unicode>
                </TextEquiv>
            </TextLine>
            <TextLine id="r1l28" custom="readingOrder {index:27;}">
                <Coords points="1098,2591 2155,2601 2392,2573 2392,2536 1098,2569"/>
                <Baseline points="1107,2592 1170,2592 1234,2591 1298,2590 1362,2590 1426,2589 1490,2588 1553,2587 1617,2587 1681,2585 1745,2584 1809,2584 1873,2582 1937,2581 2000,2580 2064,2579 2128,2578 2192,2577 2256,2576 2320,2574 2384,2573"/>
                <TextEquiv>
                    <Unicode>den sie einmal gesehen und nie mehr vergessen hat, wird am</Unicode>
                </TextEquiv>
            </TextLine>
            <TextLine id="r1l29" custom="readingOrder {index:28;}">
                <Coords points="1111,2654 2342,2642 2392,2632 2391,2582 1110,2612"/>
                <Baseline points="1118,2644 1181,2644 1244,2643 1307,2643 1371,2642 1434,2642 1497,2641 1560,2640 1624,2639 1687,2638 1750,2637 1813,2636 1877,2635 1940,2634 2003,2633 2066,2633 2130,2632 2193,2632 2256,2631 2319,2631 2383,2631"/>
                <TextEquiv>
                    <Unicode>nächsten Tag in den unentrinnbaren Tod reiten und wartet auf</Unicode>
                </TextEquiv>
            </TextLine>
            <TextLine id="r1l30" custom="readingOrder {index:29;}">
                <Coords points="1109,2709 2392,2686 2391,2647 2228,2633 1108,2662"/>
                <Baseline points="1117,2701 1180,2700 1243,2700 1307,2699 1370,2698 1433,2697 1497,2696 1560,2695 1623,2694 1687,2692 1750,2691 1813,2690 1877,2689 1940,2688 2003,2687 2067,2686 2130,2685 2193,2685 2257,2684 2320,2684 2384,2684"/>
                <TextEquiv>
                    <Unicode>sie. Sie vergiftet ihren achtzigjährigen schwerkranken Vater, der</Unicode>
                </TextEquiv>
            </TextLine>
            <TextLine id="r1l31" custom="readingOrder {index:30;}">
                <Coords points="1111,2762 2168,2760 2352,2746 2390,2702 1110,2720"/>
                <Baseline points="1119,2757 1182,2756 1245,2755 1308,2753 1371,2752 1434,2751 1497,2750 1561,2750 1624,2749 1687,2748 1750,2747 1813,2746 1876,2746 1939,2745 2003,2744 2066,2743 2129,2742 2192,2741 2255,2740 2318,2739 2382,2738"/>
                <TextEquiv>
                    <Unicode>sie gewaltsam an sein Lager gefesselt hält, und stürzt zum Ge¬</Unicode>
                </TextEquiv>
            </TextLine>
            <TextLine id="r1l32" custom="readingOrder {index:31;}">
                <Coords points="1109,2802 2400,2796 2383,2755 2237,2747 1108,2763"/>
                <Baseline points="1117,2813 1180,2812 1244,2811 1308,2810 1371,2809 1435,2808 1499,2807 1562,2806 1626,2805 1690,2804 1754,2803 1817,2802 1881,2801 1945,2800 2008,2798 2072,2797 2136,2796 2199,2796 2263,2795 2327,2794 2391,2793"/>
                <TextEquiv>
                    <Unicode>liebten in die Kaserne. Dort muß sie, hinter einem Vorhang</Unicode>
                </TextEquiv>
            </TextLine>
            <TextLine id="r1l33" custom="readingOrder {index:32;}">
                <Coords points="1108,2864 1444,2890 2401,2848 2343,2798 1108,2845"/>
                <Baseline points="1116,2869 1179,2867 1243,2866 1307,2864 1371,2863 1435,2862 1498,2861 1562,2860 1626,2858 1690,2857 1754,2857 1817,2856 1881,2854 1945,2853 2009,2852 2073,2851 2136,2850 2200,2848 2264,2847 2328,2845 2392,2844"/>
                <TextEquiv>
                    <Unicode>versteckt, erleben, „wie Frauen betrügen, locken, lügen, ehrlich</Unicode>
                </TextEquiv>
            </TextLine>
            <TextLine id="r1l34" custom="readingOrder {index:33;}">
                <Coords points="1115,2932 2387,2897 2386,2862 2283,2852 1114,2872"/>
                <Baseline points="1124,2922 1186,2921 1249,2919 1312,2918 1375,2917 1437,2916 1500,2915 1563,2914 1626,2913 1688,2912 1751,2911 1814,2910 1877,2909 1939,2908 2002,2907 2065,2905 2128,2904 2190,2903 2253,2901 2316,2899 2379,2897"/>
                <TextEquiv>
                    <Unicode>sind und sterben, wie Männer zittern, spielen, höhnen und töten“.</Unicode>
                </TextEquiv>
            </TextLine>
            <TextLine id="r1l35" custom="readingOrder {index:34;}">
                <Coords points="1105,2980 2229,2975 2379,2961 2399,2911 1105,2949"/>
                <Baseline points="1114,2978 1177,2977 1241,2975 1305,2973 1369,2972 1433,2971 1497,2970 1561,2968 1625,2967 1689,2966 1753,2966 1816,2965 1880,2964 1944,2963 2008,2962 2072,2961 2136,2960 2200,2960 2264,2959 2328,2958 2392,2957"/>
                <TextEquiv>
                    <Unicode>Sie sieht, wie der Oberst ihrem Max seine Irene erschießt, weil</Unicode>
                </TextEquiv>
            </TextLine>
            <TextLine id="r1l36" custom="readingOrder {index:35;}">
                <Coords points="1117,3048 2397,3019 2397,2975 1115,2982"/>
                <Baseline points="1124,3034 1187,3032 1250,3030 1313,3029 1377,3027 1440,3025 1503,3024 1567,3022 1630,3021 1693,3020 1757,3018 1820,3017 1883,3016 1946,3015 2010,3014 2073,3013 2136,3012 2200,3011 2263,3010 2326,3009 2390,3008"/>
                <TextEquiv>
                    <Unicode>sie zufällig Frau Oberstin ist. Das hindert Marien nicht, den</Unicode>
                </TextEquiv>
            </TextLine>
            <TextLine id="r1l37" custom="readingOrder {index:36;}">
                <Coords points="1109,3084 2403,3079 2402,3019 1108,3048"/>
                <Baseline points="1117,3087 1180,3084 1244,3082 1308,3080 1372,3079 1436,3077 1500,3076 1564,3075 1628,3074 1692,3073 1756,3073 1819,3072 1883,3071 1947,3071 2011,3070 2075,3070 2139,3069 2203,3069 2267,3068 2331,3067 2395,3066"/>
                <TextEquiv>
                    <Unicode>Leutnant in ihre Arme zu reißen und ein einziges Mal glücklich</Unicode>
                </TextEquiv>
            </TextLine>
            <TextLine id="r1l38" custom="readingOrder {index:37;}">
                <Coords points="1116,3149 2315,3137 2397,3080 1116,3106"/>
                <Baseline points="1124,3144 1187,3141 1250,3138 1313,3134 1377,3132 1440,3130 1503,3129 1567,3127 1630,3126 1693,3125 1757,3124 1820,3123 1883,3123 1946,3122 2010,3121 2073,3121 2136,3119 2200,3118 2263,3117 2326,3115 2390,3114"/>
                <TextEquiv>
                    <Unicode>zu sein, „wie kein menschliches Wesen jemals war.“ Am nächsten</Unicode>
                </TextEquiv>
            </TextLine>
            <TextLine id="r1l39" custom="readingOrder {index:38;}">
                <Coords points="1114,3193 2405,3170 2404,3133 2243,3121 1114,3155"/>
                <Baseline points="1122,3192 1185,3191 1249,3189 1313,3188 1377,3187 1440,3185 1504,3185 1568,3183 1632,3182 1695,3181 1759,3180 1823,3179 1887,3178 1950,3177 2014,3176 2078,3175 2142,3173 2205,3171 2269,3170 2333,3168 2397,3166"/>
                <TextEquiv>
                    <Unicode>Morgen erschießt Er sich für die andre und läßt sie in Reue und</Unicode>
                </TextEquiv>
            </TextLine>
            <TextLine id="r1l40" custom="readingOrder {index:39;}">
                <Coords points="1119,3260 2257,3246 2408,3203 1118,3209"/>
                <Baseline points="1126,3244 1189,3244 1253,3245 1317,3245 1380,3244 1444,3244 1508,3243 1571,3242 1635,3241 1699,3240 1763,3238 1826,3237 1890,3236 1954,3234 2017,3233 2081,3231 2145,3230 2208,3229 2272,3228 2336,3228 2400,3227"/>
                <TextEquiv>
                    <Unicode>Verzweiflung zurück. In der Natur wird sie sich langsam zu</Unicode>
                </TextEquiv>
            </TextLine>
            <TextLine id="r1l41" custom="readingOrder {index:40;}">
                <Coords points="1112,3320 1683,3338 1757,3295 1895,3325 2398,3293 2397,3255 2222,3235 1111,3273"/>
                <Baseline points="1119,3303 1182,3303 1246,3304 1309,3303 1373,3303 1436,3302 1500,3302 1563,3301 1627,3300 1690,3298 1754,3297 1817,3295 1881,3294 1944,3293 2008,3291 2071,3289 2135,3288 2198,3286 2262,3284 2325,3283 2389,3282"/>
                <TextEquiv>
                    <Unicode>einem neuen, stillen, lichteren und leichteren Leben durchfinden ....</Unicode>
                </TextEquiv>
            </TextLine>
            <TextEquiv>
                <Unicode>19. Der Ruf des Lebens
box 24/2
Die Schaubühne
246
Der (Ruf des Zebens.
Ich muß den persönlichen Bemerkungen, die man eine Kritik
zu nennen pflegt, eine allerpersönlichste Bemerkung voraufschicken.
Als ich, vor ein paar Wochen, Schnitzlers neues Schauspiel las,
wurd ich stark bewegt. Als ich die Besetzung des Lessing=Theaters
erfuhr, fürchtete ich, daß sie das Stück ruinieren würde, und be¬
schloß, es wenigstens mir nicht ruinieren zu lassen und der Auf¬
führung fernzubleiben. Ich habe nicht Wort gehalten und unter
Schmerzen mitangesehen, wie meine Befürchtungen weit über¬
troffen wurden. Das Stück hat keinen Erfolg gehabt und —
was damit in gar keinem Zusammenhang zu stehen brauchte —
hat auch mir keinen tiefen Eindruck gemacht. Die Frage ist: bin
ich kühl geblieben, weil ich von vornherein gewiß war, vor
diesen und jenen Schauspielern unter allen Umständen kühl zu
bleiben, oder haben sich auf der Bühne sichere Wirkungen des
Buches als unwirksam, mehr oder minder ernste Gefahren als
tödlich erwiesen? An den Schauspielern allein kann es — davon bin
ich nach erneuter Lektüre überzeugt — nicht liegen, und es wird
zu unterscheiden sein, welche Elemente in Schnitzlers Dichtung
undichterisch sind, welche der Kunstform des Dramas und dem
besondern Wesen der Bühne widerstreiten, und welche von der
einzelnen Aufführung dieser einen Bühne nicht bewältigt wurden.
Marie Moser lechzt nach Leben, nach Liehe. Der Mann,
den sie einmal gesehen und nie mehr vergessen hat, wird am
nächsten Tag in den unentrinnbaren Tod reiten und wartet auf
sie. Sie vergiftet ihren achtzigjährigen schwerkranken Vater, der
sie gewaltsam an sein Lager gefesselt hält, und stürzt zum Ge¬
liebten in die Kaserne. Dort muß sie, hinter einem Vorhang
versteckt, erleben, „wie Frauen betrügen, locken, lügen, ehrlich
sind und sterben, wie Männer zittern, spielen, höhnen und töten“.
Sie sieht, wie der Oberst ihrem Max seine Irene erschießt, weil
sie zufällig Frau Oberstin ist. Das hindert Marien nicht, den
Leutnant in ihre Arme zu reißen und ein einziges Mal glücklich
zu sein, „wie kein menschliches Wesen jemals war.“ Am nächsten
Morgen erschießt Er sich für die andre und läßt sie in Reue und
Verzweiflung zurück. In der Natur wird sie sich langsam zu
einem neuen, stillen, lichteren und leichteren Leben durchfinden ....</Unicode>
            </TextEquiv>
        </TextRegion>
    </Page>
</PcGts>
