3484 4352
867 255 915 314 d
250 250 1385 340 19. berLebens
493 676 947 758 Bohemia Nr. 55.
538 787 1403 844 Die Frau des Regimentsobersten ist noch
443 822 1388 883 einmal zu Max gegangen, der ihr Geliebter war.
447 870 1399 929 Der Oberst erwischt sie in der Stube des Osfizierd
457 919 1398 991 und erschießt sie. Dem Lentnant bleibt nichts
447 956 1404 1003 anderes übrig, als den Mord auf sich zu nehmen
451 997 1398 1056 und sich, ehe der Tag graut, gleichfalls eine Kugel
454 1039 1405 1098 durch den Kopf zu jagen. Vorher aber will er
457 1088 1394 1136 noch die Nacht mit Marie genießen, und so un¬
452 1134 1410 1190 gehenerlich dies erscheint, so stürmen beide doch
460 1181 1397 1223 von der Leiche der ermordeten Frau hinweg zu
449 1203 1411 1266 wohllüstigstem Genusse. Am nächsten Morgen
463 1254 1401 1318 erschießt sich der Offizier. Marie bleibt am
455 1297 1409 1350 Leben. Wie sie ihre Existenz trotz all der furcht¬
454 1336 1406 1396 baren Erinnerungen ertragen kann, das ist das
467 1381 1400 1444 Problem des Akts, das derselbe nur unklar beant¬
463 1420 1398 1480 wortet. Wird noch einmal an Marie der volle,
452 1456 1410 1524 reine Ruf des Lehens ergehen? Ist das Leben
464 1505 1407 1567 und Atmen alles? Diese Fragen werden aufge¬
455 1543 1405 1606 worfen; aber es bleibt bei einem Spiele mit
459 1603 655 1680 Worten.
553 1617 1416 1702 So ist das Drama mit aller Gewaltsamkeit
465 1684 1415 1741 der Handlung und mit mit all seinen balladen¬
465 1716 1402 1784 haften, manchmal an den „Rosenmontag“ anklin¬
467 1759 1405 1821 genden Stimmungen in der Sphäre befremdender
469 1797 1418 1858 Unbestimmtheit geblieben. Die herzliche Wärme,
475 1837 1407 1912 mit der Schnitzler seine Probleme zu erfassen
476 1888 1407 1956 pflegt, ist auch hier nicht zu verkennen. Manches
465 1945 1408 2005 schön en pfundene Wort erklingt, aber alles ist zu
474 1970 1420 2036 sehr erklügelt, als daß man sich auch nur einen
475 2013 1421 2074 Augenblick dem Dichter ganz gefangen geben
469 2047 1418 2112 könnte. Die Darsteller zeigten sich nicht alle auf
479 2095 1418 2164 gleicher Höhe. Die männlichen Darsteller blieben
473 2141 1412 2220 hinter den weiblichen zurück, unter welch letzteren
473 2175 1421 2248 besonders Irene Triesch als Marie hervorzu¬
477 2244 685 2306 heben ist.
635 2305 1419 2375 „Das schöne Prag“. Nux noch eine
469 2351 1417 2422 Woche trennt uns vom Schlusse der Ausstellung
479 2395 1426 2471 und heute ist der vorletzte Sonntag, an dem die¬
475 2443 1427 2508 selbe geöffnet ist. Das Interesse für die Aus¬
477 2482 1429 2555 stellung zeigt sich nicht nur in dem gleichmäßig
476 2529 1438 2593 starken Besuch, sondern insbesondere auch in der
483 2584 981 2667 lebhaften Kaufbewegung.
569 2600 1414 2671 Seit der letzten Nachricht sind nämlich folgende
482 2663 1428 2723 Werke in den Privatbesitz übergegangen: Kat.=Nr. 258,
477 2688 1418 2754 Franz Schembera: „Uebersicht der Stadt Prag“; Kat.=
475 2726 1432 2783 Nr. 184, Josef Barta: „Prag am Abend“ (dreimal);
483 2770 1426 2834 Kat.=Nr. 160, A. Hofbauer: „Plakat“ (dreimal); Kat.=
487 2794 1433 2870 Nr. 155, Josef Sembera: „Uebersicht von Prag“;
491 2850 1426 2913 Kat.=Nr. 58, 212, 213, 214, 217, 219, 222, Zdenka
488 2885 1416 2950 Brauner: „Die Wschehrdgasse“ „Die Plattnergasse“
497 2902 1425 2985 „Der Waldsteinplatz“, „Meißlgasse“, „Insel Kampa“.
486 2931 1430 3031 „Katzengasse“ Leouardiplatz": Kat.=Nr. 85, Bl Hof¬
489 2989 1434 3076 mann: „Rabbinergasse"; Kät.=Nr. 220, J. Benda:
489 3031 1436 3091 „Saazergasse"; Kat=Nr. 95, J. Zamponi: „Türme
482 3069 1434 3139 der Teinkirche"; Kat.=Nr. 206, 207, Viktor Stretti:
487 3109 1433 3168 Zum Neujahr 1905“, „Die Niklaskirche": Kat.=Nr.
500 3141 1431 3215 201, Richard Teschner: „Die Meißnergasse“; Kat.=
499 3184 1297 3259 Nr. 149, Johann Safarik: „Die Niklaskirche“.
502 3242 621 3309 —
759 3287 1161 3389 Gerichtssaal.
588 3374 1453 3439 * Geschworenenauklosung. Bei der gestern
504 3413 1447 3480 unter dem Vorsitze des Herrn Hofrates Dr. Wo¬
501 3449 1436 3521 kaun abgehaltenen Auslosung der Geschwornenen,
508 3487 1443 3563 bei welcher die Staatsanwaltschaft durch Herrn OLG.
495 3528 1443 3581 Morstadt und die Advokatenkammer durch ihren
502 3566 1450 3628 Vizepräsidenten Dr. Körner vertreten war, wurden
495 3598 1443 3671 ausgelpst als Hauptgeschworene die Herren:
501 3637 1442 3698 Josef Blaha, Hausbesitzer in der Stadt Weinberge,
506 3678 1448 3739 Karl Bohakek, Hausbesitzer in Nusle, Mathias
500 3711 1460 3782 Brebta, Oekonom in Liebschitz, Josef Hamrnik Guts¬
503 3741 1465 3832 behtzer in Wokowitz, Josef Herr, Oekonom in Kundra¬
505 3783 1457 3862 titz. Karl Höfer, Sekretär in Branik, Franz Holovsky,
514 3835 1457 3901 Oekonom in Nautonitz, Karl Kleteschka, Fabriksdirek¬
513 3869 1451 3936 tor in Smichow, Jaroslaw Konkal, Oekonom in
513 3912 1460 3970 Hostiwak, Josef Kovarik, Privatier in Tiebetau, Joh.
515 3937 1456 4009 Kubikek, Baumeister in der Stadt Weinberge, Ema¬
506 3976 1458 4045 nuel Landa, Oekonom in Tetin, Loskot Selcher in
512 4018 1459 4084 Smichow, Franz Miskovsky, Realitatenbesitzer in
510 4045 1466 4132 Hoch=Lieben, Ferdinand Nikek, Handelsmann in Fe¬
513 4086 1461 4157 bekweteletz, Josef Nolé, Oekonom in Oberpokernitz,
518 4129 1460 4194 Wenzel Pavlicek, Oekonom in Zamach, Wenzel Petr¬
1117 4169 1450 4228 Meinberde, Krand
1553 226 2002 323 box 24/1
2459 736 2823 824 Telephon 12801.
1946 836 2636 973 „OBSERVER“
1757 940 2856 1044 I. österr. behördl. konz. Unternehmen für Zeitungs-Ausschnitte
1942 1007 2680 1100 Wien, I., Concordiaplatz 4.
2164 1071 2472 1142 Verfretungen
1767 1126 2868 1189 in Berlin, Budapest, Chicago, Christiania, Genf, Kopenhagen,
1778 1169 2874 1235 London, Madrid, Mailand, Minneapolis, New-York, Paris, Rom,
1930 1208 2714 1265 San Francisco, Stockholm, St. Petersburg.
2160 1241 2890 1317 nellensbgabe ehne Gesühr) rablatt, Wien
1913 1259 2214 1331 Illustrirtes
1772 1325 2183 1396 Ausschnitt aus;
2114 1335 2332 1434 2. M6
1777 1436 1930 1491 vom:
1906 1488 2845 1640 15 Aus Berlin, 25. Jebruar, wird uus teie
1845 1544 2851 1691 gmet: Riluer Schnlolers vieseiges Schen¬
1838 1605 2867 1738 spiel „Der### hatte bei der
1848 1648 2857 1773 gestrigen Erstaufführung im Leising=Theater
1851 1679 2858 1819 starken, zuletzt jedoch bestrittenen Erfolg, der
1858 1716 2859 1861 ander honnte noch seden uche nchrlachen der¬
2616 1758 2862 1846 wohl stark
2749 1793 2863 1869 ##s
1853 1803 2610 1917 vorusen folgen. Die Handlung is
1860 1837 2662 1946 an äußeren Ereignissen, doch hent
1859 1855 2880 1986 schleppende Tempo des immer geistreichen, manchmal
1861 1900 2874 2038 dichterisch tiefen Digloges die Spannung in den
1875 1938 2886 2080 ungewöhnlichen und ziemlich erassen Vorgängen auf.
1871 1986 2885 2113 Gespielt wurde durchwegs gut. Die Trieich, Marr.
1873 2032 2893 2161 Bassermann und Reicher waren glänzend, Rittner
1887 2076 2872 2203 schien aus seiner Rolle nichts Rechtes machen zu
1881 2098 2905 2236 wenen und Eie Schmann mäte ich mit angr 690
2729 2176 2925 2262 —
1876 2211 2309 2300 undankbaren Partie.
2569 2502 2925 2577 Telephon 12801.
2728 2602 2818 2665 99
2068 2625 2772 2719 „UDSERVER
1869 2708 2984 2770 I. österr. behördl. konz. Unternehmen für Zeitungs-Ausschnitte
2067 2756 2798 2848 Wien, I., Concordiaplatz 4.
2289 2833 2591 2890 Vertretungen
1881 2871 2983 2922 in Berlin, Budapest, Chicago, Christiania, Genf, Kopenhagen,
1883 2917 2975 2977 London, Madrid, Mailand, Minneapolis, New-York, Paris, Rom,
2036 2963 2803 3023 San Francisco, Stockholm, St. Petersburg.
2225 3001 2634 3060 (Quellenangabe ohne Gewähr.)
2567 3010 3016 3148 ###35 Zeiturg
1884 3064 2282 3148 Ausschnitt aus:
2233 3101 2500 3208 460-106
2175 3158 2404 3237 RUR T•
1892 3182 2210 3275 vom:  #
1936 3241 2945 3319 (Ein Stück Artur Schnitzlers.) Artur
1915 3280 2943 3369 Schnitzters dreiaktiges Schauspiel „Der Ruf des
1916 3350 2944 3420 Lebens“ hatte bei der vorgestrigen Erstaufführung
1911 3383 2947 3485 im Lessing=Theater in Berlin einen starken, zuletzt
1921 3441 2937 3527 jedoch bestrittenen Erfolg. Der Autor konnte nach je¬
1927 3484 2948 3566 dem Akte mehrfachen Hervorrufen folgen. Die These
1924 3532 2950 3630 des Stückes, daß mancher dem Rufe des Lebens zu
1929 3581 2949 3676 folgen glaubte, und daß dieser Ruf doch trügt, indem
1924 3628 2958 3708 er ins Verderben lockt, wird in ener stellenweise
1934 3675 2956 3770 spannenden, zumeist jedoch — bei allerdings recht
2194 3726 2967 3808 Sentenzen — sich hinsch eppenden
1928 3759 2153 3828 geistreichen
1941 3775 2961 3871 Handlung durchzuführen versucht. Gespielt wurde
1938 3830 2969 3916 durchwegs gut. Besonders glänzend war Marr in
1927 3867 2971 3955 der Rolle eines siechen, verbitterten und doch am Le¬
1918 3940 2416 4032 ben hängenden Greises.
