3484 4320
923 251 1021 314 de
1140 242 1431 337 Lebens
1595 243 2063 339 box 24/1
295 248 1168 349 19. Der Ruf a.s I
1282 285 1463 346 —11S
2874 1174 3088 1234 egere
1479 1206 3394 1301 W
768 1174 976 1327 Ah
1377 1292 2260 1347 achiet, will die Erinnerung an diese Episode
3210 1290 3367 1341 Max i
2273 1289 3156 1344 Form des Selbstmordes erfand, macht ihn aus
3155 1323 3395 1387 dem die Ei
1363 1326 2252 1386 gerade für immer entschlummern. Der Oberst
2275 1339 3148 1387 ziehend und bewundernswert, wie einen Künst¬
457 1179 1360 1419 vertut des Lebene.
3159 1371 3388 1431 treist ihm
1366 1371 2258 1431 weckt sie auf. reist sie empor, jagt sie vor sich
2265 1385 3151 1443 ter. Saß seine Rachgier diese wundervolle
3158 1388 3404 1480 Sieser=Wen
1369 1410 2263 1480 her, zündet sie an, bis es endlich so weit ist:
505 1395 1366 1476 Schauspiel in drei Atten von. Arthur
2262 1420 3157 1481 Pallade natrietischer Opferfrendigkeit ersinnen
3151 1453 3391 1527 zuui eine
1378 1459 2249 1516 Die blauen Kürassiere wollen alte, Schuld be¬
468 1451 1358 1530 Schnitzler. Erstaufführung im Lessing¬
2261 1457 3161 1512 toume, mach ihn zum Dichter. Und daß er
607 1499 724 1539 g
3156 1499 3387 1556 Lauernd fr
1367 1501 2256 1558 zahlen. Dem sicheren Tod weitt sich das Regi¬
2267 1503 3156 1563 sich, pterbend, vom Hahnrei szum Heros zu wast¬
454 1500 731 1574 Theätet“
2253 1538 3396 1607 kein vermag. öffner einen unermößlichen Treff=] Mar nsch
1365 1552 2263 1607 ment. Keiner wird lebend aus der=Schlacht
518 1527 1353 1595 Der Oberst, der die blauen Kürassiere be¬
3151 1590 3379 1643 wischenz wi
2256 1580 3157 1651 wie in die geheimen Untergründe vieler
1366 1582 2258 1653 zurückkehren. Als eine Gnade hat's der Oberst
463 1583 1358 1655 fehligt. Ein leicht verwundbarer Mann. Denn
3150 1629 3398 1684 dovennche
2267 1627 3148 1688 srommer Legenden. Durch Schnitzlers Schaus
1359 1625 2254 1690 vom Kaiser erbeten. Seine Offiziere, seine
464 1625 1357 1695 er ist geistreich und er ist stol: Und niemanden
3159 1670 3385 1740 Maz wrd
2256 1670 3151 1733 sniel wandelt er wie ein schöner Todesgett.
1372 1672 2261 1736 braven Reiter jübeln ihm zu. Er#aber ist zu¬
463 1673 1361 1732 gibt es ja, der so empfindlich wäre, wie die
3152 1713 3390 1780 Oberst Zw
2262 1717 3148 1783 ##ie ein hober Herr über das Schicksal der
1368 1721 2257 1781 frieden. Denn jetzt hat er das Spiel glängend
458 1727 1356 1782 Stolzen und Geistreichen. Auch ein leicht besieg¬
2256 1754 3157 1816 anderen. Durch seinen Willen vollzieht sich alles,
3152 1752 3383 1813 Ende. Jed
1372 1762 2264 1836 gewonnen. Jetzt schlürft er Vergeltung. den
469 1762 1361 1824 barer Masin. Denn die erste Abendkühle des
2257 1803 3152 1860 ### geschießt. Der Bann des Sierbeus, den er
1369 1808 2247 1863 füßesten Trank, in nesen Zügen. Mehr noch:
461 1803 1365 1881 Alters hat ihn leise schon angeweht, und die
2259 1845 3154 1909 ##e die Menschen hingebreitet hat, treibt all
3161 1839 3401 1898 losen Fran
1362 1844 2256 1914 was konnte ihm dieser Krieg denn darbringen?
463 1848 1361 1902 Liebe zu einer jungen Frau hält ihn gefangen.
2274 1884 3149 1951 ihr Wünschen, all ihr Tun zn raschem=Auf¬
3151 1888 3397 1940 dem Mar
1367 1887 2245 1948 Ein Zufalls=Sternen, das so viele erleiden?
462 1889 1363 1956 Er weiß es, daß die Frau ihn betrügi. Mit
2267 1922 2501 1984 flammen.
3156 1929 3371 1994 Schicksal,
1371 1927 2257 1984 Die Heimsehr mit einem Orden, als General?
456 1917 1362 1998 irgend einem frischen Leutnant, mit zweien, mit
1365 1981 2260 2035 Es werden viele mit Orden und Würden heim¬
2316 1961 3149 2041 Da snt Marie, das blasse Mädchen, bei
456 1980 1351 2037 dreien vielleicht. Geist und Stolz verbieten ihm,
3150 2000 3210 2076 2
1358 2034 2253 2084 kehren. Er aber ist der Einzige, der beim Aus¬
2258 2024 3147 2073 ihrem alten tramten Vater frendlos in dumpfer
467 2024 1353 2084 sich die Landläufige „volle“ Gewißheit zu ver¬
1367 2065 2248 2123 marsch, der vom eriten Augenblic an des höch¬
2260 2068 3149 2134 Stuhe. Einmal hat siehvom Waldfrieden im
460 2060 1363 2130 schaffen. Er ist viel zu geistreich, als das er
1368 2111 2251 2163 sten Ruhmes sicher ist. Er reitet in den Ted.
2272 2110 3144 2173 Fersthäus geträngit. Dan aber kam eine
455 2116 1352 2177 noch glauben könnte, es sei Rache, dies heimliche
1374 2153 2249 2213 Was. tuts Es ist die Miusterblichfen! Uns nicht
3152 2150 3256 2204 volle
2259 2153 3159 2206 Nach#, eine einzige, da hielt ein junger Kürassier¬
459 2161 1354 2213 Spiel nach der Art eines gewöhnlichen Hahn¬
3159 2193 3376 2252 Lebens vor
1357 2186 2240 2252 kloß die Ehre in wieder sein, auch die Rache. Weich
2259 2189 3146 2247 sie geim Klang der Walzer, im #rm# Und das
453 2204 1348 2253 reis plump aufzudecken. Viel zu stolz ist er,
3154 2235 3380 2291 ist ein Schi
1368 2244 2243 2289 eine Rache! Alle die vielen frischen, blühenden
2260 2230 3155 2295 fühlte Marie, es gäte noch ein höheres Glütk.
453 2240 1348 2303 um auf allen Spuren zum Hetzhund seiner Eifer¬
3154 2281 3379 2341 und jegliche
1357 2281 2254 2348 jungen Meuschen, denen die treulose Frau zu¬
2258 2285 3165 2347 als das trauliche Behagen an der Seiteeins
460 2272 1364 2349 sucht herabzusinken, mit bebenden Flanken. mit.
3149 2322 3380 2383 Gleichwertig
1374 2321 2246 2374 gelächelt hat, alle, alle, nimmt en mit sich.
2255 2329 3153 2403 bürgerlichen sittsamen Frauadjunken. Der junge
453 2326 1351 2389 jappendem Atem, wütend, suchend. Mürdelos
1206 2370 1350 2428 Alles
3150 2362 3384 2430 ausgesproch
1365 2371 2249 2434 Keiner wird fehlen. Auch, diejenigen, die ihnbe¬
457 2363 1167 2430 seine Schmach dem Gelächter preiszu
2257 2368 3146 2421 Kürassier hat fit gebeten: laß mie nicht warten.
3150 2402 3382 2473 somen Sch
460 2405 1352 2470 verbeißt er in sich hinein. Blutet still nach innen.
1364 2417 2250 2488 trogen, die sein Bett geschändet, die eiwa seiner
2257 2407 3149 2491 Aber der trante Vater hiest sie gefangen. Und
3146 2448 3380 2508 ein Duft 9
2258 2456 3141 2500 mm hört sie, daß die blauen Kürassiere morgen
462 2454 1351 2514 Steht da, ohne Gegenwehr zu üben, und blickt
1368 2461 2248 2521 gespottet haben, werden mit dabei sein. Be¬
3149 2489 3378 2561 scher Lands
2253 2492 3148 2563 in den Tod reiten. So. viel Jugendfoligkeit,
1365 2505 2248 2559 mütig und in Langer Ehrfurcht vor ihrem hel¬
457 2487 1358 2555 nur mit hochmütigen, talten Augen über seine
3141 2538 3384 2596 niemals vo
2257 2533 3152 2610 Lieve, Rausch und Lust des Lebens versäumt,
446 2536 1352 2590 Verzweiflung hinweg. Alles, was es sonst an Ver¬
1354 2538 2238 2602 denhaften Führer werden sie hinter ihm her¬
3144 2582 3381 2639 haftete.
2256 2585 3148 2649 und so turze Frist, es einzuholey. Da eilt sie
451 2585 1357 2636 gektung. an Strafen, an Genngtnung gibt,
1360 2595 2244 2655 reiten und sich morden lassen. Eingehüllt in
3147 2625 3372 2679 österreichisch
2259 2626 3148 2702 hinweg über ihres Vaters Leiche, in die Stunde
454 2630 1346 2690 widert seinem Feinschmeckersinn; ist ihm zu
1357 2632 2255 2696 eine Wolke von Jugend, von Jugend umdröhnt
2248 2664 2528 2740 der Jugend.
3270 2669 3364 2732 vic a#
3146 2669 3266 2727 man
456 2665 1351 2721 banal, mauvais geure, Armeleni=Speise. Er
1356 2672 2251 2742 und umklirrt wird er dem Tad entgegensprengen,
3142 2709 3259 2778 Täler
449 2718 1269 2780 schmachtet nach auserlesenen Katastrophen.
1352 2718 2247 2778 wird einziehen in das Schattenreich mit einem
2311 2711 3144 2802 Die todgeweihie. Katherina, ist da. Zwei
499 2766 1351 2822 Da bringt ihm der Zufall diesen Krirg. Für
1352 2767 2241 2829 Gefolge, dessen kein Fürst der Schlachten sich
2257 2761 3141 2850 Schwestern schen santen vor ihr ins Grab.
3142 2776 3203 2848 11
450 2799 1347 2870 einen Geringeren wär es die Lösung gen en:
1362 2805 2234 2865 rühmen dürfte, wird dahinfahren wie ein Wet¬
2245 2815 3131 2883 Jungfrauen, von frühem Sterben ereilt. Auch
3299 2841 3389 2900 seing
3135 2840 3219 2907 se
448 2831 1359 2917 Der Abmarsch, Gefahr, Tod .. und das alles¬
1360 2848 2243 2897 tersturm, wird in der brausenden Schönheit
2241 2864 3133 2930 I auf Katherinens Waugen find im „Winter die
3143 2881 3391 2945 Basserm
459 2897 1348 2951 unspannende Wer weiß? des nahen Kampfes.
1348 2879 2240 2951 seintes Sterbens ewig leben. Der Oberst, der die
2250 2905 3143 2968 Rosen erblüht". Aber an den jungen tod¬
3138 2920 3392 2982 von der nach
457 2930 1340 3004 Dem Obersten, der die blauen Kürassiere be¬
1353 2939 2233 3006 blauen Kürassiere befehligt und dem Schicksal
2257 2955 3132 3018 geweihtn Männern lernt sie die mänadische
3138 2971 3380 3025 burgischer
1360 2982 1540 3048 gehietei.
457 2960 1351 3031 fehligt, ist dieser Krieg nur ein Mittel, sein
2251 3003 3140 3063 Wonn des Abschiednehmens. Sie wird Ab¬
3137 3013 3381 3071 Mariens B
452 3017 1346 3083 Schicksal wieder an sich zu reißen, dieses Schick¬
1403 3032 2241 3096 Dieser funtelnde, faszinierend stolze Mann,
2245 3040 3143 3094 schied nehmen, wird zu jedem, der jung ist und
3142 3056 3376 3125 selost war
454 3059 1343 3130 sal, das ihn besiegt, zu Boden geworfen und
1350 3049 2242 3141 der nur einmal, und flüchtig nur uns vorüber¬
2249 3087 3135 3152 schön und der ihr gefällt, hingehen, wird ihn
3138 3101 3381 3155 geben muß
450 3109 1342 3178 geveirscht hat. Die blauen Kürassiere sind vor¬
1358 3116 2247 3183 schreitet, ist mir dennoch die wichtigste, die
2247 3129 3136 3197 tüssen, wird ihm gehören, wird von ihm Ab¬
3129 3144 3391 3202 zend. Son
447 3158 1347 3217 dreißig Jahren einmal aus einer Schlacht ge¬
1353 3163 2245 3219 größte Gestalt, die das Stück enthäli. Daß
2252 3169 3383 3242 schied nehmen. Denn bald, schon bald muß sie] Dichter vie
444 3189 2752 3288 slohen. Halb vergessen, von wenigen nur be= 1 seine Verachtung des Daseins so ungeheurej jn fort aus dieser Weli.
