3436 4352
259 147 1499 243 19. Der Ruf des Lebens
1564 144 2019 250 box 24/2
2620 793 2746 882 297
1723 799 2130 892 Die Berliner Theater.
1114 908 2735 978 zuschreiben und ihm Dichtungen, denen es im Innersten kühl und fremd gegenüber¬
176 907 714 975 M. Synge, deutsch von
1123 961 2739 1022 steht, allmählich durch die Konsequenz aufzuzwingen, mit der sie aufgeführt werden,
169 967 714 1030 wegen ihres poetischen und
1115 1000 2750 1049 auch wenn sie den Widerspruch der Kritik und von den Zuschauern mehr Ablehnung
164 1010 726 1072 Die Legende spielt sich auf
1109 1056 2744 1109 als Zustimmung erfahren haben. Die Atmosphäre der „Moderne“, die um alle
163 1052 711 1120 m Osten Irlands, in irgend¬
1111 1112 2746 1163 Darbietungen des Lessing=Theaters schwebt, und die charaktervolle Persönlichkeit des
177 1106 733 1173 Martin und Mary Doul,
1114 1148 2737 1208 Direktors üben einen suggestiven Einfluß auf das Publikum Berlins aus; es
160 1144 723 1215 ssitzen am Wegrand bei der
1121 1193 2738 1240 wagt nur im seltensten Falle im Lessing=Theater seine eigene Meinung zu haben.
192 1196 726 1260 ihr dürftiges Leben durch
1117 1242 2736 1304 Dies hat den beiden bedeutendsten Neuigkeiten des Theaters, dem Schauspiel: „Stein
192 1248 717 1313 zankend und doch seelen¬
1108 1295 2735 1346 unter Steinen“ und der Komödie: „Und Pippa tanzt!“, trotz ihrer kühlen Aufnahme
156 1285 712 1358 Mary in Martin einen statt¬
1110 1336 2749 1382 bei der ersten Aufführung, eine lange Reihe von Wiederholungen gesichert. Mit dem
196 1343 721 1402 die jungen Burschen und
1119 1384 2727 1449 Schauspiel in vier Akten von Hermann Sudermann „Steinunter Steinen“
179 1384 727 1457 seines Weges, durch Wald
1113 1441 2736 1490 eröffnete das Lessing=Theater am Sonnabend, den 7. Oktober 1905, den Reigen
160 1435 716 1498 andern; er trägt in einem
1123 1486 2738 1539 seiner Neuigkeiten. „Du bist, verehrte Frau, du selbst sogar nicht fehlerfrei, nicht
182 1483 711 1544 runnen, das Blinde sehen
1110 1528 2734 1586 aller Mängel bar. Du schaust mich an — du fragst mich, was dir fehle? Ein
197 1526 710 1593 ar und den Heiligen ge¬
1106 1568 2727 1619 Busen und im Busen eine Seele", heißt es in Heines Gedicht „Unvollkommenheit“.
233 1577 273 1633 9
278 1577 722 1636 Nary und Martin ein¬
1118 1613 2737 1674 Auch dem Sudermannschen Drama fehlt der Busen und die Seele, die poetische Fülle
223 1621 722 1674 entsetzt, fallen mit groben
1108 1670 2750 1725 und die Individualität des Dichters. Sonst ist es das Meisterstück eines theatralischen
261 1669 707 1732 r, der euch das Augen¬
1115 1710 2734 1769 Handwerkers. Das Mitleid für die aus dem Zuchthause oder dem Gefängnisse ent¬
264 1719 349 1778 ken,“
375 1719 712 1778 sagt der Heilige,
1112 1745 2743 1821 lassenen Sträflinge wird geweckt, die Möglichkeit ihrer Besserung und Wiederkehr in
284 1759 714 1832 haut, auf zwei jammer¬
1108 1803 2733 1865 den Kreis der bürgerlichen Gesellschaft durch eine geschickt erfundene Handlung gezeigt
290 1811 699 1871 Den werdet ihr manch¬
1114 1851 2735 1915 und den Bestrebungen des Vereins für die Besserung und das Fortkommen der ent¬
266 1856 716 1913 Ströme, die sich ins
1112 1905 2727 1961 lassenen Strafgefangenen in der Gestalt des Steinmetzmeisters Zarncke ein Ehren¬
358 1904 712 1965 der Menschen nicht
1106 1943 2745 2000 denkmal gesetzt. Auf seinen Werkplatz hat der gutmütige Mann nicht nur einen
416 1953 712 2023 Harstigkeit nicht
1109 2016 2748 2060 ehemaligen Dieb als Arbeiter, sondern auch einen Totschläger als Wächter eingestellt.
441 1999 718 2057 hmied Timmy
1112 2056 2741 2091 Jakob Biegler hat mit dem Klopfstein, wie ihn die Schuster gebrauchen, in der Not¬
453 2042 710 2103 in die Arbeit
1108 2088 2740 2137 wehr den Schuster erschlagen, der ihn mit seiner Frau betroffen hat. Durch die
533 2090 703 2156 Munter¬
1116 2132 2741 2184 Unvorsichtigkeit eines Kriminalkommissars wird seine Tat den andern Arbeitern be¬
549 2144 713 2201 on dem
1105 2197 2736 2248 kannt die sich nun scheu vor ihm zurückziehen. Er gerät mit dem Steinmetzen
575 2186 715 2244 s dem
1106 2230 2741 2277 Göttlingk, dem besten Steinmetzen in der Fabrik, der auf seine stattliche Figur, seine
1114 2280 2732 2325 schöne Gesangsstimme ebenso eitel ist wie auf seine Wanderjahre in Italien, in
1120 2318 2739 2383 Streit, als dieser in der Kantine seine frühere Geliebte Lore roh behandelt und sich
1108 2383 2743 2431 rühmt, daß er das bucklige, heimlich in ihn verliebte Töchterchen des Prinzipals
1104 2424 2735 2492 heiraten könnte, sobald er nur wollte. Vor dem ihn bedrohenden Biegler, der ihn
650 2424 700 2481 in
1117 2461 2740 2522 aus der Türe weist, weicht der Prahlhans Göttlingk, trotzdem er kokett mit seinem
1114 2511 2737 2572 italienischen Dolche spielt, feige zurück. Um sich zu rächen, will er hinterrücks auf
1104 2560 2731 2615 den ahnungslosen Biegler, wenn er seine nächtliche Wachrunde im Hofe macht, einen
640 2570 693 2627 ige
1103 2603 2732 2672 nur schlecht befestigten Stein, der in Arbeit ist, herabstürzen; aber von Lore gewarnt
1118 2653 2727 2707 und vom Zufall behütet, entgeht Biegier dem sicheren Tode. Der Faden der Hand¬
636 2664 694 2719 zu
1110 2700 2745 2755 lung ist kräftig gesponnen und verliert sich niemals ganz in der breiten Schilderung
584 2710 697 2766 „und
1106 2747 2743 2804 des Zuständlichen. Die Gegensätze der Figuren, die Motive, aus denen sie handeln,
1108 2802 2739 2853 ihr Zusammenstoß sind immer verständlich und leiden nirgends an Unklarheit und
636 2802 700 2855 em
1114 2843 2737 2904 Künstelei; jede Gestalt vertritt eine Seite der Menschennatur; keine spielt sich auf
1105 2895 2732 2953 das Symbolische hinaus. Zarncke und seine Tochter sind mit besonderer Sorgfalt
638 2904 691 2951 en
1107 2940 2740 2988 gezeichnet und mit feinen humoristischen und sentimentalen Zügen lebenswahr und
1105 3000 2738 3049 liebenswürdig ausgestaltet. Die Dumpfheit des Gefühls und der Drang des
635 2993 704 3048 ner
1106 3037 2737 3091 Unbewußten kommen in Bieglers Haltung und Betragen, in seinem Reden und
1115 3085 2734 3139 Tun zuweilen zu gleich natürlichem wie ergreifendem Ausdruck. Trotz dieser Vorzüge
1103 3128 2741 3175 wird der Zuschauer oder der Leser nicht recht warm bei der Sache, das Stück leidet
1113 3181 2734 3237 an äußerer Plattheit und innerer Trockenheit, weil Sudermann den Vorgängen wie
1114 3222 2737 3264 den Figuren, mit einziger Ausnahme Zarnckes, gleichgültig gegenübersteht: er hat
1113 3266 2742 3314 sie nur mit dem Verstande erfaßt, aber ihnen nichts von seinem Herzblut gegeben.
1105 3316 2726 3369 Das Ganze ist grau in grau getönt, der Steinstaub liegt gleichsam auf allen. Man
1089 3371 2743 3444 wird von dem Eindruck nicht frei, als wäre das Stück nicht um der Kunst, sondern
