3436 4320
844 232 993 302 de
1482 236 2016 333 box 24/1
233 234 1395 336 19. Der Ruf „.s Lebens
175 1001 432 1097 Ner 1906.
2720 1007 3238 1118 Benische Zeitung.
885 1104 3254 1176 zurückzuschrecken, falls er sich nur neben seiner Schöpferwill=, nächsten Augenblick von der Pistole des sie überraschenden
175 1078 908 1215 und Musik. 41
885 1153 2061 1219 kür auch seiner Richt= und Sühnepflicht bewußt bleibt und
2059 1151 3251 1209 Gatten niedergeknallt zu werden. Als der Offizier, bei der
150 1187 735 1269 heater: „Der Ruf
886 1194 2059 1256 hinter diese Kapitalverbrechen einen tragischen: Preis setzt,
2063 1195 3251 1247 Leiche Irenes allein gelassen, zum Revolver greift, um auch
877 1237 2061 1290 der hoch genug ist, sie zu überschatten. Um bei Lebens
2051 1223 3255 1319 mit sich aufzuräumen, tritt Marie hervor und fällt ihm in
170 1233 886 1318 in drei Akten von Arthur
2066 1281 2605 1346 den Arm. „Bist Du's?
887 1279 2072 1353 willen zwei Leichen auf der Bühne — wenig, wenn es
2625 1278 3252 1352 .. Du warst hier? ... Und
880 1325 2065 1395 ein starkes stolzes von furchtbaren Taten und furchtbarer
2068 1308 3256 1383 bleibst? Und weißt, daß ich ein Ende machen muß, ehe
142 1308 877 1408 nd die besten Kritiker und Charak¬
2052 1357 2509 1436 die Sonne aufgeht?“-
2449 1363 3270 1446 .— „Ich weiß“ — „Und bleibsts“ —.
885 1373 2066 1427 Liebe erfülltes Leben ist, das da ruft; zuviel, zweimal zu¬
166 1377 875 1450 „Sterben“ — „Lebendige Stunden“
2564 1414 3253 1477 „Fort! Foct!“ und nimmt sie mit
2061 1397 2545 1477 „Ich bin gekommen.“ —
892 1411 2061 1477 wiel, wenn nur ein Spiel, ein Tand, ein Schaumgekräusel
207 1410 796 1482 „Der Schleiet der Beatrice“
2054 1451 3246 1513 dem einen, den Mantel mit dem andern Arm, hüllt sich und
895 1464 2064 1511 der Sinne oder eine Seisenblase des witzigen Kopfes da¬
178 1461 786 1528 Puppenspieler“ — „Liebelei“
2067 1500 3263 1573 sie darein und eilt mit ihr davon zur Liebesnacht. Warum
884 1489 1174 1577 hinter stect.
172 1503 881 1570 schon aus diesen Dramen= und
2054 1542 3249 1616 davon? Wäre es nicht noch balladesker gewesen, wenn die
166 1537 882 1618 Melodie seiner künstlerischen Sehn¬
952 1530 2047 1611 Was anders aber ist es, das Schnitzlersche „Helden“
2053 1583 3253 1660 beiden die Leiche Irenes gleich als Triltbrett zum Liehes¬
151 1568 801 1652 bieselben Prohleme, wenn auch
878 1591 2055 1655 Leben nennen? Die 26jährige Marie Moser, die sich tagaus
2066 1631 3273 1678 lager benutzt hätten? Man sieht, in welche Abgründe des
158 1638 862 1696 und Abwandlungen, um die er
883 1629 2056 1696 tagein am Krankeupelt ihres hämisch =tyrannischen, von
2065 1674 3257 1744 Ungeschmacks und der Gefühlsroheit sich ein Aesthet verlieren
172 1675 884 1745 Spiel des Daseins, die Unmög¬
882 1682 2059 1745 schwerer Gewissensschuld verwüsteten Vaters gefesselt
2060 1726 3244 1777 kann, der stets nur Impressionen seiner Phantasie nachjagt,
885 1715 2066 1788 sieht, ist eine aus der italienischen Renaissance ins öfter¬
147 1726 882 1788 rklichkeit, Sein und Schein von ein¬
2073 1764 3257 1822 und wie ihm sein immer nur den schönen Träumen und
880 1771 2061 1825 reichische Biedermeiertum der vierziger Jahre übersetzte
149 1766 885 1816 richtig aneinander abzuschötzen; das
2060 1806 3264 1865 Gemälden nachtaumelndes Genießertum das heilige Gefäß
888 1802 2068 1868 Stiefschwester der Beatrice Nardi aus dem „Schleier“. Auch¬
151 1810 886 1868 s zum Leben, zu den underen und
2052 1834 3263 1893 des Lebens, das dem Menschen zu verwalten gegeben, in
887 1846 2071 1923 sie lockt es mit heißer Stimme aus dem düstern Verließ ihrer
144 1852 879 1918 er eigenen Phantasie; die Stimme
2066 1891 3262 1953 eine hohle, verfoulte und verweste Schale umwandelt. Der
153 1900 889 1955 Grausen des Todes, das Schaudern
889 1898 2062 1961 Jugend hinaus ins pochende. lachende Leben. Seit sie eine
874 1919 2070 2009 Ballnacht mit einem jungen Offizier der blauen Kürassiere
2056 1935 3260 2001 letzte Akt besteht nur noch in müden Ausklängen und Re¬
154 1947 890 2001 Rausch des Lebens. Diese Probleme,
140 1987 879 2045 Kreis ist, könnten in die tiefsten Die¬
2060 1976 3264 2050 #slexionen. Vergebens versucht er, die S##le zusannnenzu¬
881 1986 2065 2041 durchtanzt hat, kommt die Sehnsucht nach ihm nicht mehr
2060 2017 3260 2097 flicken und nachträglich wenigstens mit einem Surrogat von
143 2017 890 2089 sdringen, wenn der, der sie auf¬
874 2021 2062 2090 aus ihrem Blut. Vergessen ist der solide Herr Forstadjunkt,
2069 2073 3268 2130 „Leben“ zu füllen. Offenbar ist dem Dichter inzwischen selbst
866 2060 2070 2137 mit dem zusammen in einem einsamen Forsthaus zu wohnen,
142 2070 878 2128 nVorbilde Ibsen das unerschütter¬
2075 2126 3263 2180 die schlotternde Angst vor seiner Verwegenheit in die Glieder
146 2115 873 2178 chkeitsbewußtsein einer starken Per¬
880 2123 2061 2173 ihr einmal so schön deuchte, und mehr als einmal hat sich
883 2166 2060 2217 ihre Hand gekrampft, dem röchelnden Leben des bösen
2068 2159 3264 2227 gefahren Er beruft einen seiner Räsonneure und gibt
148 2164 884 2215 und wenn seine künstlerische An¬
880 2199 2060 2258 Kerkermeisters an ihrer Seite ein schnelles Ende zu machen.
155 2201 879 2275 ingsgabe die Kraft besäße, die blassen
2062 2191 3261 2269 durch desen Mund zu bedenken, ob nicht vielleicht auth
870 2240 2070 2300 Da vernimmt sie daß das Regiment des Geliehten am
149 2250 885 2297 Phantasiegesichte, die vor ihm her¬
2062 2248 3261 2308 aus einer leuchtenden Mittagsstunde, aus einem sonnen¬
139 2284 875 2367 Ereignissen und Menschen von Fleisch
881 2279 2073 2342 nächsten Morgen ins Feld ziehen soll und daß es, eine alte
2068 2282 3268 2355 überschienenen Wiesenplan aus einem Strauß Blumen oder
136 2323 291 2400 allen.
886 2341 2063 2399 Regimentsschuld zu fühnen, bis auf den letzten Mann dem
2074 2339 3251 2391 einem versöhnten Abschied der Auf des Lebens so tief
887 2384 2064 2439 sicheren, unabwendbaren Tode geweiht ist. Diesem letzten
161 2362 889 2446 h dramatische Ideal hat er sich in
2069 2371 3261 2437 und rein erklingt, wie aus jener Stunds, wo sich Dinge
879 2419 2075 2485 Schrei des Lebens widersteht sie nicht. Jetzt oder nie! Ein
133 2412 876 2488 werk so leidenschaftlich gemüht wie
2063 2425 3267 2489 begaben, die so furchtbare und glühende Namen tragen,
153 2456 880 2525 8 Pianissima seiner Musikerkomödie
871 2470 2063 2526 paar Tropsen mehr von des Vaters Schlaftrunk in sein
2070 2468 3258 2534 wie Mord und Liebe. Ein Mord und ein Blumenstrauß
127 2513 871 2579 Behr überboten werden dürfte, sollze
884 2515 2060 2566 Trinkglas — und die Tür zum „Leben“ ist entriegelt.
2138 2515 3264 2570 gibt es nichts dazwischen, das den Namen Leben nicht
882 2548 2047 2614 Schnitzler hat in diesem ersten Aktschluß eine glutvolle, as
133 2550 872 2619 ng nicht vor der Geburt erdrücken,
2070 2556 3266 2622 nur trägt, sondern auch verdient und erfüllt? Wie aem
872 2585 2057 2650 Daseinsdrang unl Todesgrausen unheimlich gemischte Stim¬
188 2595 880 2661 So hat er denn in den beiden
2068 2604 3252 2678 und nackt muß eine Liebe sein, der „leben“ nicht mnehr ist,
124 2620 883 2709 ien Schauspies eine sich immerfort
869 2628 2062 2717 mung zusammengepreßt, und seine um immer neue Mittel
2066 2643 3254 2704 als ein Sinnenrausch, oder, wenn es hoch kommt, ein
150 2680 878 2746 e „Handlung“ angesammelt, daß das
866 2689 2066 2747 der Motivierung nicht verlegene Psychologie bringt es fertig,
2062 2690 3254 2756 Blumenouft, und die nichts anderes weiß auf Erden, „das
153 2717 881 2787 ddaß die Propheten einer leisen
868 2728 2064 2793 daß wir trotz alles Ekels und Schauderns mit der Bacchan¬
2070 2716 3266 2794 gewiß wäre", als noch da zu sein und die Sonne noch
133 2759 884 2837 Etimmungs= und Seelenkunst auch auf
873 2778 2073 2824 tin des Lebens über die Leiche dieses bösen alten Mannes
936 2818 2074 2879 er war es auch, der als ehemaliger Rittmeister jene
131 2817 871 2867 hnöden Verrat, den da ihr Liebling
2073 2727 2527 2874 Mdchehaichet
2520 2739 3263 2886 Sin, Doiel. Spiel — diese gate
138 2846 881 2927 Schrecken und Schauder die Hände
869 2848 2073 2922 Schuld der Feigheit auf sich geladen — aufrechten Hauptes
2071 2857 3251 2919 Kunst: „Mit Menschenseelen spiele ich; ein Sinn wird nur
872 2891 2064 2959 hinwegschreiten. Denn noch wissen wir nicht, womit Maries
135 2887 878 2966 nenschlagen. Mich gestehe ich, ver¬
2073 2893 3266 2970 von dem gesunden, der ihn sucht. Es fließen ineinander
870 2947 2074 3009 verworrene Sehnsucht nach dem „Leben“ diesen Begriff in
134 2948 870 3014 Gesellschaft dieser Klageweiber. Für
2074 2954 3262 3020 Traum und Wachen, Wahrheit und Lüge — Sicherheit ist
873 2977 2065 3047 Wirklichkeit ausfüllen wird und ob sich nicht aus dem Grau¬
171 2983 876 3057 gibt es Novellen und Gedicht¬
2073 2991 3165 3065 nirgend. Wir spielen alle — wer es weiß, ist klug.“
166 3030 867 3086 o ich mit Hunderten in demselben
883 3035 2064 3090 sen dieses Abends ein starker junger Morgen des wahrhaften
2152 3022 3267 3115 Es lohnt sich nicht, bei einem so in seinen Grundfesten
136 3070 872 3131 Bühne des Geschehens sitze, wo mein
878 3079 2067 3135 Lebens entringen wird. Sie kommt in die Kummer des
2068 3067 3256 3144 faulen Stück nach Einzelschönheiten zu suchen. Es sind
876 3124 2065 3190 Leutnants, wird durch herannahende Stimmen hinter die
138 3125 874 3191 nenflusses all des Fremden gar nicht
2069 3118 3284 3191 und bleiben Schmarotzergewächse, die uns kein inneres
872 3157 2072 3215 Vorhänge gescheucht und muß nun Zeugin sein, wie die
137 3163 873 3221 gen getrost ein paar Scherben klirren
2069 3166 3192 3232 Blühen vortäuschen sollen. Auch die Schauspielkunst de
132 3204 875 3259 inallen. Selbst vor einem Vater= und
874 3203 2074 3280 Gattin des Obersten den jungen Osfizier durch heiße Liebes¬
2064 3199 3291 3292 Lessingtheaters vermag uns nur für ftüchtige Augenblitke „
134 3259 3268 3307 ucht der moderne Dramatiker nichtI schwüre zur gemeinsamen Flucht zu bewegen sucht, um im den Glauben an die Wahrheit und Echtheit dieser Gebilde,
1162 3283 1290 3349 Se
1563 3295 2677 3365 e
2743 3299 2995 3365 ene
