3484 4352
327 191 1468 293 19. Der Ruf des Lebens
726 518 1514 648 Pr Nuse Saleg, Wie
638 765 1506 889 Theater und Minlik.
747 871 1365 954 Deutsches Volkstheater.
596 918 1617 992 Neu einstudiert und neu inszeniert kam auf dieser
491 973 1615 1052 Bühne Artur Sch##l##s Schaulpiel „Der Ruf
502 1017 1626 1076 des Lebens“ zur Aufführung. Das Stück, welches
497 1058 1619 1113 reich an dramatischen Szenen ist, fand abermals eine sehr
502 1099 1621 1151 freundliche Aufnahme. Die Hauptsiguren sind scharf aus¬
494 1136 1618 1198 gedacht, mit dramatischem Leben ausgestaitet und zu
508 1178 1614 1240 wirklimen Höhevunkten emvorgeführt. Im Mittelpunkte
505 1218 1611 1272 der Handlung stehen die blauen Kürassiere. Dos Regi¬
515 1244 1622 1316 ment hat vor 30 JahrensSchmach auf sich gelaben und
513 1290 1616 1358 um diese zu tilgen, haben die gegenwärtigen Offiziere bei
506 1339 1621 1383 Ausbruch eines neuen Krieges den Eid getan, daß keiner
498 1378 1625 1426 von ihnen aus der Schlacht zurückkehren soll. Schnitzler
515 1420 1625 1471 beweist nun fast an jeder seiner Landelnden Personen
515 1463 1627 1509 seinen Leitsatz, besonders aber an einem alten Feigling,
512 1503 1623 1561 der noch mit allen Fasern am Leben hängt, an dessen
504 1533 1625 1592 Tochter, die um ihrer Liebe willen zum Vatermörder
507 1576 1623 1634 wird, und an einer jungen, liebedürstigen Frau, die ihre
504 1614 1635 1668 Untreue mit dem Tode büßen muß. Selbst die dem Tode
514 1653 1628 1714 Geweihten durchzittert noch der Ruf des Lebens. Be¬
507 1698 1619 1745 sonders packend gestaltete der Dichter die ersten zwei Akt¬
520 1730 1630 1798 schlüsse, die auch das Publikum zu lauten Beisallsbezei¬
508 1783 1631 1831 gungen hinrissen. Diese galten jedoch nicht minder der
851 1825 1257 1896 S Pee   r
455 1924 1570 1987 vortrefflichen Darstellung. Eine Glanzleistung boi wieder
451 1972 1573 2026 Frau Erika Wagner als Oberstengattin. Kathi
468 2018 1567 2067 Thaller spielte die Tante schlicht und ergreifend.
457 2031 1573 2100 Fräulein Rosenquist suchte ihre Aufgabe zu beleben
447 2071 1574 2139 und nur an Fräulein Deuera vermißte man den
457 2124 1554 2180 wienerischen Ton und auch die erforderliche Sprechkunst.
458 2160 1555 2223 Ganz vorzüglich gestaltete Herr Ferdinand Onno den
454 2200 1561 2264 jungen Leutnant und auch die Herren Teubler
1319 2244 1566 2300 Werner¬
466 2235 1264 2301 (Arzt), Danneger (Forstadjunkt),
447 2282 1620 2332 Kahle (Oberst) und Rehberger (Albrecht) zeich=n
443 2327 1621 2379 neten ihre Rollen außerordentlich markant. Geradezu ein! 3
453 2362 1559 2421 künstlerisches Erlebnis bedeutet der alte Moser des Herrsi
451 2406 1555 2450 Karl Goetz. Lobende- Anerkennung verdienen##s# die
453 2441 1550 2514 stilgerechten reizenden Bühnenbilder, welche-Dr. Bernhard
453 2484 1373 2553 Reich diesmal auf die Bühne gezaubert hat.
596 2804 1696 2929 2- MAl 1919/1= Mähren und Schles
1159 2900 1363 2978 Bruen.
1095 2961 1432 3049 Abendblatt
468 2904 636 3044 4—
1192 3001 1707 3080 een ereit Huse u
565 3011 1093 3085 Wiener Theater. Dar 8
477 3043 1612 3108 Komtessenbühne, hät in einer Vormittagsvorstellung O
478 3091 1688 3156 Bergs ziemlich veraltet anmutende Revolutionsposse „1845“
472 3137 1688 3190 (mit Frau Medelsky und Mitgliedern von Privathühnen) ge¬
476 3185 1695 3245 bracht. Dezu spielte man Lange:s „Vereinsschwester“,
477 3221 1701 3277 in dex Frau Niese, ebenso triumphierend wie einst Frau Duse,
476 3264 1701 3315 füpkinen Sonntag ihren Einzug ins Franzensringhaus hielt.
538 3298 1698 3365 Sehr fleißig arbeitet Direkkor Bernau. im „Deutschen
455 3317 1692 3398 LVolistheater" In einer einzigen Woche bot er zwei neue
473 3387 1688 3443 Inszenierungen: Arthur Schnitzlexs. „Ruf des Lebens“
474 3408 1696 3482 (Danegger als Forstadfnüll, Flau Wagner als Oberstin
428 3461 1702 3515 jund Gät als Vater Moser waren vorzüglich) und den „Zare¬
473 3509 1696 3550 witsch“. Seltsam berührt es, wie das sudermannischeste Stück
481 3544 1691 3590 Schnitzeris heute farblos und verblaßt erscheint. Auch Gabriella
475 3580 1702 3639 Aapelstus „Berewitsch“, vom jungen Schildkraut glän¬
480 3626 1700 3671 zend dargestellt, wirkt nicht mehr so.=wie ehemals. — Dagegen
473 3664 1687 3712 hat verselben Dichterin Komödie „Die Moral der Frau
692 3708 1686 3749 dieses amoralische, effekt= (und für die Verfasserin
467 3698 695 3756 Dulss“
475 3745 1687 3791 auch E##enen=) reiche Sch#uswek, noch immer gezündet, wie am
475 3775 1695 3827 ersten Tag. als wir es in den Kammerspielen Camals Residenz¬
1355 3816 1694 3868 kennen kernten.
473 3819 1358 3863 bühne) mit seiner „Außen.=Kui, i# ven Pfui!“
473 3851 1683 3903 Die Palksbühne, die diese könliche, wenn auch nicht gött¬
472 3900 1712 3952 liche Komö##e wiederaufersteben ließ, sichert sich in der urdrol¬
457 3928 1737 3989 ligen und doch auch wieder stockernsten Frau Werbezirk als„
474 3975 1356 4046 hechgeschätzte Gastin von vornherein den Sieg.
1074 3987 1633 4082 Dr. Wilbelm Mymetal.
1640 186 2103 282 box 24/5
2019 529 2789 634 Ilustrierte Rundschau
2685 558 2883 643 v. 13/15
2355 599 2516 690 Wien
1881 672 3211 815 Aus den Theatern und Konzertsälen.
1998 802 3208 860 Deutsches Volkskhealer! „Der Ruf des Lebens" von
1873 840 2063 908 /A. Sch.)
2219 853 3213 899 Wir müssen fragen, warum diese quälende Komödie,
1873 892 3219 939 deren künstlerische Qualitäten — neben mancherlei Anfechtbarem — gewiß nicht
1870 932 3220 976 verkannt werden, jetzt, da die Revolution ihre Begriffe und Anschauungen
1873 978 3222 1022 großteils in alle Windrichtungen verweht hat, zu neuem Leben gezwungen
1883 1053 3225 1098 Schwerpunkt in die Tendenz verlegt werden müssen; statt der Gegenwart
1880 1094 3217 1140 ängstlich zu entrücken und sorgfältig die Stilreinheit zu wahren, hätte
1874 1132 3221 1188 man naturalisieren und modernisieren sollen; dann hätten auch die Mit¬
1880 1176 3218 1224 wirkenden leichteres Spiel gehabt. Gleichwohl war Fr. Wagner in einer
1883 1213 3218 1260 knappen, ekstatischen Szene von wunderbar konzentrierter Kraft und Echt¬
1872 1247 3229 1292 heit; auch Fräulein Rosenquist und die Herren Goetz und Onno
1875 1287 3241 1335 boten gutes Volkstheater; Herr Werner=Kahle schien im freien Ge¬
1877 1336 3225 1388 stalten behindert zu sein. Herrn Peubler entglitt die Figur und Fräulein
1878 1370 3205 1417 Denera übergriff sie. Die Marie ist nicht das brutal=brüske, kurz an¬
1874 1414 3209 1460 gebundene Mädchen, an das eine Frage zu richten man sich fast, fürchten
1877 1446 3205 1502 muß; die Figur hat Schnitzler, der ausgeseichnete Kenner des Weibes und
1877 1490 3217 1544 seiner Seele geschaffen und sie durch tausend Feinheiten uns verständlich zu
1880 1524 3117 1574 machen gewußt. Es gab den gewöhnlichen, lauten Galerieheffall. R.
3033 1565 3232 1622 —
2154 1835 3010 1955 Berlinen Börsen Courier, Berlis
2042 1916 2819 2051 2. 35 un0 Mogenausgabe
2019 2078 2984 2154 Wiener Theater. Uns wird berichtet: Am Deutschen
1958 2107 2888 2194 Volkstheater in Wien wurde Schnitzlers älteres
1955 2162 2727 2224 kangem nicht gegebenes Schausser
1947 2193 2373 2253 Lebens“ mit große
2553 2208 2787 2261 aufgenommen
2059 2231 2389 2294 cht verborßen blei
2526 2247 2839 2300 e, daß die inneren
2063 2271 2299 2329 handlung zien
2398 2277 2837 2339 ufgebraucht erschienen ur
2057 2312 2223 2363 das ein
2298 2320 2856 2388 zierschauspiel ist nur noch durch
2029 2348 2628 2401 ftlichkeit#####heatereffekte wirkte.
2010 2387 2521 2448 Neue Draman ##
1963 2697 2882 2794 Wen, . Consordraprars-
2829 2763 2948 2829 —
2092 2768 2781 2863 Illustrirte Kronen-Zeitung
2603 2961 2885 3039 —
2375 3006 2956 3077 Das Deutsche Volks¬
1984 3023 2968 3138 stheater haf“ nach längerer Zeit wieder
1994 3090 2934 3154 Schnitlers „Ruf des Lebens“ in nener'
1998 3117 2913 3203 Infzenierung ist den Spielplan ausgenommen.
2006 3174 2922 3254 Wie immer bei Schnitzler=Abenden waren Pur¬
1993 3216 2917 3296 kett, Galerien und Stehparterre bis auf das letzte
2004 3252 2913 3329 Plätzchen besetzt. Andächtige Zuschauer und auf
1995 3292 2914 3381 der Bühne Darsteller, die jedem Worte Innerlich¬
1996 3333 2903 3405 keit und Erleben verleihen, das sichert einen
2002 3372 2900 3449 schönen, erinnernswerten Theaterabend. Die Dar¬
1999 3418 2915 3504 steller Onno, Täubler, Werner=Kahle,
1983 3458 2907 3538 [Götz, der den alten, tranken Quälgeist mit einer
1986 3501 2914 3565 bravonrösen Natürlichkeit ausstattete, die Damen
1982 3537 2916 3626 Wagner, Rosenquist und. Deneral
1976 3577 2553 3652 wurden unzähligemal gernfer
