3484 4256
1477 243 2004 346 box 24/3
236 254 1375 356 19. Der Ruf des Lebens
1315 1221 1692 1313 Telephon 12.801.
1376 1337 1465 1396 4
699 1375 749 1435 —
736 1334 1428 1454 — „OSSEHVEN
590 1434 1673 1529 # österr. behördl. konz. Unternehmen für Zeitungs-Ausschnitte
723 1488 1557 1591 Wien, I., Concordiaplatz 4.
918 1570 1349 1648 Vertretungen
600 1625 1676 1691 in Berlin, Budapest, Chicago, Christiania, Genf, Kopen¬
585 1685 1671 1744 nagen, London, Madrid, Mailand, Minneapolis, New-Vork.
630 1715 1638 1785 Paris, Rom, San Francisco, Stockholm, St. Petersburg.
913 1762 1343 1819 (Quclienangabe ohne Gewühr).
574 1812 1755 1953 Ausschnitt aus Wiener Montags Journal, Wien
565 1906 726 1962 vom:
764 1897 1101 2021 K
713 2056 1441 2146 Kunst und Literatur.
565 2129 1697 2199 (Deutches Volkstheater.) „Der Ruf des Lebens“ nennt
465 2171 1695 2225 Schnitzler sein Schauspiel und führt uns einen bösen Traum
459 2221 1699 2269 vor, der mit einem Vatermord einer Tochter beginnt, mit
462 2256 1696 2304 einem Gattenmord fortsetzt und mit einem Selbstmord aus
466 2299 1689 2361 Lust endet. Abgrundtiefe Grübelei spricht aus den aufgestell¬
468 2345 1686 2403 ten Dogmen, die man nach Wert und Logik nicht prüfen darf,
454 2386 1338 2425 ohne zu einem argen Defizit zu kommen.
1343 2383 1694 2437 Die ganze, mit
461 2425 1697 2467 schauerlichem Pathos und todesfarbenen Grabestönen erzählte
466 2465 1697 2506 Geschichte klingt wie eine Bürgersche Ballade, nicht wie das
469 2501 1700 2539 Stück eines angeblich Modernen. Das soll der Ruf des Lebens
464 2531 1689 2599 sein, daß eine Tochter ihren Vater mordet, um zum Geliebten
464 2579 1695 2629 zu kommen? Daß der Offizier von der frischen Leiche der
458 2618 1693 2673 ermordeten Geliebten ins Brautbett einer andern steigt, die
467 2656 1692 2706 kleine verlassene Geliebte sich absichtlich zu Tode „liebt“. Mich
464 2692 1691 2758 will bedünken, Herr Schnitzler sei auf dem Sprunge, ein Todes¬
468 2737 1693 2782 geck zu werden. Wenigstens pflegen in dem Milien, in dem
466 2780 1692 2835 der Dichter jahraus, jahrein lebt, mitten im Glanz einer
462 2822 1692 2884 reichen Familie, von allem Luxus umgeben, verhätschelt von
457 2849 1673 2919 der Gesellschaft, in der er lebt, solche Anschauungen nicht auf¬
471 2905 1686 2955 zublühen. Entweder der Dichter affektiert diese abgrundtiefe
455 2932 1683 2995 Abschen vor dem Leben, oder er hat die Sammlungen düsterer
464 2986 1682 3033 Stunden zu einem Traumbild vereinigt, mit dem er uns den
453 2994 1681 3060 Ruf des Lebens also „vermiesen“ will. Seinen formenschönen
450 3056 1689 3114 Gedanken spenden wir gerne Beifall, aber zu dem Ganzen ge¬
453 3091 1684 3160 hört doch nur das beruhmte Wort des Kalchas: „Ramts mir
447 3126 885 3187 die Leichen weg ...
885 3136 1683 3191 Und die Berliner hatten recht, da ihnen
450 3182 1678 3227 das Stück gar nicht gefiel und unsere Kritik ist einfach feig,
533 3214 1666 3258 sie mit höflichen Windungen um diese Wahrheit herum¬
443 3241 1675 3311 kraucht... Was nützt die beste Darstellung solchen Stücken!
461 3290 1678 3340 Frl. Hannemann weiß die edlen Linien ihrer regelmäßigen
452 3325 1689 3393 Schönheit auch in ihr Spiel zu verlegen, ihr Talent für die
460 3373 1678 3431 klassische Pose reift, sichtlich heran. Frl. Müller verkörpert
448 3417 1683 3475 die rührende Sünde mit ihrem kinderfrohen Organ erschütternd,
461 3455 1689 3490 Herr Homma spielt den bösen Vater, Her Kutschera
455 3494 1683 3541 den guten Arzt, Herr Kramer den frischen Leutnant und
449 3536 1686 3592 Herr Weisse den kalten Obersten sehr gut. Sie sind aber
452 3583 1686 3634 alle so widersinnig, daß man auch dem besten Spiel nicht
449 3619 1676 3669 glaubt! Wann ließe wohl ein Arzt tödliche Schlafmittel in
451 3654 1690 3713 der Hand von Laien, wie kann ein Arzt die Potenz eines
451 3698 1690 3754 Mannes bei frischem Leichenblut dozieren ...! Die Aerzte
447 3729 1683 3816 werden sagen, Herr Schnitzler sei ein guter Dichter und die
450 3760 640 3830 Dichter,
638 3771 1673 3842 — na, die werden auf die nächste Korrektur warten...
2090 436 2228 514 e esschn
2316 454 2957 570 „UBSEHTER
2083 537 3177 630 # österr. behördl. konz. Unternehmen für Zeitungs-Ausschnltte
2215 606 3053 702 Wien, I., Concordiaplatz 4.
2420 673 2832 753 Vertretungen
2084 747 3161 806 in Berlin, Budapest, Chicago, Christiania, Genf, Kopen¬
2096 790 3162 838 hagen, London, Madrid, Mailand, Minneapolis, New-Vork,
2135 827 3134 888 Paris, Rom, San Francisco, Stockholm, St. Petersburg.
2417 866 2837 931 (Quelienangabe ohne Gewähr).
2082 905 2460 989 Ausschnitt aus:
2458 969 3050 1078 ggru- u Montags-Gourzer,
2077 1016 2577 1110 vom 1JBEL1505
2278 1176 2907 1283 Theater und Kunst.
2189 1269 3152 1340 Deutsches Volkstheater. „Der Ruf des Lebens.“
2064 1328 3164 1394 Schauspiel in drei Aufzügen von Artur Schnitzler.
2185 1365 3171 1440 Vor drei Jahren hat Schnitzlers jüngstes Werk
2063 1409 3163 1487 in Berlin das Licht der Welt erblickt und drei volle
2070 1471 3168 1557 Jahre mußten vergehen, ehe es den Weg in seine Hei¬
2063 1527 3166 1595 mat fand. Es war der Weg zum Leben. In der Fremde
2066 1575 3168 1629 ist es ihm nicht wohl ergangen, die Berliner sahen nur
2064 1623 3167 1694 das Theaterstück und dieses hat ihnen mißfallen, da¬
2066 1675 3172 1743 heim aber wurde es liebevoll empfangen, die Wiener
2061 1727 3166 1796 haben ihren Dichter verstanden. Es ist ein starkes
2062 1785 3167 1856 Stück, ein Stück mit krassen Effekten, und doch keines
2068 1827 3171 1896 von jenen, die mit äußerlicher Pose, mit leerer Thea¬
2069 1882 3182 1955 tralik ihren Knoten schürzen. Nicht an der Oberfläche
2066 1944 3184 1997 liegt der Gedanke, er durchdringt das ganze Stück, jede
2057 1984 3178 2042 einzelne Person. Nicht nur Marie, die von ihrem alten
2070 2029 3172 2094 kranken Vater in selbstsüchtiger Mißgunst in dumpfer
2060 2077 3176 2150 Stube verspert gehalten wird, wohin kein Strahl des
2068 2147 3183 2197 lichten Lebens dringt, wo sie dahinwelken muß, ohne
2069 2166 3180 2264 zu erfahren, was Freude, was Glück ist, nicht nur ihr
2070 2246 3183 2294 gellt der Ruf des Lebens so überlaut, daß sie dem Va¬
2060 2294 3165 2340 ter Gift gibt, um nur einmal in des Geliebten Arme zu
2059 2332 3163 2401 eilen, ehe es zu spät. Auch alle die Anderen lockt der Ruf,
2066 2379 3170 2442 bald laut, bald leise. Die kleine Katharina, die dem
2067 2443 3174 2506 Tode verfallen ist, wie ihre beiden Schwestern, stürzt
2073 2493 3172 2556 sich blindlings in den tollen Strudel, um dann, wenn
2061 2550 3178 2610 das letzte Stündlein kommt, nicht trauern zu müssen,
2073 2589 3179 2650 daß sie nie gelebt. Da sind die blauen Kürassiere deren
2068 2646 3178 2691 Regiment vor dreißig Jahren durch feige Flucht die
2066 2680 3181 2755 Schlacht verloren hat und die einander nun zugeschwo¬
2079 2743 3180 2801 ren haben, die Schmach ihrer Vorgänger zu tilgen, in
2081 2777 3178 2845 die vorderste Reihe zu treten und allesamt im Kampfe
2075 2825 3170 2902 zu sterben. Die Lust zu leben aber schreit in ihnen auf,
2079 2880 3183 2943 Albrecht eifert gegen das Schicksal, das sie unschuldig
2075 2946 3178 2997 büßen läßt, Max, der seinem Obersten die Frau gestoh¬
2079 2983 3185 3046 len, will nun zur Sühne in den Tod gehen, die Lockun¬
2080 3029 3188 3096 gen der Geliebten können ihn nicht wankend machen,
2082 3104 3179 3170 als aber Marie vor ihn tritt und mit ihr das Leben, da
2081 3127 3194 3196 stürmt er über die Leiche jener Frau mit ihr zu einer
2081 3180 3187 3239 letzten Liebesnacht. Des Obersten Leben aber ist der
2086 3221 3192 3299 Tod. Als er vor dreißig Jahren, ein junger Bursche
2090 3281 3190 3338 noch, in die Reihen der Krieger trat, da wurde eben
2089 3323 3188 3407 Frieden geschlossen, man hatte ihm vor seinem Lebens¬
2081 3388 3186 3450 wege die Thüre zugeschlagen. Dreißig Jahre mußte er
2077 3425 3195 3497 das als Spiel treiben, was ihm heiliger Ernst war.
2082 3475 3185 3562 Nun ist die Gelegenheit da. Ein neuer Krieg ist ausge¬
2078 3537 3190 3606 brochen und durch den Schwur der Offiziere sorgt er
2082 3590 3192 3655 dafür, daß er endlich im ersehnten Waffentanze stehen
2075 3631 3193 3690 werde. Vielleicht auch sucht er den Tod, weil ihn sein
2079 3680 3186 3740 junges Weib betrogen. Ihrem Verlangen nach Leben
2085 3724 3176 3792 macht er vorher durch einen raschen Schuß ein Ende.
2081 3775 3192 3852 Den stillen Forstadjunkten lockt das Leben in stillem
2080 3824 3191 3889 Jagdhaus am dunklen See, er wirft Katharina weg,
2075 3875 3191 3954 weil es in ihm nach Marie noch lauter ruft. Auch der
2082 3927 3185 3996 bejahrte Doktor Schindler fühlt ein Sehnen nach einem
2089 3973 3187 4057 andern Leben, als er bisher gelebt, in den Wechselfällen
2083 4021 3190 4097 des Krieges hofft er es zu finden, er wird Feldarzt. Er
2092 4067 3193 4149 denkt aber nicht nur an sich, er zeigt dem Forstadjunk¬
2094 4129 3184 4200 ten, zeigt Marie den Weg zum Leben, und als diese ent¬
2992 4187 3121 4211 HT
