3484 4352
-18 1682 78 1743 ten.
14 2022 79 2087 7
1567 288 2048 408 box 24/1
1078 329 1283 397 Lebe
272 338 1446 451 19. Der Ruf des nadens
2744 989 3147 1067 Ahlenz gesordert
2368 1010 2543 1069 J
1957 1039 3149 1103 werden, deshalb arbeite ich in den mir gezogenen engen Grenzen
206 1062 789 1139 s nicht als Vertagung der
1956 1077 3141 1160 auf dieses Ziel nach Möglichkeit hin. Die Beratungen nehmen
1153 1073 1625 1157 Bessere Aussichten.
193 1108 813 1178 it aufzufassen sei. Diese Aus¬
214 1152 3155 1210 d vielmehr auch von französischer London, 26. Februar. (Eig. Drahtber.) In der Stim= einen ruhigen, sachlichen Verlauf. Bis heute haben sich die Gegen¬
200 1163 3151 1258 Ehen, daß das der Konferenz vormung über die Marokko=Konferenz ist eine Wendung zum sätze nicht verringert. Sollte die Konferenz Algeciras resultatlos
1967 1247 3151 1331 hergab. Der zweite Akt ist nichts als eine Neuauflage der „Liebelei“
788 1280 1976 1349 des Wiener Walzers hinaus eröffnet werden soll. Hören die Braven, die
1968 1296 3149 1369 mit verdoppelter Schießerei. Dort Duell, hier Mord und Selbst¬
797 1311 1971 1396 da für Kaiser und Vaterland hinausziehen im Trompetengeschmetter,
208 1319 416 1399 eton.
1965 1336 3161 1406 mord, und das junge Mädchen, nur vom Süßen ins Herbe über¬
807 1352 1970 1422 Säbelrasseln und Pferdetrappeln den Ruf des Lebens nicht mehr sind
1973 1369 3143 1446 setzt, um zehn Jahre älter und bitterei gemacht, betrauert gleicher¬
213 1377 459 1466 Theater.
795 1395 1973 1465 sie nnn wirklich Helden oder bloß Narren? Ein Bernhard Shaw,
1966 1412 3162 1486 weise den Geliebten, der mit ihr gemeinsam nicht leben konnte
794 1440 1979 1515 der Schnitzler unversehens angeregt haben mag, wäre um die Ant¬
208 1435 813 1507 m 1. Male: „Der Ruf des
1981 1454 3154 1520 und nicht sterben wollte. Giftbecher und Pistole sind nichts für
797 1476 1978 1541 wort nicht verlegen gewesen. Der weiche Wiener Dichter und feine
204 1480 736 1556 n von Arthur Schnitzler.
1973 1492 3165 1558 Schnitzlers zarte Hände. Er kann uns unterhalten, rühren, nach¬
813 1508 1976 1581 Raisonneur, gewohnt, jedem Recht zu geben und die Relativität
215 1532 802 1596 ich bereits erzählt, eine tiefere
1971 1534 3163 1597 denklich machen wie kaum einer, aber er soll uns mit solchem
802 1559 1973 1614 der Dinge zu genießen, hat nicht Eigensinn genug, um sich zu be¬
209 1573 814 1631 st Schnitzler immer gedankt haben,
1968 1571 3157 1636 Teufelszeug vom Leibe bleiben und uns nicht tückisch in die Ohren
801 1593 1968 1654 schränken und zu entscheiden. Er brennt wie häufig das Licht an
207 1603 819 1672 och übrig, sich die künstlerischen
1977 1599 3158 1675 knallen, besonders nicht, wenn wir noch hinterher die leise schwe¬
805 1642 1975 1697 beiden Enden an und sagt, daß einige sich selbst betrügen, andere
198 1643 811 1711 ser dramatischen Mißbildung das
1970 1639 3169 1716 benden Walzerklänge einer Lebensphilosophie an der schönen blauen
806 1666 1984 1733 betrogen werden, und die meisten je nach der Beleuchtung wohl
202 1694 817 1756 ichtern ist die Naivetät, die den
1974 1687 3163 1756 Donau erlauschen sollen. Entweder grob oder fein — beides zu¬
817 1701 1973 1779 Helden oder Narren scheinen mögen. Ein Betrüger, der Helden¬
202 1729 814 1795 nden gekommen. Schnitzler wollte
1982 1723 3159 1797 sammen geht nicht, wenigstens nicht für ihn. Und wenn er ein¬
816 1754 1986 1815 ruhm erschleichen möchte, ist der Oberst, der die Legende von dem
226 1761 820 1825 hat etwas erfunden, was gar
1974 1757 3158 1835 mal, bis sein Feld nach vielleicht notwendiger Brache, wieder grünt,
809 1781 1979 1851 durch die Schuld des Regiments verlorenen Feldzug in
209 1799 814 1857 estens den ersten Akt interessant
1974 1813 3163 1875 sich auf dem der anderen zu grober Arbeit verdingt, dann mag
810 1827 1984 1893 die Welt und zugleich sich in den Kopf gesetzt hat, bei
213 1849 818 1897 haben sich geschworen, datz keiner
1971 1846 3167 1912 er wenigstens das Handwerk lernen. Da er mühselig konstruiert,
804 1867 1982 1941 dem allgemeinen Selbstmord das Leben und die Hörner,
229 1889 816 1939 e zurückkehren soll, um die Ehre
1986 1883 3167 1949 mechan zusammensetzt, kann man auch von Fehlern sprechen,
811 1889 1985 1967 mit denen ihn seine Frau begabt hat, auf dem Felde der
210 1917 820 1976 n, das dreißig Jahre vorher von
1986 1918 3164 1985 vonnen ich ihm unter vielen gleich mehrere nachweisen will.
813 1938 1983 2010 Ehre zu lassen. Die ganze Legende ist ein Witz dieses geistreichen
215 1968 817 2018 getrieben, eine Schlacht und einen
1985 1946 3152 2027 Der Schuß des Obersten, der die Frau trifft geht dramatisch ge¬
807 1981 1981 2051 Herrn, aber wie der kluge Arzt bemerkt, der alles versteht, es
224 1997 822 2058 kntschieden hatte. Von den früheren
1986 1987 3163 2067 nommen ins Blaue, nichts als ein unangenehmer Knall, weil wir
818 2029 1974 2085 könnte auch etwas daran sein, und man soll nicht fragen, woher
229 2036 816 2106 Maries Vater; an jenem Tage
1975 2036 3160 2112 auf die Sache seelisch nicht vorbereitet sind. Die ganze Liaison
801 2058 1978 2121 das Große kommt. Ehre, Ruhm, Vaterland mögen nur Worte
217 2076 811 2139 den zum Feigling geworden, ei
1984 2088 3168 2149 des Leutnants mit der Oberstenfrau, Schnitzler zwingt
210 2094 1985 2165 k#r ist es nun eigentlich, der diese sein, aber sie klingen schön. Und Verrat, Buhlerei, Mord, was
2290 2115 3173 2189 Schulausdrücken, mußte in die Exposition
2184 2130 2295 2181 zu
1986 2121 2208 2197 uns jetzt
806 2134 1988 2208 alles sein Liebling Marie nicht ohne sein Mitwissen begangen hat,
215 2156 817 2226 od schickt. Dafür hat er sein
2181 2160 3165 2210 nicht allein als Andeutung, sondern als an¬
1982 2169 2182 2232 kommen,
813 2157 1991 2239 sind häßlich klingende Worte, aber es braucht nichts dahinter zu
2401 2190 3163 2247 die für Marie schon eine Rolle
219 2195 813 2247 tombe, die da für Ehre, Ruhm,
1990 2203 2421 2266 geschaute Drohung,
816 2214 1991 2280 sein, und wir kommen auch darüber wie über alles hinweg, wenn
218 2229 816 2286 ich gefräßig wie an einem Blut¬
1982 2223 3167 2301 gespielt haben muß. Sie darf nicht mit dem Zuschauer auf etwas
823 2253 1982 2321 wir nur am Leben bleiben, was Vergessen bedeutet. Wenn der Mann
225 2276 824 2345 Jahre seines elenden, qualvollen
1994 2259 3165 2342 ganz Fremdes, Unerwartetes stoßen, Zufälliges, weil nicht als Be¬
818 2297 1992 2362 noch weiter redete würde er bei der alten Schnitzlerschen Weisheit
237 2303 824 2373 n da oben zu erkaufen meint.
1988 2308 3169 2373 dingung mit den anderen vorbereitet, sonst dürfte sie mit dem¬
818 2330 1992 2393 enden, daß es am schönsten ist, melancholisch in der Abendsonne zu sitzen
219 2339 817 2409 Voraussetzung ist aus militärischen
1983 2344 3168 2415 selben Theaterrecht eine andere Situation vorfinden, daß z. B. der
817 2370 1995 2428 und dabei von fernher die wehmütig süßen Klänge eines Wiener
224 2384 826 2441 man muß gegen Voraussetzungen
1995 2390 3169 2447 Leutnant in der letzten Nacht mit einem Paar Kameraden Tarock
818 2401 1992 2479 Walzers zu hören. Schnitzler hat sich also um eine Erfindung be¬
224 2418 822 2491 h zu ihrem todgeweihten Leutnant
1992 2414 3181 2488 spielt. Man kann ferner nicht für zwei Akte einen ganz parallelen
814 2440 1995 2524 müht, die ihn selbst überwältigte, um fortzeugend Scheußliches zu
225 2469 827 2517 Vater, den Mörder ihres Glücks,
1994 2461 3178 2531 Ausgang nehmen. Im ersten sieht man Marie aus ihrem Zimmer
815 2481 1997 2556 gebären, hat einen Vater durch die Tochter, eine Frau durch ihren
225 2503 823 2573 hädlich gemacht hat, so wird diese
2002 2493 3179 2565 fortlaufen, im zweiten das Liebespaar aus der Kammer des
818 2518 1999 2593 Mann, einen Liebhaber durch sich selbst und dazu ein ganzes Re¬
222 2539 825 2606 private Herzenssache vor einen
1997 2535 3181 2606 Offiziers. Beide Male heißt es: Fort! Dem Zuschauer mißfällt
820 2560 1994 2625 giment umbringen lassen, nur um sich einmal um sich selbst zu
219 2566 829 2645 estellt, der auf Heroismus weist,
1990 2577 3171 2654 das ohne zu wissen warum, dem Kritiker wird es bewußt, und
837 2601 1993 2665 drehen, um wieder dieselbe Philosophie des Quietismus zu belehren,
238 2620 829 2671 uns das Leben verachten heißen.
1994 2609 3175 2678 er bittet den Dramatiker, es nicht wieder so zu machen. Hoffent¬
824 2624 2002 2704 die sonst seine Anatoles mit bedächtig geformten Ringeln des
223 2655 825 2722 „Ruf des Lebens“ das bis dahin
2001 2651 3178 2725 lich findet sich für Schnitzler keine Gelegenheit, solche Rechnungen
823 2679 1990 2746 Zigarettenrauchs von sich bliefen. Vielleicht hat er so viel erfinden
227 2687 829 2754 emännern, zwischen süßen kleinen
1992 2703 3177 2750 zu verbessern, und wir wünschen, den Dichter wiederzusehen, der
828 2720 2005 2781 müssen, so weit über die ihm vertraute Welt melancholisch eitlen
219 2748 832 2802 uen in klugen sanften, müden
823 2727 3184 2817 Selbstgenusses hinausspringen wollen, weil ihm nichts einfiel, weil bisher noch reich genug war, um nicht sich selbst mit den Mitteln
224 2767 830 2837 nweiteres Echo finden in der
226 2829 3174 2893 se Vorstellung über die Philosophie das verbrauchte Feld, das immerhin sein eigenes war, nichts mehr der anderen, der Rechner und Macher, nachahmen zu müssen. A. E.
