3484 4256
1545 226 2065 317 box 24/3
299 226 1440 324 19. Der Ruf des Lebens
1332 1490 1722 1576 Telephon 12801.
564 1663 642 1731 8
628 1672 1718 1762 Ain WSAnmn
591 1722 650 1772 —
577 1764 1738 1813 ∆ l. österr. behördl. konz. Unternehmen für Zeitungs-Ausschnitte
742 1810 1622 1902 Wien, I., Concordiaplatz 4.
582 1878 666 1939 —
980 1894 1404 1958 Vertretungen
605 1939 1713 1987 0 in Berlin, Budapest, Chicago, Christiania, Genf, Kopen¬
562 1994 1736 2034 hagen, London, Madrid, Mailand, Minneapolis, New-Vork,
679 2026 1701 2076 Paris, Rom, San Francisco, Stockholm, St. Petersburg.
995 2062 1383 2118 (Quellenangabe ohne Gewahr.)
574 2102 1029 2203 4 Ausschnitt aus
1028 2126 1700 2236 Prager Tagblatt
566 2223 783 2278 E vom:
850 2204 1035 2273 3. 1906
710 2441 1625 2522 Der Ruf des Lebens“ Arthur Schnitz¬
627 2484 1630 2566 slers letztes Schauspiel, wird gegenwartig im
658 2541 1627 2601 nenen tschechischen Theater in Weinberge aufge¬
660 2590 1627 2646 führt. Das Deutsche Landestheater hat sich bisher
627 2629 1633 2704 hoch nicht entschließen können, das Werk in Szene
642 2684 1046 2752 sgehen zu lassen. —
2738 1337 3127 1413 Telephon 12801.
1997 1439 2046 1504 62
1968 1502 2043 1569 2
2059 1504 3094 1601 Ka Sm
1969 1559 2048 1612 —
1985 1606 3133 1662 O l. österr. behördl. konz. Unternehmen für Zeitungs-Ausschnitte
1991 1643 2058 1686 65
2140 1651 3020 1737 Wien, I., Concordiaplatz 4.
1967 1718 2071 1781 5
2373 1719 2807 1783 Vertretungen
2001 1784 3115 1826 □ in Berlin, Budapest, Chicago, Christiania, Genf, Kopen¬
1967 1825 3127 1876 hagen, London, Madrid, Mailand, Minneapolis, New-Vork,
2076 1861 2996 1911 Paris, Rom, San. Francisco, Stockholm, St. Peterab
2372 1882 3118 1961 Prager-Abendolatt
2014 1948 2452 2025 „ Ausschnitt aus:
1974 2014 2060 2066 535
2121 2006 2398 2093 3- 3. 1908
1971 2061 2208 2120 E vom:
2136 2127 3029 2190 * Weinberger böhmisches Stadttheater.
2090 2187 3024 2230 Dem Sonatogspublikum wurde gestern eine bisher
2084 2209 3032 2279 ungewohnt schwere Kost vorgesetzt: Axtur Schnitz¬
2187 2254 3020 2295 8 Trauerspiel „Der Ruf des “
2090 2282 3026 2347 (Lifor vola“) in einer mustergiltigen Uebersetzung
2081 2333 3022 2371 von Karl Kaminek. Das Dumpfe, Drückende, der
2090 2369 3022 2405 Szeue, das mit dem Aufrollen des Vorbanges von
2092 2412 3010 2457 Anbeginn einsetzt und die drei Akte bindurch unver¬
2079 2438 3021 2493 mindert anhielt, verfehlte nicht seine Wirkung, zumal
2087 2480 3016 2531 die Aufführung den Intentionen des Dichters
2078 2517 3023 2567 vollauf gerecht geworden. Als eine bedeutende schau¬
2089 2551 3020 2603 spielerische Kraft bewährte sch neuerdings Fr. Tä¬
2090 2592 3023 2632 vorsky; die Figur der nach dem Leben dürstenden
2090 2630 3026 2692 Marie syielte sie mit voller Natürlichkeit, frei von
2075 2673 3019 2721 jeder Uebertreibung. Gute Figuren boten weiter die
2088 2711 3011 2756 Damen Veverka und Hasmann sowie die
2093 2745 3015 2786 Herren Charvät, Hlavath, Jikikovsky und
2087 2781 3021 2838 Dobrovoluh. Sie alle trafen den Grundton des
2094 2817 3022 2863 Schwülen und wußten ihn auch festzuhalten. Das
2097 2857 3022 2912 militärische Bild des zweiten Aktes war etwas
2090 2888 3020 2944 ärmlich. Auch muß die Regie künftig dafür sorgen,
2090 2936 3018 2986 daß alle Bühnenvorgänge sichtbar sind, denn allzu¬
2082 2969 3023 3026 große Dunkelheit beeintröchtigt die Wirkung. Das
2084 3013 3028 3073 Publikum folgte mit großem Interesse den mitunter
2091 3054 3031 3099 allzukrassen Effekten des Stückes und rief wiederholt
2095 3086 3021 3135 die Darsteller nach den Aktschlüssen vor die Rampen.
2086 3123 3030 3177 Der Versuch der Bühnenleitung, am Sonntage satt
2093 3157 3013 3223 des bisherigen leichteren Genres, tiefere dramalisch
2082 3196 3039 3274 Gerichte aufzutischen, scheint nach dieser Probe,auf
2085 3235 2409 3308 Erfolg zu stoßen.
