3484 4352
1573 217 2053 322 box 24/1
898 251 983 317 d
282 255 1447 358 19. Der Ruf des Lebens
1507 971 3335 1114 — . Ctunl. M. Detzogin SophlC0— —
2333 1023 3340 1087 werden. Wie aber würde die Lage zur See aus¬
193 1045 1398 1129 burum egnden Gumme un e  und 1
1390 1069 2359 1137 lotte von Oldenburg, lernte der Prinz ge¬
2346 1068 3330 1155 sehen? Vorläufig sehr ungünstig für Deutschland.
1377 1107 2357 1175 legentlich der Vermählung seines Bruders in Ber¬
418 1109 1402 1182 glückliches Vaterland blicken können. Denn auch
204 1130 418 1189 äumstage
2349 1132 3324 1198 Major von Bruchhausen macht aber ge¬
1384 1149 2364 1219 lin kennen, und nach mehrmaligem längeren Zu¬
412 1159 1384 1237 für Wilhelm II. gilt wohl das Wort, das einst
192 1177 429 1246 ten Gruß
2347 1178 3342 1250 rade hierüber so interessante Ausführungen, daß
1380 1178 2371 1248 Usammenweilen während der Kieler Woche und bei
428 1206 1385 1273 Fürst Bismarck an seinem 80. Geburtstage ge¬
2362 1219 3338 1297 wir sie unseren Lesern nicht vorenthalten wollen.
1386 1238 2357 1289 einem Jagdausfluge in Prerow im September er¬
425 1255 1393 1325 sprochen hat: „Mehr als mein Leben, gelten mir
1387 1259 2369 1339 folgte vor den Hochzeitsfeierlichkeiten des jungen
199 1269 420 1339 reise, ver¬
2360 1268 3298 1348 Da heißt es in seinem sehr lesenswerten Buche:
422 1302 1398 1373 die Meinen, doch über der Familie steht mir das
1387 1304 2371 1371 Herzogs von Koburg=Gotha in Glücksburg am 10.
199 1320 420 1389 eit Jahr¬
2435 1306 3342 1381 Wie hat sich nun angesichts der starken, irgend
1384 1339 2364 1405 Oktober des vorigen Jahres die Verlobung. Die
421 1344 1358 1419 Vaterland und über dem Vaterland nur Gott!“
2357 1353 3337 1434 welche Aussicht auf Sieg nicht gebenden Ueberlegen¬
208 1371 419 1437 lich „um¬
1398 1384 2366 1451 Braut, die älteste Tochter des Großherzogs Fried¬
2363 1398 3335 1464 heit der Gegner die deutsche Flotte zu verhalten?
201 1409 435 1485 ofen heil¬
1383 1421 2358 1501 rich August von Oldenburg, aus seiner ersten Ehe
2360 1451 3054 1528 Ist sie auf jeden Fall verloren?
531 1428 1298 1516 Die Hochzeitskeier in Berlin.
1391 1459 2374 1533 mit der im Jahre 1895 verstorbenen Prinzessin
203 1452 440 1530 Anicht hoch
2437 1466 3340 1544 Wenn man es anfängt wie „Seestern“, „Hansa“.
505 1486 1396 1548 Den Festlichkeiten zur silbernen Hochzeit des
1400 1502 2364 1572 Elisabeth von Preußen, der Tochter des „roten“
214 1518 431 1577 * Ehe un¬
2358 1511 3342 1587 jetutti quanti, wenn als Leitstern für die Opera¬
422 1527 1402 1586 Kaiserpaares und zur grünen Hochzeit des Prinzen
1396 1519 2376 1606 Prinzen Friedrich Karl, ist am 2. Februar 1879
228 1561 438 1622 Reinheit
2361 1556 3344 1619 tionen gilt: „Rau an den Feind“, dann ganz
420 1562 1392 1626 Eitel=Friedrich mit der Herzogin Sophie Charlotte
1400 1581 2368 1647 in Oldenburg geboren, also fast viereinhalb Jahre
420 1610 1404 1672 von Oldenburg liegt folgendes Programm zu
1383 1599 3348 1687 älter als ihr Verlobter. Jusoige langer Kränk= sicher. Selbst, wenn unsere Flotte die Feindselig¬
214 1608 446 1673 ichten der
235 1654 623 1715 , äußeren! Grunde:
2355 1695 3351 1753 in des Geliebten Zimmer hinter einem Vorhang
1394 1702 2374 1772 drei Akte —, mit all den Schrecknissen von Mord,
2368 1713 3351 1791 verborgen, wird sie unfreiwillige Zeugin eines Ab¬
430 1740 1405 1801 Schwester, die er gar so gut behütet hat, und er
1395 1758 2371 1821 Ehebruch, Todesritt, Vergelrung, Reue? Aendern
2361 1756 3356 1838 schieds. Die Frau des Obersten beschwört den
433 1773 1406 1853 sagt: „Ich seh' sie ja noch vor mir, wie sie mir
1400 1791 2372 1856 sie etwas in der Welt? Kommen keine Blumen
2374 1807 3346 1875 Geliebten, dem sie angehört hat, sich zu retten,
212 1810 442 1889 ie Russen.
431 1813 1407 1884 oft gegenüber gesessen ist am Abend bei der Lampe,
1396 1826 2376 1893 mehr aus der Erde, weil 'sie über das Land hin¬
2372 1848 3359 1911 mit ihr zu fliehen. Der Oberst, der die beiden.
425 1843 1413 1916 in dem Zimmer da, und hät mich so angeschaut
222 1868 389 1922 eau.)
1402 1859 2380 1936 gehaucht wurden von ängstlichen Menschenherzen?
2361 1877 3360 1959 längst beargwöhnt hat, dringt plötzlich durch's
433 1890 1412 1958 mit ihrem stillen Lächeln, mit dem gewissen gott¬
216 1907 426 1968 Februar.
1399 1902 2379 1966 Spielen keine Kinder mehr? Haschen sich Liebende
2374 1914 3361 1993 Fenster ein, und nach kurzer, kalter Aussprache
705 1931 1413 2008 als wollt' sie mir noch für was
429 1945 658 2006 ergebenen
209 1939 442 2010 Wde“ klingt
1408 1949 2376 2014 nicht mehr? Geht alles nicht weiter, wie vordem,
2366 1960 3346 2023 erschießt er die Ungetreue. Dann dreht er dem
438 1957 1409 2036 danken; — und ich — ich hätt' mich am lieb¬
213 1984 444 2052 Ensere Zeit
1399 1983 2371 2052 ob nun so ein junges Blut seine Seele aushustet
2375 2005 3355 2065 Verführer verächtlich den Rücken. Verzweifelnd
434 2006 1406 2080 sten vor ihr auf die Knie hingeworfen, sie um
1414 2026 2377 2085 und so ein frischer Bengel sich erschießt oder nicht?
236 2025 446 2089 - à celle,
2365 2039 3349 2101 will sich der Leutnant selbst den Tod geben, da
1103 2045 1414 2103 so gut behütet
436 2057 1055 2123 Verzeihung zu bitten, daß ich
1404 2064 2376 2127 Und verlieren die Lebenden das Recht ans Leben,
217 2070 330 2126 urs
2376 2081 3360 2142 bricht die Lauscherin aus dem Versteck hervor,
435 2075 1399 2150 hab' vor allen Gefahren — und vor allem Glück.“
224 2089 442 2162 Schnitz¬
1400 2103 2384 2174 weil irgendwo ein Toter sich unter dem Rasen
2370 2122 3362 2180 wirft sich an seine Brust und zeigt ihm den Weg
427 2116 1407 2205 Hier liegt der Schlüssel zum „Ruf des Lebens“.
1416 2140 2379 2209 streckt, der vielleicht erst Platz machen mußte, da¬
222 2142 440 2210 würde viel¬
2372 2159 3351 2225 ins Leben. Den Weg an seiner Leiche vorbei —
437 2168 1412 2224 Und wie Schnitzler von dieser Idee nicht losge¬
1413 2176 2381 2247 mit die Stärkeren Licht und Lust bekamen? So
222 2190 360 2241 Dracht
3081 2182 3372 2254 Der Schluß
2384 2200 3069 2257 ins Leben einer einzigen Nacht ...
438 2203 1410 2273 kommen ist, bis er sie neu und anders gewendet,
1409 2214 2388 2282 raunt's hier hinter den wunderlichen Akten und
217 2214 446 2283 Jugend¬
2387 2237 3363 2292 ist Reflexion. Viele Wochen später finden wir das
648 2237 1411 2314 auch von der Handlung der Liebelei
619 2254 677 2305 r
1408 2250 2380 2321 lächelt sogar ein wenig. Und wo es raunt und
231 2258 446 2319 (er will
2388 2273 3368 2334 Mädchen wieder in einem frühlingsduftenden Gar¬
443 2281 1414 2344 nicht losgekommen. Ein Mädel mit der großen
1408 2294 2384 2357 lächelt und die Achseln zuckt, da ist es zut, in¬
220 2293 395 2363 Fiennt's
2385 2314 3369 2373 ten mit dem Raisonneur des Stückes, der (wie
802 2308 1415 2377 dort wie hier. Ein Liebster,
447 2338 827 2394 Lebenssehnsucht —
1411 2334 2386 2394 teressant und hat seine besondere jungwiener Note.
230 2338 455 2401 in festen
2389 2350 3361 2416 sein Dichter) Arzt ist. Der Geliebte hat sich da¬
446 2357 1430 2425 dem das kleine Bürgermädel im Grunde nur ein
1427 2373 2388 2439 Aber dazwischen kuallt's, wie aus Vorstadtromanen;
218 2374 316 2435 us
2380 2392 3371 2446 mals, als der Morgen kam, erschossen. Das schwind¬
444 2395 1423 2472 liebes Spielzeug sein kann; dort ein verwöhnter
1417 2404 2385 2473 und man spürt ordentlich, wie der Theatraliker
218 2406 452 2483 Fleich der
2387 2432 3374 2493 süchtige Bäschen kommt sterbend aus seinem letz¬
438 2426 1417 2505 junger Mann aus gutem Hause ohne rechten Be¬
1423 2437 2387 2514 dem Dichter einen Fußtritt gibt: laß mich ran;
222 2445 405 2513 hossen
2388 2466 3371 2528 ten Weltrausch heim. Ein ehrlicher Freier hat
439 2475 1418 2547 ruf, hier ein junger Leutnant von den blauen
231 2488 453 2555 Ehemannn.
1412 2497 2326 2549 ich will Dir den „großen Erfolg“ machen ..
2384 2520 3375 2572 Abschied genommen für immer. So steht sie
445 2511 1425 2580 Kürassieren. Und der Leutnant, wie sein Vetter
234 2537 448 2595 lim dritten
1422 2507 2390 2589 Ein alter Rittmeister, von seelischer Schuld der
2382 2545 3357 2610 allein nach ihren Erinnerungen in dem blühen¬
458 2542 1430 2617 aus der „Liebelei“, gefesselt an eine verheiratete
1420 2555 2396 2647 Feigheit bedrückt, stirbt unter Schmerzen langsam
231 2574 456 2635 del. Kurz:
2388 2575 3367 2668 den Garten und hört den Trost des Arztes und
461 2595 1433 2656 Frau. Wie sein Vetter vom Mann überführt.
1428 2608 2392 2669 hin. Sein Hirn verkalkt. Er wird zum raffinier¬
239 2610 459 2677 Herz des
2396 2611 3372 2686 des Dichters: Mord und Ehebruch, Tod und Un¬
440 2627 1432 2712 Wie sein Letter im zweiten Akt zum Tode be¬
1428 2634 2400 2705 ten Quäler seiner einzigen Tochter. Er spürt ihren
236 2647 455 2712 sein Geld
2391 2660 3366 2722 treue, Blühen und Welken — alles das sind Worte,
447 2661 1423 2735 reit, im letzten Akt erschossen. Die Aehnlichkeit
1426 2677 2394 2748 Lebenshunger, ihren Liebesdurst, und mit sata¬
224 2685 461 2750 te, Worte,
2393 2699 3369 2763 Worte, Worte. Ein Schauer, und sie fliegen uns
234 2691 1426 2780 stende undwäre leicht noch weiter zu verfolgen. Wie an einer
1429 2715 2405 2782 nischer Bosheit hält er sie an seinem Krankenstuhl
3116 2738 3375 2796 So scheint
2394 2735 3141 2805 vorbei. Der Starke überlebt sie.
452 2740 1428 2819 Kette liegt Schnitzler am „Liebelei"=Gedank i; aber
1427 2752 2399 2824 fest. Sie soll nicht genießen soll aushalten bei
240 2769 469 2822 d doch, in
2387 2769 3379 2833 mir der Sinn des Schnitzlerschen Stückes. Eine
458 2783 1434 2851 er rüttelt und reißt an der Kette und will aus
1430 2785 2406 2866 ihm, soll sich winden unter seiner tückischen Rede,
228 2800 469 2872 muskulösen
2396 2796 3379 2878 Romanze der Resignation, ruppig unterhrochen von
460 2818 1432 2889 dem weichen Frieden des Stimmungsstückes mit
239 2844 466 2904 kein Oberst
1435 2841 2407 2900 unter der Folter seiner Grillen. Da dringt der 1
2393 2853 3389 2919 Pistolenschüssen, Sterbe röchel und Theaterei. Aber
453 2852 1437 2928 seiner Sentimentalität und Resignation hinauf bis
1958 2874 2404 2935 Eine schwindsüchtige
236 2884 473 2947 Tod reitet,
1435 2879 1974 2948 Ruf des Lebens zu ihr.
2401 2897 3377 2971 doch immer wieder vo ingend, wie das Lied einer
460 2895 1431 2967 zur Tragödie und den packenden Geschehnissen.
1425 2904 2404 2976 Base, die ihres Lebens köstliche Neige mit gie¬
234 2915 478 2985 Feinste und
2391 2935 3383 2995 wehmutkranken Frau stimme durch den Lärm
254 2946 1431 3019 Wehmut, Darum kommt Gift, Revolver, Schwindsuchtstod
1430 2954 2398 3016 rigen Zügen trinkt, bringt ihr die Kunde, der
2394 2983 3389 3036 eines Konzertgartens mit Militärkapelle und
257 2982 1430 3050 rfür jedes auf die Bühn. Darum müssen im Mittelakt
1434 2997 2410 3055 heimlich geliebte Mann, ein hübscher Junge in
2395 3010 3371 3078 Schlachtenmusik, ein alter Refrain: On pense, on
250 3018 1438 3093 Schnitzler=I gleich zwei Lauscher das furchtbare Geheimnis
1429 3030 2405 3093 blauer Kürassieruniform, wird morgen in den Tod
2406 3053 3243 3126 pense encore — à celle. qu'on andore.
247 3048 1447 3131 mit Recht) erfahren; darum wird Schnitzler so unschnitzle¬
1442 3066 2402 3138 reiten mit seinem Regiment. Nur diese Nacht ist
2482 3074 3380 3147 So wird der neue Schnitzler im Lessingtheater.
286 3111 361 3153 11
239 3092 1439 3175 klei“. Dort 1 risch; und der Erfolg, den der erste Akt versprochen,
1425 3106 2409 3173 er noch in der Stadt, nur diese Nacht lebt er
2408 3125 3380 3188 in seiner peinlichen Mischung von Zartem und
224 3134 1447 3206 Een Wiener bleibt aus. Und trotzdem, hinter all diesen un¬
274 3150 2411 3244 daß sein wahren Figuren, die — wie selten, bei Schnitzler noch. Das Leben ruft. Da mischt sie dem Vater
2402 3161 3389 3221 Gröbstem nicht das Ereignis der Woche heißen
1439 3184 2402 3248 den Schlaftrunk stark, überstark, daß es sein To¬
2400 3211 3383 3269 bürfen. Das Ereignis waren die Russen, die
534 3210 1452 3285 auch unwahr reden, Papier sprechen und in
1439 3213 2414 3286 destrunk wird und der Hand der Leiche entreißt
230 3225 488 3304 Frühling er¬
1000 3245 1441 3312 stehen schöne, stille,
2403 3241 3378 3305 am Tage zuvor ihr Gastspiel begannen. Sie ha¬
354 3257 951 3322 UndPhrasen sich verstricken
1431 3248 2421 3314 sie den Schlüssel, öffnet ihr Gefängnis und stürmt
237 3279 358 3338 Pird.
469 3276 1456 3358 müde Gedanken. Was soll's mit all den großen
244 3310 479 3374 will gegen
260 3335 3394 3415 gealterten Worten — das ist so ungefähr der Sinn dieser in die Freiheit, ins Leben ... In der Kaserne, ben zwei Wunder gewirkt am ersten Abend.
1642 3369 1777 3450 4.
1316 3383 1439 3466 744
