3248 4352
1040 80 1073 116 *
695 106 1338 164 Libau, den 23. September 1911.
520 148 1498 201 Roggen pro 120 Pfd. Tendenz: unverändert. Russi¬
494 199 1492 251 scher schwerer per Pud 98—100 Kf., Kurischer 94—
494 245 1042 291 96 Kf., Litanischer 96—98 Kf.
530 271 1492 342 Weizen: Tendenz: geschäftslos. Samara=Oren¬
499 309 983 380 burger und Sibirischer —
532 336 1503 405 Hafer, weiß: Tendenz: unverändert. Russischer
506 400 1494 445 hoher 93-96 gem., russischer Oekonomiehafer 90—
501 427 1502 485 92 gem., russischer mittlerer (otborny) 89 89½ gem.,
1343 471 1516 523 Grjasy¬
506 479 1306 532 russischer Durchschnittshafer 88 88½ Kf.,
505 526 1504 569 Zarizyn 86½- 87 Kf Rjasan=Ural 86½—87 Kf
506 542 1517 606 Liw.=Oreler 89½ gem., 89 89½ Kf., Grusskoje Putiwl
505 588 1508 664 58 88½ Kf, Moskau=Kursk 89½ gem., 89—89½ Kf.,
1011 634 1519 691 #schen —Hamel=Bachmatich¬
1554 63 2251 117 Teri ver geramremuier
1533 99 2502 167 Seestreitkräfte hervorgerufen. Der Ober
1526 142 2536 207 befehl ist Konteradmiral Österhaus übertragen
1530 189 2537 266 worden. Sowohl die atlantische, wie die pazi¬
1536 237 2540 325 fische Flotte sollen mindestens bis Februar n. J.
1537 302 2547 357 auf Kriegsfuß gehalten werden. Man hält es
1535 335 2542 405 in Newyork für wahrscheinlich, daß die Washing¬
1531 385 2550 453 toner Regierung die Ausbreitung des Krieges
1540 440 2556 501 im mittelländischen Meere fürchtet und auf alle
1538 480 2544 548 Fälle vorbereitet zu sein wünscht, wenn irgend¬
1539 535 2562 598 wie amerika##sche „Interessen in Mitleidenschaft
1544 589 1918 663 gezogen Würdey“
1824 590 2394 698 —
1617 655 1696 705 —
1849 706 2459 822 kokal -Iocfirichten.
1653 711 1850 809 bette
1886 790 2484 895 Staptcheater. #2,17
1581 884 2569 968 Am gestrigen Abend wurde „Der Ruf des
1770 919 2565 1006 , ein Schauspiel von Arthur
1555 941 1771 1002 Lehens“
1547 977 2447 1047 Schnitzler, zum ersten Mal aufgeführt.
1581 1010 2561 1087 Schnitzlers Drama versetzt uns um einige
1549 1088 2568 1147 Jahrzehnte zurück. Es spielt in einer kleinen
1558 1118 2571 1182 österreichischen Stadt. Krieg ist ausgebrochen.
1551 1170 2569 1238 Der erste Akt zeigt uns ein kleines Stübchen
1545 1209 2571 1285 ndes Häuschens, in dem der pensionierte Ritt¬
1558 1261 2584 1337 meister Moser mit seiner Tochter wohnt. Er
1554 1309 2586 1393 sitzt, von Krankheit und Alter gebeugt, gallig
1559 1373 2586 1433 und verbissen im Sorgenstuhl, sie blickt aus dem
1553 1410 2588 1495 Fenster auf die Straße, von wo Säbelklirren
1551 1455 2577 1530 und Hufeklappern ertönt. Denn die blauen
1562 1501 2583 1582 Kürassiere verlassen ihre Garnison, um ins Feld
1558 1554 2586 1636 zu ziehen und an diesem Tage fehlt keine Frau
1553 1605 2581 1688 und kein Mädchen am Fenster. Mit den Kü¬
1559 1654 2580 1729 rassieren hat es eine besondere Bewandtnis.
1565 1703 2592 1791 Vor Jahren, in einem anderen Kriege, haben
1571 1744 2595 1825 sie ihre Ehre verloren. Ein feiger Offizier hat
1566 1812 2594 1889 damals Panik und Flucht verschuldet, sein Name
1572 1847 2599 1939 ist verschollen, man glaubt es sei einer der Ge¬
1569 1889 2591 1981 fallenen gewesen. Nun aber soll die Schart¬
1569 1938 2593 2018 ausgewetzt werden und alle Offiziere haben #
1571 1991 2598 2087 das Ehrenwort gegeben, vor dem Fein##
1587 2057 2602 2122 fallen. Nur der darf weiter leben, den ein
1587 2090 2601 2168 Wunder am Leben läßt. Und so ist es denn
1590 2132 2600 2224 für die Mädchen der kleinen Stadt ein furchtbar
1590 2181 2606 2274 ernster Tag. Manche hat einen Bräutigam oder
1592 2236 2607 2320 einen Liebsten unter den Offizieren. Marie aber lei¬
1587 2285 2613 2358 det mehr als alle. Sie, die immer von Lebens¬
1592 2334 2613 2418 freude und Lebensgenuß Ferngehaltene, sie, die
1589 2391 2607 2453 Sklavin ihres lieblosen, finsteren Vaters, der
1590 2433 2615 2518 ohne Dank ihre Dienste als Pflegerin ausnutzt
1478 2443 1573 2522 oll
1595 2487 2610 2558 und kein freundliches Gefühl zu kennen scheint,
1489 2513 1533 2578 I
1591 2533 2620 2618 sie hat auf einem der wenigen kleinstädtischen
1592 2584 2610 2658 Tanzabende, die ihr gegönnt waren, einen Leut¬
1590 2628 2607 2709 nant kennen gelernt, dessen stürmische Annähe¬
1590 2697 2613 2759 rung sie zwar nicht nachzugeben wagte, den sie
1474 2701 1572 2766 un
1594 2732 2618 2803 aber in ihre heimlichen Träume immer wieder
1595 2777 2620 2863 verwebt. Wird er scheiden, ohne daß sie ihn je
1476 2806 1570 2858 eit
1601 2827 2624 2901 wiedersieht? Da erscheint eine Freundin, ein
1474 2853 1574 2916 kti¬
1596 2884 2625 2952 loses, leichtlebiges Mädchen, das ihr eine Ein¬
1470 2905 1580 2962 cie¬
1592 2926 2617 3002 ladung jenes Leutnants überbringt — für sei¬
1472 2957 1581 3012 an¬
1609 2966 2628 3066 nen allerletzten Abend. Marie ist auf's Tiefste
1481 3003 1583 3060 ner
1603 3033 2629 3098 erschüttert. Nur an dieses eine denkend ver¬
1481 3051 1580 3109 lge
1604 3083 2617 3151 nimmt sie die Mahnung des Arztes, der ihr
1484 3101 1588 3168 ion
1613 3132 2631 3190 den Schlaftrunk für den Vater gibt, und sie
1607 3169 2625 3251 daran erinnert, daß er nicht einen Tropfen zu¬
1483 3201 1594 3270 ten
1609 3221 2625 3285 viel von dem gefährlichen Mittel ertragen würde.
1608 3267 2625 3348 Und dann bleibt sie mit dem finsteren Alten
1546 3296 1583 3360 n
1614 3324 2623 3384 allein und da, während es Abend wird, ent¬
1497 3352 1576 3405 ge¬
1619 3357 2634 3446 ringt sich ihm eine furchtbare Beichte; er ist
1615 3399 2629 3501 jener Offizier gewesen, dessen Feigheit das Re¬
1626 3474 2637 3542 giment entehrte, um dessentwillen jetzt alle Of¬
1628 3505 2631 3598 fiziere in den Tod müssen. Fluchend und höh¬
1632 3568 2637 3634 nend klammert sich der Elende an sein bißchen
1628 3615 2633 3692 Leben, das Leben, das er allen mißgönnt, auch
1621 3653 2638 3746 seiner Tochter. Sie aber, empört und entsetzt,
1516 3679 1601 3749 ür
1627 3696 2647 3776 will nur fort, fort zu dem anderen, der sterben
1626 3753 2634 3832 soll. Mit den gemeinsten Schimpfreden ver¬
1621 3799 2648 3871 weigert ihr der Alte den Gang. Da gibt sie
1626 3846 2655 3932 ihm in stiller Raserei der Wut den gefährlichen
1525 3899 2653 3990 1= Schlaftrunk hundertfach verstärkt. Einen Au¬
