3248 4352
1478 212 2006 314 box 24/4
235 235 1397 339 19. Der Ruf des Lebens
2473 656 2877 766 Telephon 12801.
1964 694 2288 793 Wendenl
2759 744 2899 832 66
1963 807 2860 928 „SDEEKTER
2047 870 2831 979 I. österr. behördl. konz. Unternehmen
1981 907 2901 1010 für Zeitungs-Ausschnitte und Blbliographien
2048 978 2881 1101 Wien, I. Concordiaplatz 4
2255 1054 2646 1140 Vertretungen
925 1122 1035 1181 F
1989 1095 2916 1190 in Berlin, Budapest, Chicago, Christiania, Genk,
1403 1123 1496 1203 1
1987 1138 2912 1246 Kopenhagen, London, Madrid, Mailand, Minne¬
146 1132 1737 1256 gen Offizier, einem sein, der einst das #odgeweihte Regiment zur Flucht bewegt?
149 1170 563 1235 l in den sichern Tod.
2002 1184 2924 1287 apolis, New-York, Paris, Rom, San Francisco,
152 1208 554 1271 nizeitige Flucht einen
556 1194 1732 1300 Böse Absichtlichkeit das, darf bei Sudermann, aber nicht bei
566 1232 928 1296 Schnitzler stehen.
2198 1227 2715 1314 Stockholm, St. Petersburg.
147 1247 547 1312 durch ein freiwilliges
983 1260 1742 1337 Einige Längen des 1. Aktes wiegen
150 1287 309 1339 atürlich
300 1298 549 1353 — es ist ja
552 1254 1733 1381 nicht; hier ist die dichterische Intensität so stark, daß sie noch
2214 1282 2708 1360 (Quellenangahe ohne Gewähr.)
164 1327 543 1397 will ihm nicht aus
558 1322 1731 1408 alles ausbalanciert; ganz unintensiv und dünn ist dagegen
162 1371 544 1432 versäumt zu haben.
556 1347 1734 1444 der letzte Aufzug. Und dennoch trotz alledem: die Arbeit ist
2008 1330 2853 1451 Ausschmittdissische Zeitung
148 1391 549 1470 hits, noch ein anderes
545 1384 1738 1495 wertvoller und reifer als hundert korrekt gebaute Kulissenhauer.
148 1443 542 1512 berst die Frau ge¬
601 1437 1731 1541 Mit der Inszenierung bot Dr. Simchowitz eine feine
1988 1435 2292 1528 2-MIl1911
151 1485 540 1553 n Nacht entdeckt, die
550 1451 1726 1575 Impression aus dem Oesterreich des vorigen Jahrhunderts;
2018 1508 2174 1565 vom:
191 1535 540 1594 was bleibt dem
549 1510 1722 1613 die platten, kahlen Wände mit dem spärlichen Mobiliar, das
146 1563 536 1632 ände? Zwei Dinge
543 1542 1726 1654 Steife, Gradlinige, Bürgerliche war im Milieu trefflichst fest¬
159 1598 536 1674 nndesehre, zwei der
536 1595 1720 1680 gehalten. Von den Künstlern gaben das Stärkste vom Abend
2072 1590 2814 1713 Theater und Musik.
178 1646 525 1707 jetzt das junge
533 1621 1713 1728 Frl. Schönfeld als lebenshungrige Tochter, und Turrian als
175 1685 526 1750 in sein Zimmer
532 1663 1718 1764 kränkelnder, boshafter Vater. Die Aufnahme des Werkes war
2108 1688 2793 1754 Schnitzlers „Ruf des Lebens“.
155 1715 523 1788 nid vergißt die tote
535 1705 1730 1813 nach den beiden ersten Akten günstig; den letzte Akt ließ das¬
1863 1724 3071 1796 (2 Köln. Man istes venSchnitzler nicht gewohnt, daß er in seinen
537 1743 1033 1832 Publikum etwas abfallen,
159 1760 534 1829 imal zu leben, zu
1818 1777 3066 1838 Dramen mit starken Mitteln auf äußere Wirkung hin arbeitet, und so
160 1799 523 1865 äichlicheren) Spiege¬
1827 1812 3061 1879 ist man überrascht, wenn er in einem Schauspiel am Schluß jedes der
164 1840 520 1910 ens gesehen. Ein
1814 1853 3065 1920 drei Akte den Zuschauern eine Leiche vorlegt: die erste das Opfer
150 1876 517 1945 ück; sie uft ihrer
1821 1887 3069 1968 eines Giftmordes, die zweite von der Pistole des betrogenen Gatten
189 1923 520 1987 den Ofentlichen
1835 1926 3077 2017 niedergestreckt, die dritte allein die Beute einer Krankheit. Gleichwohl
152 1954 520 2024 ähr, darum will sie
1826 1964 3080 2052 wäre es unrecht, von grober Theatratik zu reden, die grelle und laute
519 1993 562 2042 9
163 1993 517 2069 e des Lebens, das
1828 2004 3082 2092 Essekte erstrebt. „Der Ruf des Lebens“ ist im Grunde doch ein
527 2037 571 2086 3
176 2032 515 2100 Es gibt ihm die
1818 2046 3078 2116 leises Werk: feinsinnig, gedankenreich, den Rätseln des Lebens und
182 2074 514 2141 Ueberwogenden;
1827 2084 3076 2162 der Menschenbrust mit ernster Gelassenheit nachgehend. Der alte
523 2097 584 2164 a
152 2115 511 2177 Bahrheiten heraus
1823 2125 3075 2217 Moser, der vor 30 Jahren im Feldzuge als Riumeister die Ursache
149 2159 513 2219 kUns, uns Gegen¬
1833 2180 3073 2239 war, daß sein Regiment sich die Schmach einer Niederlage holte, erlebt
152 2191 499 2265 Los ausgetragen,
1828 2205 3077 2282 jetzt, daß das Regiment, von seinem Obersten angespornt, den helden¬
163 2234 502 2295 unserer brutalen
1836 2240 3071 2322 haften Eutschluß faßt, die Schande durch den Tod zu fühnen: es wird beim
172 2280 505 2343 gleich ein starkes
1838 2284 3078 2347 ersten Gefecht jenseit der Grenze den Untergang suchen und finden. Diese
156 2309 505 2383 hat sein Stück in
1835 2326 3076 2409 Aussicht auf den nahen Tod in der Schlacht bestimmt die Handlung. Mosers
159 2355 503 2416 t, in die aus¬
1835 2362 3077 2452 Tochter, von dem bösartigen Alten an dessen Krankenstuhl gefesselt und
165 2392 492 2461 iner Kunstpraxis
1835 2400 3083 2481 aller Freuden ihre: Jugend beraubt, läßt sich von dem philosophierenden
165 2433 498 2495 wußt, die unver¬
1834 2439 3075 2523 Arzt bestimmen, ihr Recht an das Leben geltend zu machen: sie gibt
164 2472 492 2546 üde Resignation
1843 2479 3084 2555 dem Vater einen tötenden Schlaftrunk ein und eilt, um das heiß¬
193 2519 485 2575 ganze Parfüm
1836 2519 3084 2595 ersehnte Glück einer Liebesnacht mit einem der todgeweihten Offiziere,
485 2543 550 2596 10
224 2556 486 2613 poche. Denn
1838 2562 3083 2621 den sie vor längerer Zeit auf einem Ballfest kennen gelernt, zu genießen.
348 2600 466 2655 denken
1848 2609 3086 2659 Sie wird hinter einem Vorhang im Kasernenzimmer des Leutnanis
1839 2637 3082 2708 Zeuge einer leidenschaftlichen Auseinandersetzung zwischen dem Offizier
1836 2685 3087 2754 und der ehebrecherischen Frau des Obersten, die den Geliebten sich und
396 2722 451 2769 0er
1843 2717 3083 2783 dem Leben erhalten möchte, muß mit ansehen, wie der durch das
485 2727 538 2794 in
1847 2752 3083 2822 Fenster einsteigende Oberst die Ungetreue niederschießt, und wirft sich
495 2786 542 2830 de
407 2803 461 2854 as
1843 2806 3089 2873 dann dem Offizier in die Arme. So folgt sie dem Ruf des Lebens
1844 2828 3092 2905 und ihrer Jugend. Man kann im Zweifel sein, ob dieses Lebens¬
480 2867 542 2918 ül
1850 2878 3093 2954 symbol: die kurze Sinnenlust mit dem dem Tode Geopferten, zureicht,
1855 2905 3101 2985 um die bunte Vielsältigkeit und den beglückenden Reichtum der Lebens¬
1845 2942 3094 3024 möglichkeiten und =köstlichkeiten andeutend zu vertreten. Zudem wird
482 2986 537 3042 in
2699 2989 3095 3048 o sehr sich auch der
406 3001 442 3042 8=
1848 2996 2613 3075 es dem Zuschauer recht schwer gemacht
1853 3025 3105 3105 dritte, mit klugen Betrachtungen erfüllte Akt nachträglich darum
2988 3068 3093 3122 für
1857 3082 2928 3134 bemüht, das Geschehene zu erklären und zu verklären
1860 3103 3106 3181 die beiden Träger der Handlung stärkere Mitempfindung zu hegen: sie
1860 3141 3107 3221 bringen es fertig, von den warmen Leichen des vergifteten
1852 3203 3102 3259 Vaiers und der erschossenen Geliebten weg unverzüglich im Sinnen¬
1861 3230 3100 3300 rausch sich zu vereinigen — das sind konstruierte Gefühlsbrutalitäten,
1861 3267 3098 3333 die man nicht glauben und nicht versteyen kann. Das schließt nicht
1853 3309 3102 3373 aus, daß man immer wieder gern der geistreichen, formschönen Rede
1861 3345 3108 3413 zuhört, die Schnitzler seinen Gestalten in den Mund legt; und wenn
1867 3394 3108 3458 auch die müde Skepsis des Dichters immer wieder durchklingt, der
1863 3420 3117 3494 Zweifelsinn, der nichts s## und ohne Begeisterung und Glauben ins
2455 3472 3116 3520 geschichtliche Wahrheit, Heldenmut,
1867 3485 2462 3536 Land des Ungewissen führt, „
2467 3504 3110 3560 chwankenden Begriffen werden, so
1867 3514 2371 3578 Tugend, Schuld und Sühz
2546 3542 3109 3593 er Spannung, der fesselt und
1867 3533 2435 3619 bleibt doch auch immer ein 9.
2543 3577 3111 3628 #us hat sich unter Simchowitz'
1871 3592 2454 3652 nachdenklich macht. Unser Se#
2523 3622 3117 3676 Von den Darstellern seien Adele
1866 3633 2425 3700 Regie redlich um das Stück 5
2521 3661 3111 3721 Träger der Hauptrollen mit be¬
1872 3672 2449 3725 Schönfeld und Richurd Aßmna
1874 3698 3117 3767 sonderer Auszeichnung genaumt. Bustav Turrian ais der alte Moser,
1873 3754 3117 3812 Dr. Krüger ais Oberst, Margarethe Frey als dessen Gaitin und Paul
1870 3776 3114 3839 Senden als Arzt boten sorgfältig durchgearbeitete schauspielerische
1869 3818 3115 3874 Leistungen. In der undankbaren Rolle eines Forstadjunkten tat Walter;
1876 3855 3128 3925 Dysing sein bestes; recht gut fanden sich auch Charlotte Landen, Elisabeth]
1875 3910 2824 3983 Scholtz und Georg Kiesau mit kleinern Aufgaben ab.
