3484 4256
1469 239 2031 353 box 24/3
243 251 1412 352 19. Der Ruf des Lebens
442 1327 3110 1440 #e hente begonnene Dostruttion # französiicher Sprache mit der Postsparkassa zu stürzt, obwohl er zu den führenden Elementen
1168 1395 3117 1474 verkehren. Wie nun die tschechischen Blätter heute des Deutschtums gehören will. Man sehe auch,
195 1404 608 1486 fortsetzen werden.
2134 1485 3114 1561 den primitiv und gradlinig aufgesucht. Aber
1165 1511 2135 1564 Inur geschehen ist, weil eine junge Frau einen
205 1520 1179 1577 einziehen, dessen kein Fürst der Schlachten sich
2133 1537 3117 1610 diese Effekte, die in ihrer äußeren Gebärde an
1174 1562 2141 1619 alternden Mann betrog. Vielleicht hat der Oberst
210 1565 1177 1626 schämen brauchte; wird dahinfahren wie ein
2136 1587 3117 1654 veraltete und seither verpönte Bühnenkünste
1172 1597 2142 1673 die Schuld der blauen Kürassiere nur ersonnen.
208 1614 1175 1679 Wettersturm, und in der brausenden Schön¬
2143 1639 3124 1712 erinnern, sind so tief beseelt, sind mit seelischem
1170 1650 2147 1716 Niemand weiß es. Auch Mariens Vater, der vor
212 1669 1179 1728 heit seines Sterbens ewig leben: der Oberst,
2150 1683 3117 1756 Inhalt so wundervoll beschwert, daß man an
1177 1708 2147 1765 dreißig Jahren mit dabei gewesen, bildet sich's
220 1716 1174 1799 der die blauen Kürassiere befehligt und dem
2131 1738 3125 1816 ihnen erst merkt, wie sehr wir es notwendig
1169 1748 2133 1806 jetzt vielleicht nur ein, weil alle es sagen: die
221 1771 624 1836 Schicksal gebietet.
2141 1776 3131 1856 haben, wieder zum theatralischen Theater hin¬
1182 1801 2146 1869 blauen Kürassiere seien damals die ersten ge¬
237 1805 1175 1880 Dieser funkelnde Mann, der in seiner Ver¬
2143 1824 3126 1914 geführt zu werden; und daß man zugleich den
1178 1845 2135 1906 wesen, die flohen. Auch andere Regimenter
216 1854 1174 1924 achtung des Daseins eine so ungeheure Form
2148 1875 3135 1962 einzigen Weg erkennt, auf dem wir wieder dahin
1182 1900 2146 1962 haben an jenem Tage die Flucht ergriffen. Kein
203 1913 1180 1978 des Selbstmordes erfand, erscheint anziehend
2143 1947 2542 2018 gelangen können.
1177 1946 2147 2008 Mensch vermöchte mehr zu sagen, wer die Schuld
208 1962 1185 2024 und bewundernswert wie ein Künstler. Daß
2185 1957 3132 2060 So ist denn auch das Beste und Reinste an
1175 1994 2152 2070 trägt. Aber wie es immer gewesen sein mag;
214 2008 1188 2069 er seine Rachgier mit der prunkvollen Ballade
2141 2026 3138 2111 diesem kostbaren Stück kein Einzelnes, sondern
1185 2031 2155 2113 auch der Oberst mit all seinem Witz und mit all
204 2053 1178 2135 patriotischen Opfermutes umhüllen konnte,
2151 2079 3132 2157 seine ganze Atmosphäre, seine österreichische
1184 2108 2151 2165 seiner stolzen Kraft ist nur ein winziges, ohn¬
221 2107 1179 2178 macht ihn beinahe zum Dichter. Aber es öffnet
2158 2124 3138 2207 Atmosphäre. Sie war in keinem Werk von
1175 2138 2148 2219 mächtiges Wesen, spurlos fortgeweht vom
217 2153 1184 2236 auch einen Tiefblick in die geheimen Unter¬
2152 2181 3135 2247 Schnitzler noch so voll Duft und Glanz wie in
1181 2191 2154 2264 Atem des ewigen Geschickes. Er hat ja diesen
217 2208 923 2287 gründe vieler frommer Legenden.
2152 2227 3129 2300 diesem. So klar ist die wienerisch=österreichische
1184 2248 2155 2314 Krieg nicht beschließen können; wahrscheinlich
240 2237 1187 2323 Der Bann des Sterbens, den der Oberst
2146 2269 3140 2352 Luft dieses Stückes, daß alle Höhen und Tiefen
1179 2293 2153 2356 hat nicht einmal der Kaiser die Macht gehabt,
212 2312 1178 2382 über die Menschen hingebreitet hat, treibt all
2149 2319 3133 2389 der Landschaft wie an einem schönen Herbsttag
1183 2344 2140 2417 den Krieg abzuwenden oder heraufzubeschwören.
214 2361 1188 2419 ihr Wünschen, all ihr Tun zu raschem Auf¬
2152 2369 3139 2451 schärfer hervortreten. Und deutlicher als sonst,
1193 2394 2157 2455 Der Oberst und seine Frau, ihr Liebhaber und
213 2411 1177 2477 flammen. Deshalb ermordet dort in der kleinen
2149 2414 3139 2504 allgemeiner, reicher und vielfältiger instrumen¬
1185 2443 2149 2508 Marie, die kranke, junge Katharine und Mariens
212 2456 1186 2518 Vorstadtwohnung die arme Marie ihren
2149 2479 3139 2552 tiert, klingt in diesem Stück das Gesamtthema
1181 2492 2151 2552 alter Vater und die anderen alle, sie sind zu¬
214 2510 1181 2571 bösen alten Vater. Denn morgen früh reiten
2158 2522 3131 2589 der Schnitzlerschen Dichtung: Das Aufrauschen
1193 2537 2154 2603 sammen in den Lichtstrahl einer Abendstunde ge¬
209 2554 1189 2627 die Kürassiere ins Feld, und diese letzte Nacht
2145 2575 3131 2655 des Lebens vor der großen Stille des Todes.
1191 2593 2161 2658 bannt und versinken miteinander im selben
214 2608 1188 2679 gehört dem Leben; und der Mann, den Marie
2191 2627 3139 2704 Dem Deutschen Volkstheater ist eine vor¬
1190 2640 1860 2709 Schatten derselben Dämmerung.
224 2654 1191 2719 liebt, ist bei den blauen Kürassieren. Da eilt
2419 2683 2517 2724 fi
2151 2664 3139 2740 treffliche Aufführung gelungen, nobel in dem
1227 2682 2168 2758 Dieses Stück will über Einzelmenschen und
216 2703 1190 2775 sie über die Leiche des Vaters hinweg in die
2148 2711 3149 2804 goischen Wirklichkeit und Phantastik farbig
1198 2736 2158 2807 über Einzelschicksale hinaus zu einem Gesamt¬
228 2752 1073 2834 große Stunde, die ihrer Jugend schlägt.
2150 2762 3157 2849 dämmernden Gesamtton. Fräulein Hanne¬
1199 2795 2159 2860 bild des Lebens. Es will vielleicht auch über das,
251 2794 1182 2861 Deshalb spürt die junge Katharine doppelt
2152 2822 3152 2888 imann als Marie voll Kraft und edlem Aus¬
1190 2823 2164 2912 was wir Schicksal nennen, hinaus zu einem
219 2838 1183 2927 brennend, daß sie den Todeskeim in der Brust
1910 2890 1993 2925 ###N:
2160 2884 3150 2947 bruck erinnerte an die herrlichen Anfänge der
1192 2891 2159 2967 Durchdringen all der kleinen Zufälligkeiten,
220 2903 1184 2961 trägt, lernt jetzt, in der Bangigkeit, die der
2162 2922 3148 2994 Medelsky. Fräulein Müller als sterbens¬
1188 2944 2162 3003 Stümpereien und Daseinslügen, deren Wirkung
222 2935 1199 3022 Abschied des totgeweihten Regiments über die
2160 2971 3143 3048 kranke, lebensdurstige Katharine von einer
1195 2986 2166 3062 so mächtig ist, wie ihre Ursache lächerlich und
225 2999 1192 3081 Stadt hinströmt, die schmerzlich süße Wonne
2154 3011 3154 3102 merkwürdig schwebenden Art zu existieren, von
1200 3040 2164 3104 nichtig. Dieses Stück will ein Drama der Zu¬
230 3050 693 3112 des Abschiednehmens.
2163 3051 3153 3153 einer süßen Anmut und holden Schmerzlichkeit,
1189 3083 2172 3161 sammenhänge sein, ist jedenfalls das erste, das
261 3084 1205 3171 Viele kleine Schicksale entscheiden sich, rollm
2159 3123 3143 3191 die man so bald nicht vergessen kann. Herr
1191 3137 2162 3210 so völlig vom menschlichen Charakter abgelöst,
226 3158 1196 3209 nun schneller ab, stürzen jählings zusammen,
2163 3162 3153 3236 [Weisse vornehm in sich gefaßt und undurch¬
1190 3166 2157 3246 von der Individualitätsehrfurcht abgekehrt, und
230 3199 1196 3267 weil der Oberst der blauen Kürassiere sein
2164 3228 3140 3286 dringlich als Oberst. Herr Kramer als Leut¬
1200 3236 2167 3302 so stark auf die Zusammenhänge gestellt erscheint.
226 3243 1197 3316 großes Schicksal beschloß. Hoffnungen werden
2164 3264 3144 3328 nant, Fräulein Marberg, Herr Homma,
1195 3284 2165 3356 In diesem Stück lebt ein schöpferisches Zweifeln
227 3302 1197 3358 vernichtet, Sehnsucht geht in Erfüllung, Haß
2165 3314 3148 3382 Herr Edthofer, Herr Kutschera und
1193 3318 2160 3395 an den Erkenntnissen und an dem errungenen.
229 3348 1202 3407 rafft sich auf, Verzweiflung bricht hervor in
2168 3357 3155 3439 Fräulein Thaller — es war ein muster¬
1203 3381 2160 3443 Nuancenreichtum des modernen Theaters. Dabei
231 3391 1198 3455 weitem Umkreis. Staunend sicht die Welt, wie
2162 3410 3156 3493 haftes Zusammenspiel. Und der Erfolg lohnte
1192 3426 2169 3490 aber ist ein energischer Wille zum Theater und
222 3439 1209 3510 eine große, todesmutige Tat vollbracht wird,
2168 3473 3161 3532 die Arbeit, wie er fast jedesmal ein wirkliches,
225 3473 2165 3541 und niemand — weder die Betroffenen noch die zum Theatermäßigen in diesem Stück. Starke,
2819 3505 3150 3596 Jelit Salten.
168 3515 2699 3610 gge Ueberlebenden — niemand ahnt, daß all dies! beinabe unvermittelte, selbst krasse Effekte wer= ehrliches Arbeiten lohnt,
