3484 4224
912 141 977 218 d
302 137 2057 262 19. Der Rufs Lebens box 24/3
1332 909 2560 977 In des Leutnants Bude angelangt, heißt es, sich rasch verstecken, denn
1219 984 2564 1038 zuerst kommt die Frau des grimmigen Herrn Obersten zu ihrem Max, um
1218 1030 2561 1085 ihn zu belehren, wie man es anstellen muß, um ehrenvoll dem Tapferkeits¬
1213 1076 2576 1120 koller des Herrn Kommandanten zu entgehn. Ihr metaphysischer Leutnant
1215 1109 2567 1177 aber wehrt sich gegen solche Zumutung. Krach, die Scheiben brechen, der
1219 1168 2565 1234 Vorhang flattert und durchs Fenster steigt der Herr Oberst persönlich, um
1222 1217 2559 1280 nach kurzem Schimpfen mit lautem Bums die holde Gattin mansetot zu
1207 1276 2564 1340 machen. Den Subalternen dabei höflich ersuchend, den kleinen Mord einst¬
1208 1313 2575 1386 weilen bis morgen früh auf sich zu nehmen. Die arme Marie kann endlich,
1213 1362 2569 1431 über die zweite Leiche steigend, ihren Max in einen andern Salon der Leut¬
1220 1410 2566 1494 nantswohnung reißen, um dort mit ihm bis zum Abmarsch den Ruf des
1214 1459 1639 1538 Lebens zu exekutieren.
1337 1499 2565 1590 Gab's also in den beiden ersten Akten genugsam theatralischen Spek¬
1208 1566 1984 1630 takel, so kommt im dritten Akt die Idylle.
1330 1620 2550 1675 Der merkwürdige Arzt, die gute alte Tante, ein abgewiesener, ab¬
1215 1668 2552 1720 grundfader Freier Mariens, diese selbst und zuletzt die nette, kleine Katharina,
1206 1718 2562 1778 die wochenlang verschollen war und jetzt plötzlich, eine neue Ophelia, mit
1215 1751 2573 1817 frisch gebügeltem Ballkleidchen, aber zerrissenen Schuhen — ist sie doch, dem Ruf
1219 1814 2567 1883 folgend, die Straße des Lebens fleißig abgelaufen — nach Hause kommt, um
1202 1861 2569 1914 die dritte Leiche abzugeben. Sonst geht alles friedlich und sanft ausklingend
1201 1900 1760 1974 im modernen Schlusse unter.
1328 1963 2550 2034 Wer schuld daran ist, daß dieses schon 1906 in Berlin durchge¬
1205 2010 2560 2086 fallene Stück jetzt den Wienern serviert wird, weiß ich nicht. Jedenfalls
1210 2077 2556 2131 nicht ein Freund Schnitzlers. Oder war es bloß eine Spekulation, die rä¬
1203 2119 2565 2173 sonierte: Schnitzlers Kreationen, jenseits des „Reigen“, sind pikante und
1210 2166 2563 2236 es muß doch auf die Wiener Weiber wirken, wenn gleich zwei Frauen in
1197 2208 2003 2278 einer Nacht zu einem Leutnant kommen!
1329 2267 2553 2334 Wie stillos und theatralisch ist dieses Stück! Diese Marie, wie roh
1206 2310 2556 2384 ist sie gezeichnet. Daß sie gegen ihren widerwärtigen Vater nur Pflicht,
1202 2370 2558 2415 schweigende Pficht tut, finden wir begreiflich, aber was wissen wir von ihr
1206 2414 2550 2468 sonst? Nichts, dis daß sie brünstig ist bis zum siebzehnten Grade. Daß
1207 2452 2550 2511 man aus Liebe mordet, kann gewaltig und schön sein — den Riegel auf zum
1204 2515 2551 2562 Tor des Lebens, wer den Weg verstellt, muß weichen —, aber diese aus allen
1209 2559 2561 2636 Poren spritzende Geilheit, neben dem Leichnam der Nebenbuhlerin betätigt, ist
1208 2607 1548 2682 einfach widerlich.
1322 2660 2547 2727 Wir denken nicht mehr mittelalterlich genug, um zu dulden, daß uns das
1204 2712 2542 2773 stärkste Gefühl im Menschen neben Hunger und Durst als Sünde deklariert
1205 2756 2555 2804 werde. Schnitzler hat auch die Notwendigkeit des raschen Handelns der Marie
1203 2814 2544 2866 genugsam aufgezeigt und offenbar geglaubt, was künstlerisch motiviert sei,
1193 2863 2551 2941 müsse auch ästhetisch befriedigend wirken. Leider versagt aber gerade diese
1196 2907 1998 2961 Argumentation durch die Roheit der Mache.
1316 2945 2543 3020 Besser ist Katharina weggekommen. Ihren Lüsten hängt Sch. ein
1192 3001 2535 3075 Mäntelchen um. Krank ist sie und nur kurz noch soll ihr Erdenwallen sein,
1188 3066 2551 3122 drum rasch ein Teil erfaßt von dem, was hier das „Leben“ heißt. Im letzten
1194 3104 2553 3170 Akt habe ich sie nicht verstanden. Vom Baume der Erkenntnis hat sie die Frucht
1189 3153 2541 3219 geholt, mit tändelndem Kinderwort aber, voll Keuschheit und süßem Nicht¬
1188 3199 2542 3254 verstehn, begleitet sie den Wiedereinzug bei der harrenden Mutter. Schloh¬
1180 3253 2565 3318 weiß und rein das Kleid, der Schuh aber zerrissen, welch mystisch=tief Mirakel.
1826 3349 1913 3442 30
