3484 4256
1565 290 2015 378 box 24/3
265 304 1410 393 19. Der Ruf des Lebens
1530 587 2214 690 Telephon 12801.
1309 684 2019 845 „OBSERVER‘
1141 802 2244 884 I. österr. behördl konz. Unternehmen für Zeitungs-Ausschaltte
1337 872 2063 951 Wien, I., Concordiaplatz 4.
1551 944 1866 1005 Vertretungen
1155 981 2246 1045 in Berlin, Budapest, Chicago, Christiania, Genf, Kopenhagen,
1165 1027 2244 1101 London. Madrid, Mailand, Minneapolis. New-Vork. Paris, Rom,
1327 1066 2098 1134 San Francisco, Stockholm, St. Petersburg.
1499 1111 1918 1168 (Quelienangabe ohne Gewähr)
1165 1187 1598 1268 Ausschnitt aus:
1604 1152 1990 1292 #. Pabwger
1163 1307 1323 1355 vom:
1979 1317 2206 1392 MiO
1444 1437 2020 1518 Cheater und Musik.
1268 1508 2288 1553 Dramatisches Theater. (Direktion: W. F. Kommissar¬
1153 1546 2312 1618 shewskaja) Am 6. Februar: „Kpuaz xnaun“ (Der Rus¬
1158 1593 2292 1652 des Lebens), Drama in 3 Alten von A. Schnitzler, übersetz
1159 1630 1755 1687 von P. Swesditsch und A. Tesi.
1807 1636 2283 1682 Das Lebensdrama, da¬
1155 1680 2294 1725 uns Schnitzter hier in künstlerisch wirksamer Stimmungsmalere
1160 1712 2296 1757 schildert, macht in seiner Gesamtheit genommen einen ungleichen
1151 1752 2293 1785 Eindruck. Der B ginn des ersten und der Schluß des letzten
1145 1785 2295 1831 Akts sind die Glanzpunkte des Dromas: erst das detaillierte, in
1150 1824 2292 1869 sorgsam naturgetreuen Nüancen gehaltene Bild eines traurigen
1159 1874 2296 1913 Familienlebens, die Alltagstragik, wie sie sich in engstem Raum
1160 1903 2299 1940 in der Stille kleiner Verhältnisse abspielt, dann im letzten Akt
1155 1943 2305 1989 die wehmütige, aber abgeklärte Anschauung des Lebens. Das
1151 1973 2299 2019 sind die schönsten Partien des Dramas. Die Mitte jedoch, be¬
1148 2020 2298 2057 sonders der zweite Akt, enthält trotz seiner dramatisch sehr wir¬
1157 2052 2296 2100 kungsvollen Szenen viel theatralisch Gekünsteltes, absichtlich auf
1151 2101 2299 2141 den äußeren Effekt Zugespitztes. Das Lebensverlangen, der
1157 2137 2298 2180 „Lebenshunger“, der das even erst ins wahre Leben blickende
1157 2177 2307 2239 Mädchen und den sterbenden alten Mann mit gleicher Sehnsucht
1152 2208 2293 2260 festhält, — bildet die Grundidee des Dramas. Mit dem krassen
1144 2251 2289 2297 Egoismus des durch sein Leiden verbitterten Kranken fesselt der
1155 2294 2293 2352 alte Mann, der täglich mit dem Tode ringende Rittmeister a. D.
1154 2331 2298 2381 Mosher seine Tochter an sein Krankenzimmer. Sie verkummert
1148 2372 2292 2416 an der Seite des griesgrämigen Vaters, der sie nicht von seiner
1138 2412 2279 2443 Seite lassen will. Das junge Mädchen verzehrt sich in Lebens¬
1151 2439 2279 2499 sehnsucht. Aber auch in der Seele des kränkelnden alten Mannes
1143 2488 2295 2520 ist noch der Lebenshunger mächtig. In diesem Antagonismus¬
1148 2528 2290 2570 ist der dramatische Konstikt gegeben, und die Erklärung des
1142 2549 2287 2615 Dramentitels — „Der Ruf des Lebens“. Die Lebensseynsucht
1136 2606 2284 2661 wird in der Seele des jungen Mädchens übermächtig, der Schrei
1144 2645 2279 2692 nach dem Leben ertönt so laut, so gebieterisch in ihrem Innern,
1147 2670 2289 2742 daß sie alle Rücksicht vergißt und nur dem Rufe des Lebens
1148 2711 2281 2766 folgt. Bei einem erneuten Ausbruch des egoistischen Lebens¬
1138 2756 2285 2813 hungers des Sterbenden, läßt sie sich zu einem Verbrechen hinreißen:
1147 2791 2281 2854 in ihrer Hand liegt es, aus einem Flaschchen mit einem Schlaftrunk
1145 2826 2283 2899 eine tödlich wirkende Dosis dem Kranken zu reichen... Nach
1148 2868 2287 2912 vollbrachter Tat flieht sie hinaus aus dem Sterbezimmer, der
1138 2916 2286 2966 Lebenshoffnung entgegen. Bittere Entläuschung bietet ihr
1136 2949 2287 3010 der erste, heißverlangende Blick ins Leben. Aber sie ist dem
1161 2985 2287 3031 Rufe des Levens“ gefolgt und kennt keine Reue ... Die welt¬
1133 3014 2287 3075 liche Justiz hätte die Verbrecherin gerichtet, aber eine höhere
1130 3060 2289 3120 Weltanschauung, die in der Person eines Arztes, eines Mannes
1142 3106 2281 3145 mit reiser, durch Leiden abgeklärter Lebenserfahrung, verkörpert
1130 3137 2281 3205 wird, spricht die Sünderin frei. Das ist die krasse „Moral“
1135 3183 2291 3225 des Lebensdramas, wenn man in einem Kunstwerk überhaupt
1145 3215 2287 3275 mit bürgerlichen Moralbegriffen rechnen darf und nicht mu der
1138 3258 2275 3302 bloßen Schi derung des Lebens, wie es sich dem Künstlerauge
1133 3298 2292 3338 bietet und sich im Kunstwerk spiegelt. Ein Kunstwerk ist aber
1134 3334 2285 3398 das Drama Schnitzlers in allen seinen Teilen, auch da noch,
1144 3375 2279 3432 wo es um der Bühnenwirksamkeit, willen in den künstle¬
1133 3415 2289 3460 rischen Mitteln nicht sehr wahlerisch ist: in der Episode, die
1135 3454 2276 3491 die Lebensmomente eines Offiziers schildert, der in Kampf und
1144 3492 2292 3540 sicheren Tod hinausziehen muß. Denn das Regiment, dem er
1141 3531 2287 3594 angehört, hat sich dem Tode geweiht, als Suhne für die
1140 3567 2278 3608 Schmach, die einst — vor dreißig Jahren — dasselbe Regiment
1134 3602 2283 3648 auf sich geladen hat, als es vor dem Feinde die Flucht ergriff.
1144 3640 2286 3693 Diese Episode wird sehr geschickt mit der Haupthandlung ver¬
1145 3681 2289 3726 voben. Der Rittmeister, der damals an der Spitze seiner
1141 3729 2283 3769 Schwadron in jähem Schrecken das Zeichen zur Flucht gab, in
1131 3767 2282 3799 der sterbende alte Mann, dessen letzte Lebensstunden der erste
1136 3798 2283 3852 Akt schildert. Und der junge Offizier, der in den sicheren Tod
1143 3839 2281 3891 gehen muß, ist es, der die Lebens= und Liebeshoffnung des
1142 3878 2280 3947 jungen Mädchens verkörpert. Aufdringlich störend inmiten der
1140 3918 2278 3980 sein nüancierten Stimmungsmalerei wirken in dieser Exisode
1129 3957 2275 3997 die theatralischen Szenen, die sich aus der Eisersucht des Regi¬
1126 3992 2278 4051 mentsobersten ergeben, der seine ungetreue Gattin erschießt.
1128 4027 2271 4072 Das fällt aus dem Rahmen des Stückes heraus. Ebenso er¬
1134 4068 2264 4120 scheint die Figur des Forstadjuntten Eduard Rainer, der das
1136 4106 2282 4169 junge Mädchen ohne Gegenliebe liebt, etwas hölzern. Oder ist
1125 4149 2281 4189 es die Schuld des Darstellers, Herrn Feonu, der die ganze
1128 4183 2278 4229 Zeit eine zu steife Haltung bewahrt? Noch eine kleine
