3484 4256
685 93 1144 177 „Der Ruf des Lebens.“
422 124 1246 221 Schauspiel in drei Akten von Arthur Schnf
1222 176 1397 266 Aene
739 195 1079 267 Zum erstenmale.
493 237 1380 338 Schnitzler, einer der liebenswürdigsten Poeten
425 299 1379 374 der neuen Wiener Richtung ist Arzt; die Phathologie
423 342 1378 422 ist auch der Grundzug seiner dichterischen Arbeiten,
427 384 1375 474 in denen er mit Vorliebe das Problem des Todes
426 425 1368 528 behandelt — ein Problem, das für den ernsten
412 478 1368 561 Denker nur die unvermeidliche Kehrseite der Leben:¬
415 530 1369 616 freude darstellt. Ein solches Spiel mit dem Seusen¬
412 565 1372 669 mann, vor dessen Angesicht sich ein armes gequältes
410 622 1358 714 Menschenkind sinnlos in den Strudel des wild auf¬
407 661 1359 757 schäumenden Lebens stürzt, ist unsere jüngste Neuheit.
411 724 1364 814 Das Schauspiel wurde bereits im Jahre 1909 im
412 750 1355 853 Berliner Lessingtheater aufgeführt. Schnitzler hat
403 809 1364 911 seitdem einige Aenderungen daran vorgenommen,
389 871 1359 942 die sich zumeist auf die Dialogform beziehen und
392 910 1360 992 die Handlung des Stückes unverändert lassen. Im
398 955 1363 1051 Mittelpunkte der fast überreichen Vorgänge steht
398 1010 1358 1102 Marie, die junge, lebensheischende Tochter des alten
398 1050 1352 1139 Moser. Dieser hat vor 30 Jahren als Rittmeister
397 1100 1357 1181 seine Eskadron vor dem Feinde zur Flucht veran¬
399 1146 1346 1230 laßt und so das gonze Regiment der blauen Kü¬
398 1197 1347 1296 rassiere mit Schmach bedeckt. Jetzt ist wieder Krieg;
377 1239 1337 1344 die blauen Kürassiere rücken wieder gegen den Feind
387 1296 1342 1390 aus; aber diesmal wollen sie die bis heute unge¬
379 1328 1345 1426 fühnte Schmach wieder gut machen — bei der
376 1400 1331 1490 nächsten blutigen Affaire stellen sie sich freiwillig an
380 1437 1342 1521 die gefährlichste Stelle um bis auf den letzten Mann
378 1483 1332 1577 den Heldentod zu sterben. Der alte Moser, im er¬
374 1519 1340 1623 drückenden Bewußtsein seiner damals verübten Feig¬
371 1570 1342 1677 heit, quält sich und seine ihn aufopfernd pflegende
367 1622 1327 1725 Tochter bis aufs Blut. Doch tief in ihrer Brust
370 1672 1325 1775 hegt sie eine schöne Erinnerung: eine selige Ball¬
362 1727 1321 1822 nacht, die sie mit einem jungen Offizier einmal
348 1771 1343 1890 durchgetanzt hat. Eben dieser Offizier soll morgen,
399 1906 1369 1988 Früh mit den totgeweihten blauen Kürassieren ins
415 1949 1374 2046 Feld ziehen. Da erfaßt das schon verzweifelnde Mädchen
423 2003 1373 2087 ein unbezwingliches Verlangen, wenigstens einmal in
420 2049 1380 2137 vollen Zügen das Leben zu genießen. Sinnlos von
413 2099 1387 2188 ihrem aufschreiendem Blute, gibt sie dem kranken
417 2142 1374 2217 Vater einen Schlaftrunk der — wie der Arzt sagt —
416 2206 1379 2283 für 100 Nächte reicht, und eilt zu dem todgeweihten
420 2245 1382 2322 Geliebten, um sich ihm für eine wilde Nacht hinzu
429 2290 1396 2371 geben. Sie findet ihn — im Banne einer anderen,
420 2334 1385 2417 der Frau seines Obersten, die ihn überreden will zu
432 2381 1393 2456 desertieren und mit ihr ins lachende Leben hinaus
427 2444 1405 2528 zu fliehen. Hier wird das arme von Liebesqualen!
439 2480 1402 2568 erbebende Mädchen Zeuge wie der beleidigte Gatte
442 2526 1406 2596 erscheint, seine treulose Frau niederschießt und dem
433 2585 1397 2653 ehrlosen Verführer bitteren Hohnes den Rat gibt,
445 2631 1382 2702 selbst Hand an sich zu legen. Und trotzdem fliegt sie
434 2681 1406 2757 dem Ideal ihrer überhitzten Einbildungskraft an den
435 2717 1403 2792 Hals. Die beiden ersten Akte sind atemversetzende
433 2761 1419 2841 Meisterwerkelückenlos fest gefügter Motivierungskunst
483 2817 1407 2893 — und der Dialog, Schnitzlers stärkste Seite, ent¬
450 2865 1418 2957 hüllt uns eine Welt von abgeklärter Weisheit und
456 2914 1419 2984 Güte. Der Schlußalt verglimmt in lyrischen Aus¬
448 2960 1416 3052 klängen. Schnitzler sieht in der tragischen Heldin
449 3021 1412 3092 nicht eine Schuldige, er ist der warmfühlende Arzt,
451 3054 1420 3151 der das Düster der vom Schickal zermürbten Seele
453 3119 1422 3180 versteht und heilen möchte. — Die Aufführung war
461 3151 1432 3228 sehr gut vorbereitet und machten besonders die
464 3199 1421 3282 beiden ersten Akte auf das sehr gut besetzte Haus
452 3247 1421 3323 einen starken Eindruck. Vortrefflich war Frl. Me¬
455 3300 1416 3378 delsky als Marie — schlicht, und von sichtlich
460 3347 1430 3425 verhaltener Lebensglut erfüllt. In der Rolle des
472 3390 1432 3485 jungen todesfreudigen Offiziers Max fand Heir
478 3448 1437 3527 Onno eine prächtige Aufgabe. Eine scharf umrissene
481 3502 1441 3571 Charakterzeichnung war der alte Moser des Herrn
478 3556 1443 3611 Max Schütz. Der Oberst des Herrn Faber war
483 3599 1447 3664 nicht ganz auf den todgeweihten Ernst der Situation 1
467 3619 1452 3718 eingestimmt. Sehr brav hielten sich Herr Dr. Man¬
475 3681 1446 3766 ning als Arzt, Hr. Rittig als eine Art Bracken¬
470 3739 1439 3811 burg, Hr. Balder als lebensfreudiger Todeskan¬
481 3780 1437 3860 didat, sowie Frl. Klein als schlicht bürgerliche
481 3826 1442 3924 Mutter. Die Rolle der geistig umnachteten Katha¬
483 3876 1444 3953 rina war bei Frl. Fels weniger gut geborgen. Hr.
486 3934 1452 4016 Schnitzler. der der Vorstellung beiwohnte, wurde
494 3967 1467 4062 wiederholt durch stürmischen Beifall und Her¬,
1295 4008 1444 4086 P. Rx“
500 4045 902 4111 vorrufe ausgezeichnet.
2509 700 2870 791 Telephon 12.801.
1952 855 2624 944 „UBOEIVEN
1792 910 2890 1003 1 österr. behördl. konz. Unternehmen für Zeitungs-Aussohnitte
1928 984 2769 1094 Wien, I., Concordiaplatz 4.
2116 1071 2550 1151 Vertrefungen
1799 1108 2877 1194 in Bezlin, Budapest, Chicago, Christiania, Genf, Kopen¬
1798 1170 2885 1234 hgene London, Madrid, Mailand, MAinneapolis, New-Vork,
1840 1216 2848 1285 Paris, Rom, San Francisco, Stoch m, St. Petersburg.
2133 1250 2562 1316 (Quellenangabe ohne Gewähr).
1805 1307 2168 1397 Ausschnitt aus:
1806 1434 1942 1486 vom:
2012 1463 2814 1596 Prager Abendblatt
2126 1620 2569 1716 Theater.
1892 1692 2819 1759 z. x. Deutsches Landestheater. Ein Schulte
1830 1736 2809 1807 HLar-Abend bedentet von voruberein einen Ruf ins
1862 1773 2821 1840 Literarisch=dramatische. Man muß ihm odne weiteres
1857 1823 2808 1876 folgen, wie feues glühende Mädchen „Dem Ruf
1866 1859 2801 1919 des Lebens“ folgt, dem despotischen Vater, der
1864 1896 2798 1968 ihm die Tür ins Leden versperrt, den Tod durch den
1860 1931 2800 1992 „beilenden Schlastrunk“ gebend. Bei uns ertönte gestern
1864 1965 2812 2018 zum ersten Male „Der Ruf des Leben s“ (in
1855 2011 2802 2062 döhmischer Sprache ist das heiß umstrittene Schnitzler¬
1857 2056 2790 2106 Drama — und zwar im Weinberger Theater — be¬
1864 2091 2794 2132 reits gegeben worden). Zwei Akte bindurch blieb das
1867 2104 2800 2189 Publikam gefesselt durch die Sprache und die Span¬
1869 2157 2811 2224 nung der stark ineinandergreifenden Vorgänge. Der
1874 2197 2812 2259 britte Akt siel ab. Allerdings ist er eine Art von Epilog
1866 2234 2804 2291 und im ganzen mehr auf Stimmung berechnet. Die
1868 2278 2805 2318 konnte sich nicht recht einstellen, weil die Darstellerin
1877 2312 2804 2362 der heiklen Rolle einer dem Mutterhause entlaufene
1879 2349 2801 2407 Tochter, die dem „Rufe des Lebens“ gleichsam gefolgt
1880 2384 2802 2439 war, und vom Lebensgenuß zerbrochen nun zum
1877 2418 2813 2470 Sterben zur Heimat kommt, weil Frl. Fels nicht
1886 2457 2805 2522 genung Innerlichkeit besitzt, diese Szenen der Auf¬
1887 2496 2808 2557 lösung über das Larmoyante herauszuheben. Frl.
1881 2535 2813 2588 Medelsky ihrerseils hatte alle Akzente der Lei¬
1873 2572 2815 2626 denschaft für das nach Leben und Liebe lechzeude
1879 2610 2810 2675 Mädchen, das über des Vaters Leiche in die Arme
1880 2653 2815 2715 des Geliebten eilt, um dort die gräßliche Enttänschung
1882 2686 2800 2750 zu erfahren, daß er, der obnedies am nächsten Mor¬
1872 2722 2808 2779 gen in die todbriugende Schlacht zu ziehen hätte, sich
1883 2765 2810 2805 noch vorder und „wegen einer andern“ wegen der
1890 2804 2808 2855 Frau seines Obersten, selbst erschießen muß. An der
1895 2836 2808 2900 ungetreren Gattin bat der Oberst selbst bereits das
1891 2866 2818 2933 sötende Rächeramt verübt. Dies „wegen einer an¬
1887 2904 2819 2967 deren“ hat Schnitzler aus der „Liebelei“
1882 2949 2815 3003 herübergeleitet, nur wirkte es darin elementarer, unge¬
1886 2985 2822 3044 suchter. Frl. Medelsky hatte für die späteren
1891 3035 2815 3080 Szenen dann auch den zerquätten Ausdrock resiquierter
1879 3069 2815 3114 Reue. Deu barten, despotischen Vater gibt Herr
1879 3101 2813 3166 Schütz. Scharf und zäh, aber stellenweise sehr un¬
1886 3144 2827 3183 deutlich. Die beiden jungen Offiziere der „blauen
1879 3176 2825 3215 Husaren“, die als erste ins Feuer vor den Feind
1888 3210 2813 3257 müssen, weil vor 30 Jahren die „blauen Husaren“
1892 3248 2821 3300 durch Flucht vor dem Feinde den Verlust der Schlacht
1890 3288 2821 3341 verursachten, vertreten die Herren Onne und
1892 3332 2817 3377 Balder, den „Obersten“ gibt Herr Faber. Deu
1884 3362 2823 3417 sonderbaren Charakter eines „Wohltäters der Menich¬
1884 3407 2818 3455 heit“, eines Arztes nämlich, hat Herr Manning
1894 3437 2820 3495 zu zeichnen; sonderbar scheint er darum, weil er in
1887 3483 2816 3546 mitleidigem Zureden dem an das Krankenzimmer des
1887 3512 2813 3567 Vaters gelefsetten Mädchen den Spruug ins „Leben“
1895 3549 2822 3612 sörmlich suggeriert, weil er die schlummernden Be¬
1895 3586 2826 3643 gierden erweckt und durch das leichtfertige Eindän¬
1899 3640 2817 3677 digen des gefährlichen Schlafmittels der aufgereizien,
1902 3667 2817 3718 liebesdürstenden Tochter die Mordwaffe gegen den
1899 3699 2825 3748 Vater direkt in die Hand drückt. Kann es den über¬
1887 3737 2826 3796 haupt solch einen Arzt geben, Herr Dr. Schnitzler?
1967 3781 2823 3833 Frl. v. Helling nad Frl. Klein sowie die
1890 3824 2824 3867 Herren Rittig und Schütz jun. sind in kleineren
1894 3850 2825 3920 Aufgaben beschäftigt in diesem „Lebensrufe“, den Herr
1884 3886 2810 3966 Dr. Eger mit viel szenischer Stimmung umgab.]
