3436 4352
1614 211 2066 294 box 24/5
300 220 1454 312 19. Der Ru#des Lebens
1120 1205 1820 1329 Warm Aulage-Zestung
2074 1351 2440 1419 W
1792 1421 2696 1473 Die Herren Werner=Kahle, Rehberger und Eh¬
1792 1454 2689 1510 mann lieferten mit den einfachsten Mirkeln und
1804 1491 2700 1553 in anspruchslosester, dafür aber=umso wirk¬
870 1383 1346 1570 Theatern
1794 1530 2697 1585 samerer Form scharf umrissene, lebenswahre
1794 1573 2693 1621 Gestalten. Die anderen kläsierten dort, wo sie
1800 1612 2692 1670 Innigkeit oder Ergriffesheit, und brüllten oder
852 1542 1314 1701 der biedershll
1672 1635 2697 1708 freischten, wo sie Erregung und Leidenschaft
1795 1683 2707 1741 ausbrücken sollten. Den verraterischen, tückischen
951 1678 1771 1759 Seit der Revolütion, die wenignens formell
1791 1722 2696 1779 Rauhbein Moser dem vortrefflichen Goetz auf¬
862 1739 1769 1791 gewisse jener entwürdigenden Schranken beseitigte,
1795 1768 2698 1814 zuzwingen, war, gelinde gesagt, Unvernunft.
871 1782 1763 1822 vie sie während des früheren Reg mes leider
2224 1802 2647 1862 äußere oder innere
1800 1803 2225 1864 Welche Eigenschaft —
855 1814 1768 1871 uuch für die Kunst und deren Jünger maßgebend
1793 1835 2697 1892 sollte Goetz für diese Partie mitbringen? Mit
858 1870 1768 1913 zewesen, ist Schnitzler in die Mode gekommen.
1794 1891 2704 1933 der Art Fräulein Deneras kann man sich beim
875 1895 1767 1943 Besouders das Deutsche Volkstheater nimmt sich
1796 1921 2699 1957 besten Willen nicht befreunden. Ihre Mimik ist
875 1938 1775 1985 i Gegensatz zum Burgtheater, das jetzt beinahe
1793 1953 2698 2014 überaus eindrucksvoll und echt, aber das langt
870 1972 1769 2020 ausschließlich in Extremen arbeitet. Schnitz ers
1802 1997 2698 2054 günstigsten Falles für den Film. Als Sprecherin
864 2018 1771 2063 #ifrig an. Nach dem „Pro#essor Bernharti“, der
1799 2038 2709 2084 enttauscht sie immer mehr, und auch ihre Auf¬
864 2054 1773 2113 ein Sensationserfolg war, ertönt abermais der
1794 2077 2701 2131 fassung steht in sonderbarem Widerspruche zu
874 2099 1778 2151 „Stuf des Lebens“, fieilich mit um so weniger
1802 2119 2708 2169 Geist und Bildung der Rolle. Fräulein Rosen¬
877 2146 1777 2184 Anwartschaft, vom breiten Publitum gehört zu
1797 2163 2697 2207 quist und Frau Thaller fanden stellenweise die
874 2170 1778 2220 werden, ais dieses Drama nicht von der Zenfur
1804 2187 2699 2237 richtige Distanz, Frau Wagner schrie eine
867 2207 1776 2252 verboten war, somit einer primitiven Voraus¬
1804 2232 2694 2278 Episode in Grund und Boden, starb aber mit
870 2245 1777 2306 ietzung revolutionäter und frisch-republitanischer
1794 2266 2696 2308 Geschick und Anstand. Herr Onno paßte für den
850 2289 1540 2345 Theuterekfordernisse nicht entspricht.
1794 2308 2696 2354 jungen Reiteroffizier so wie Herr Goetz für den
958 2314 1770 2371 „Schnitzler hat das dreiattige Schauspiel im
1797 2356 2695 2399 alten. Die Herren Danegger und Teubler über¬
830 2359 1779 2411 1905 veröffentlicht und es Hermann Bahr
1799 2387 2691 2435 schäumten von Edelmut, Entsagung und Ver¬
857 2406 1784 2466 #aewidmet, der damals noch Hermann Bahr war;
1805 2426 2693 2470 ständnis. Es war jedoch kein Sekt, sondern nur
864 2447 1778 2493 die Uraufführung fand im Jahre 1906 im
1797 2455 2709 2504 Soda mit Zitrone oder Himbeer. Die Regie
861 2484 1779 2543 Berliner Lessing=Theater statt. In Wien sah man
1791 2497 2705 2550 führte Dr. Bernhard Reich arm. Das Pferde¬
865 2530 1779 2600 das Stück zum erstenmal im Deuischen Volls¬
1792 2541 2705 2590 getrappel beim Vorbeimarsch der blauen Küras¬
863 2560 1776 2624 heater, und zwar in einer Be etzung, die erinnert
1797 2580 2709 2632 siere z. B. erinnerte bald an das Geräusch beim
860 2612 1774 2648 #man sich ihrer in unseren Tagen, nur Wehmut
1791 2615 2711 2664 „Anmäuerl“=Spiel unserer Straßenjugend, bald
861 2640 1779 2701 uslöst, da sie ziemlich brutal leort, welche
1817 2652 2700 2698 an eine Demonstration von Backfischen oder
864 2670 1778 2745 Künstter Wien seither anscheinend unwiderbring¬
1795 2692 2667 2742 Ehrenjungfrauen mit hochbestöckelten Schuhen.
861 2723 1204 2784 lich verloren hat.
1874 2740 2709 2783 Das Publikum zollte dem illustren Dichter
984 2739 1782 2809 „Der Ruf des Lebens“ der die Probleme
1796 2769 2706 2814 respektvoll-kühlen Beifall. Schnitzler unterwarf
871 2791 1775 2844 des Sich=Auslebens, des Lebens überhaupt und
1794 2815 2707 2865 sich dem Klatsch= und Johlterror einiger tyran¬
872 2835 1775 2881 der fortzeugend Böses gebälenden bösen Tat
1803 2841 2717 2918 nischer Stehparterreler nicht; er blieb unsichtbat
869 2869 1771 2921 ziemlich weitschweifig, mit peinlich deutlicher
1799 2885 2696 2929 Nun werden die Erbosten gewiß einen Steh¬
876 2920 1773 2974 Effekthascherei, ermüdender philosophisch=theoreni¬
1802 2924 2715 2967 parterrergt einnichten und das nächstemal Buda¬
872 2948 1779 2999 scher Dia ogführung und in oft unbegreiflich
1783 2963 2414 3030 „pester-Klnstmethoden anwenden.
870 2994 1777 3041 schwulstiger Sprache entrollt, fällt in jene Perrode¬
2177 2983 2703 3069 Dr. Alexander Salkinde“
876 3036 1790 3082 des poctischen Schaffens Schnitzlers, da der Dichter
868 3071 1778 3121 sein ureigenes Gebiet verlassen hatte und ins
876 3112 1770 3159 mustisch= verschwommene Revier der „Neuen“
877 3146 1794 3202 pieschen ging. Glücklicherweise hat der Jagd¬
874 3193 1797 3254 ausflug nicht lange gedeuert, und Schnitzler fand
869 3230 1285 3279 bald wieder heim ..
950 3246 1792 3317 Die neue Besetzung des Dramas hat die
867 3287 1786 3354 frühere, und namentlich jene bei der Premiere
887 3339 1788 3392 in Berlin, doppelt schmerzlich vermissen lassen.
872 3379 1796 3430 Es war geradezu unerquicklich, zumal nur eine
881 3411 1785 3480 in der Tat hervorragende Darstellung diesem
875 3460 1791 3517 Stück zu Publikumswirkung zu verhelfen ver¬
870 3498 1780 3546 möchte. Um mit der Anerkennung zu beginnen:
1685 3563 1795 3611 —
