3436 4352
903 221 956 285 d
1117 223 1172 288 L
1597 215 2046 309 box 24/5
281 214 1426 323 19. Der Rilf eee
1125 512 1669 596 (Quellenangabe ohne Gewähr.)
1678 530 1791 602 FOE
1310 552 1599 612 S
824 602 1232 689 Ausschnitt aus:
1439 595 1723 697 Sur
1126 649 1371 733 PaNOUTOTE
828 714 1003 776 vom:
1117 800 1784 891 Theater und Runst.
803 856 2054 952 NDer Ruf des Leben, Schauspiel in 3 Akten von Rethnr
1065 932 2038 995 I. Mach den Darlegungen die unser Then
807 951 2054 1018 ter seine dramatischen Auffasungen gab
818 1017 2042 1084 waren wir uns ja gleich klar, daß er für den Schnitz¬
823 1070 2067 1117 lerabend wieder just das größte Machwerk wählen
811 1121 2052 1175 würde. Und die gestrige Aufführung gab uns recht.
820 1174 2056 1227 Dabei war sie aber trotz dreier Leichen auf der Bühne¬
812 1215 2060 1282 recht heiter. Drum müssen wir schon auch den Hergang
820 1279 2054 1335 erzählen: 1. Akt. Ein alter Rittmeister der seine Toch¬
814 1312 2066 1388 ter bis aufs Blut peinigt, diese ein Mädchen, das aus
817 1381 2061 1428 den bröhnenden S#ritten der in den Tod gehenden
822 1411 2050 1473 Schwadronen den Ruf des Lebens heraus ört. den Va¬
818 1460 2070 1512 #ter, der ihr eben noch beichtet, daß ihn vor 30 Jahren
823 1508 2068 1558 auf dem Schlachtfeld eine wilde Angst faßte und in die
803 1548 2063 1623 Flucht trieb, vergiftet — um von der Leiche weg einen
810 1595 2064 1671 Offizier in die Arme zu laufen, der sie erst recht zurück¬
814 1656 2061 1723 stößt. Schwächliche Damen im Zuschauerraume rufen
811 1698 2062 1761 „Schrecklich!“ Zunächst peinliche Stille; dann dreht sich
807 1747 2068 1812 der Theaterindentant feierlich um, zu sehen, ob die zahl¬
810 1799 2065 1857 reich anwesenden Offziere am Rittmeister und ihre
814 1842 2067 1909 Töchter an dessen Tochter Gefallen fänden. Ein wenig
821 1882 2065 1966 Boifall, der den Spielern Czernitz und Hardt
814 1948 2066 1995 gilt. Dann der 2. Akt. Ein Oberst, der vor dem Auszug
821 1996 2062 2076 in den Krieg mit seinem Leutnant was zu bereinigen
822 2042 2046 2111 hat, eine Frau Oberst, die im Aufzug einer Straßen¬
808 2092 2047 2155 dirne ins Zimmer des Lentnants stürzt, ihn zum sei¬
819 2142 2052 2204 gen Drücken bereden will und wieder der Oberst, der
814 2185 2060 2257 durchs Fenster steigt, seine Frau erschießt; und der
813 2242 2054 2292 Theaterindentant, der sich umbreht, zu sehen ob den
812 2284 2053 2344 anwesenden Offizieren der Hohn auf der Bühne gefällt.
817 2339 2046 2403 3. Akt: Ein histerisches, militärverrücktes Mädchen, das
827 2381 2046 2429 schon in den früheren Akten nebenher gelaufen, und
817 2420 2050 2484 aus dessen Schwärmereien wir auch jetzt nich klug wer¬
816 2465 2062 2538 den, entzieht uns endlich der Tod, dazwischen Gerede
814 2516 2062 2597 von Buße und ähnlichem, das niemand versteht. Wir
819 2566 2060 2645 hören gerade nur heraus, daß die Vatermörderin in
817 2607 2056 2683 ein Lazarett gehen soll, jedenfalls um den Rus des Le¬
813 2662 2057 2731 bens auch unter die armen Feldgrauen zu tragen. Und
822 2716 2045 2762 wieder der Theaterindentant, der aber diesmal — es
823 2763 2048 2831 ist schrecklich — sehen muß, daß die Zuschauer ihm und
820 2811 2048 2863 dem Theater bereits den Rücken gekehrt haben. Der ma¬
814 2860 2051 2924 gere Beifall, der sich zeigte, galte wohl nur den Theater¬
822 2915 2047 2970 lieblingen Czernitz und Hardt, die sich in den Rollen
819 2964 2056 3006 etwas zurecht gefunden hatten, daneben vielleicht noch
817 3007 2063 3073 ein wenig Lerach und Enzinger, Hoppe und
815 3053 2059 3132 Ander; die übrigen Spieler wußten mit ihren Rol¬
820 3096 2067 3159 len bis zum Schluß herzlich wenig anzufangen, was wir
828 3150 1478 3204 ihnen nicht verargen wollen.
881 3192 2074 3252 Nur eines wollen wir heute noch fragen? Muß die
813 3253 2062 3299 Salzburger Bühne wirklich von Stufe zu Stufe sinken,
819 3299 2063 3347 daß sie sich zu einem Hohn auf die Feldgrauen hergeben
825 3336 2071 3412 darf? Es wär uns um den Platz leid, eigens anzumer¬
817 3390 2070 3450 ken, von welchen deutschen Militärkommandos die Auf¬
822 3438 2067 3491 führung des Machwerkes verboten wurde. Wir wissen,
810 3493 2062 3552 die Theaterindentantur sagt: „Wiener deutsches Volks¬
816 3525 2065 3599 theater“ ohne freilich behaupten zu können oder auch
813 3582 2062 3631 nur zu wollen, daß Salzburgs Bürgerschaft alle Halb¬
813 3636 2048 3692 und Lebeweltmarotten mitmachen will. Aber ein an¬
814 3670 2066 3748 deres ist's. Wie wir hören, bewirbt sich Direktor Bla¬
815 3732 2052 3786 sel um die Direktion des Theaters in Innsbruck,
819 3779 2060 3841 und da hat er wohl auch die dortigen Theaterverhält¬
818 3822 2070 3887 nisse studiert und gesehen auf welcher Höhe dort die
832 3854 2059 3947 Klassikeraufführungen stehen. Möchte er nicht zuerst auf
816 3925 1983 3994 eigenen Institut mit dem Weg zur Höhe beginnen
943 4014 1936 4097 Spielplan des Staditheaters in Salzburg.
816 4093 2055 4171 Sonntag, den 28. November, 3 Uhr: Der Zigenner¬
886 4134 1062 4182 Baron.
