3436 4384
279 230 1454 341 19. Der Ruf des Lebens
1596 246 2062 347 box 24/2
2909 1502 2968 1587 mun
1682 1557 2898 1643 neuesten Drama gesprochenen Worten: „Das sind meine
426 1549 1657 1655 (Akthur Schnitzlers „Der Auf des Lebens“.
2898 1573 3366 1641 ein „Stück von ihr“
1689 1596 2471 1672 Wege von Irrenden zu Lei enden ..
2561 1607 2898 1688 von Leidenden
2905 1614 3379 1682 Glück, von dem sie sp
535 1621 1608 1706 (Zur Lessingtheater=Première, 25. Februar 1906.)
1684 1653 2598 1714 zu Sterbenden“ völlig identifizieren können.
380 1632 509 1733 0
2914 1657 3388 1727 zarten Reflex sehee
545 1668 1672 1751 Mit besonderer Liebe, die er wohl seinem ursprüng¬
1789 1687 2908 1762 Aber der Haß gegen den stumpfen, alle Energieen,
2905 1699 3388 1777 Wiederspiel fühlen
452 1716 1668 1802 lichen Beruf entnahm, taucht der Arzt Arthur
1689 1740 2899 1811 jede Hoffnung und jede Sehnsucht lähmenden Tod wird
2906 1754 3363 1824 ver#iterten, bissigen
445 1759 1658 1845 Schnitzler seit Je in die dunklen, verschlugenen La¬
1676 1782 2892 1859 bei Schnitzler nun zu einem leidenschaftlichen Hindrängen
2913 1797 3375 1871 sehnenden Kinde die
450 1812 1669 1883 b####deuen sich jener Grenzpunkt findet, da Tod
1676 1830 2892 1903 auf den reinen Lebensgenu;, auf die kraftvolle Betonung
2909 1851 3364 1915 Reden und die Bel
445 1862 1670 1931 und Leben einander für eine eilig vorüberhuschende Se¬
1678 1877 2894 1945 aller gesunden, ehrlichen und innigen Freuden. Mit einer
2908 1888 3318 1960 Martyrium macht.
453 1907 1666 1977 kunde die Hand reichen, und das eine unter der harten
1684 1914 2906 1989 Ichphilosophie, die ihre Formen absichtlich deutlich
2893 1926 3328 1994 das den Keim der
451 1955 1664 2027 Berührung des Andern blitzesschnell verdunstet. Ja, noch
1681 1967 2903 2021 wählt, sie nicht in dokirinärer Rede, sondern in plastischer
2896 1976 3364 2049 den Mut, (um siche
458 1995 648 2052 mehr
852 2004 1667 2073 Auch die weiteren Verbindungslinien
1675 2004 2901 2088 Bildhafligkeit gestallet, will er jetzt jenen Grenzstrich
2898 2020 3378 2100 obern) von der alter
440 2016 1668 2119 will er finden, die von den Abgestorbenen (oder den
1679 2061 2889 2133 zwischen Tod und Leben, den er seit Jahren umspürt,
2894 2070 3331 2136 Manne zu laufen.
436 2092 1670 2144 erst Absterbenden) bis ins heiße, laute Leben hinab¬
1673 2097 2900 2157 verbreitern. Er will die Erziehung zur Kühnheit,
2894 2121 3334 2187 zubinden, müssen
450 2141 1660 2211 reichen und zu Geschicken führen, die auf diese Art sozu¬
1681 2143 2903 2215 die Nietzsche anbahnte, auf diesem Spezialgebiete wieder
2892 2156 3354 2236 kommen, die den Poe
445 2185 1661 2235 sagen aus dem Grabe heraus ihre Direktiven erhalten.
1673 2200 2889 2249 aufnehmen, und seine Hand weist vom Kult des Grabes
2899 2209 3352 2278 zu sprechen, mit dem
453 2224 1656 2284 In einer der feinsten Skizzen aus dem Novellencyklus:
1669 2246 2900 2291 auf den grünen Teppich des Lebens. Wo er reichlich
2903 2255 3353 2332 einander geraten las
451 2273 1666 2321 „Die Frau des Weisen“ findet man eine besonders deut¬
1674 2278 2896 2341 ein und ein halbes Jahrzehnt lang Verneinendes gab:
2890 2304 3321 2365 von ihr Erwählte
446 2312 1662 2380 liche Spur dieses düsteren Pfadfindertums. Noch von der
1672 2319 2897 2408 die Einflüsse des Todes, dessen Modergeruch auch noch
2884 2333 3335 2424 nächsten Morgen 8
440 2376 1668 2425 Erinnerung an ihre letzten Küsse bebend steht ein Mann
1669 2366 2885 2445 blühende Existenzen geistig, physisch, moralisch faulen
2892 2381 3060 2461 wird
3228 2397 3338 2449 Sie
449 2406 1662 2474 unvermutet vor der Bahre seiner Geliebten. In dem
1675 2408 2342 2485 läßt, will er jetzt bejahen
2572 2418 2890 2494 oder wenig¬
2887 2413 3367 2503 alte Schuld zu fühne
441 2436 1666 2519 Schauspiel „Das Vermächtniß“ zeigt sich, wie in den
1680 2463 2881 2541 stens eine Möglichkeit zu einem positiven Resultat geben.
2887 2483 3364 2563 i opfern soll, ihr eigen
443 2517 1665 2563 Lebenden Erinnerungen und Pietäten vom plumpen Edilt
1676 2515 2885 2592 Freilich muß dieses erst erobert werden: erobert durch ein
2885 2520 3170 2595 eine Nacht
436 2544 1657 2605 der realen Notwendikeit langsam vernichtet werden. In
1674 2555 2880 2612 heroisches Abstreifen aller weichlichen und zagenden Re¬
2897 2569 3356 2647 rächen. So reicht
438 2586 1654 2648 der „Gefährtin“ fällt auf das Andenken der Dahinge¬
1662 2609 2884 2675 gungen. „Wen die andern kümmern, der darf nicht glück¬
2898 2617 3121 2679 Zärtlinge,
3246 2622 3368 2698 oeim
443 2633 1329 2689 schiedenen selbst ein schwarzer Schleier
1462 2642 1663 2707 : denn,
1671 2651 2896 2720 lich sein!“ Man lasse also vollends verwelken, was schon
2895 2662 3052 2724 schön
446 2660 1551 2737 daß sie Ehebrecherin war, merkt der Gatte erst jetzt,
1551 2690 1660 2742 da
1672 2695 2888 2764 im Verdorren ist. Man belaste sich nicht mit Gedächtnis¬
2905 2711 3033 2792 Sie
432 2724 1651 2791 er ihre Briefe durchstöbert. Und so zieht sich die Linie
1658 2741 2882 2811 zeremonien, mit Reue und Nachdenklichkeit, wo das eigene
2899 2752 3006 2811 mit
439 2778 1649 2836 weiter. Durch die Erlebnisse der Frau Berta Garlan,
1673 2795 2650 2839 Schicksal kraftvoll gedeihen will. „Wir leben
2747 2799 2883 2856 und
2639 2798 2719 2851 * „
2885 2799 2983 2865 rod
435 2814 1650 2875 durch die angstzilternde Beichte des Leutnants Gustl.
1666 2824 2891 2906 es war!“ Man opfere sich nicht für die Phantome, die
2889 2849 2999 2901 Sie
443 2860 1658 2921 Aus einem frischen Grabe tönt das Gebot, daß die
1656 2870 2881 2949 der moralische Schematismus der Tradition als die letzten
2891 2883 2988 2949 Ver
436 2906 1649 2968 Alterstage des Lebensgenießers Julian Fichtner zum
1663 2912 2879 2999 Ziele des Lebens aufnennt. Nur das Glück, das dem
2880 2930 2994 2997 und
435 2958 1647 3016 „einsamen Wege“ werden sollen. Auch die „lebendigen
1652 2964 2989 3040 Persönlichen in uns Genüge schafft, ist vollwertig zu eine
439 3005 1649 3065 Stunden“ variieren das Thema in den verschiedensten Ab¬
1657 3022 2873 3074 nehmen . . . .: ist wirklich ein Ziel unserer Tage. In
2884 3030 3019 3089 Schni
428 3036 1650 3101 stufungen der Tempi und vier neuartigen, inhaltlichen
1658 3064 2883 3122 allem: die gänzliche Umordnung der Schillerschen Theorie!
2889 3073 3027 3131 (im 6
429 3099 1648 3154 Abzweigungen. Und das Motiv, das schon in Christi¬
1664 3102 2642 3173 Denn das Leben ist nun der Gütter höchstes,
2741 3117 2884 3176 und
2886 3112 3060 3174 letzte N
434 3131 1649 3189 nens Verzweiflungsschreien hi ter des jungen Fritz Toten¬
1665 3151 2872 3238 die Schuld bleibt der Uebel größtes nur, so lange man
3273 3168 3369 3226 em
2887 3163 3135 3229 aber von i
437 3187 2215 3263 bahre zum ersten Male grell angeschlagen ward, klingt] sie als solche #e#ten läßt.
2888 3217 3343 3268 mungen entflammen Ii
420 3234 1648 3289 in mächtigen Fanfaren wieder, da die Heldenscharen des
1755 3238 2885 3313 Bei Schniler wird Marie Moser, ein Wiener Mädel
2886 3250 3345 3321 art in diesem Falle
432 3266 1657 3322 Herzogs Bentivoglio im Schleier der Beatrice“ den Tod¬
1656 3300 2871 3350 aus den Vormerztagen, durch eigene Erfahrungen zu
2873 3305 3362 3378 durch ähnliche Stimm
433 3320 2874 3409 wie ein Geschenk auf sich nehmen. So wird Arthur dieser Tendenz des unerschrockensten Egoismus erzogen.
2875 3347 3342 3419 zuführen. Ich sage:
440 3375 2913 3434 Schnitzler das Motto seines Schaffens mit den in seinem Daß sie ihn von Hause aus nicht hat; daß er nicht!
2982 3389 3353 3479 Marie stürzt in
