<?xml version="1.0" encoding="UTF-8" standalone="yes"?>
<PcGts xmlns="http://schema.primaresearch.org/PAGE/gts/pagecontent/2013-07-15" xmlns:xsi="http://www.w3.org/2001/XMLSchema-instance" xsi:schemaLocation="http://schema.primaresearch.org/PAGE/gts/pagecontent/2013-07-15 http://schema.primaresearch.org/PAGE/gts/pagecontent/2013-07-15/pagecontent.xsd">
    <Metadata>
        <Creator>prov=University of Rostock/Institute of Mathematics/CITlab/Gundram Leifert/gundram.leifert@uni-rostock.de:name=ONB_Newseye_GT_M1+(htr_id=10810)::::v=2.4.2
prov=University of Rostock/Institute of Mathematics/CITlab/Tobias Gruening/tobias.gruening@uni-rostock.de:name=de.uros.citlab.module.baseline2polygon.B2PSeamMultiOriented:v=2.4.2
prov=University of Rostock/Institute of Mathematics/CITlab/Tobias Gruening/tobias.gruening@uni-rostock.de:name=/mnt/transkribus/LA/DEA/URO/LA_news_onb_att.pb:de.uros.citlab.segmentation.CITlab_LA_ML:v=2.4.2
Transkribus</Creator>
        <Created>2019-10-07T11:20:05.369+02:00</Created>
        <LastChange>2019-10-08T07:17:46.787+02:00</LastChange>
        <TranskribusMetadata docId="223969" pageId="9497038" pageNr="166" tsid="16505894" status="IN_PROGRESS" userId="40391" imgUrl="https://files.transkribus.eu/Get?id=FBJMYOTPRTHSSQQFSKNEJCFP&amp;fileType=view" xmlUrl="https://files.transkribus.eu/Get?id=QVAHCXVSDTIBBZXUVNZHRDLP" imageId="6187265"/>
    </Metadata>
    <Page imageFilename="223969_0166.jpeg" imageWidth="3436" imageHeight="4352">
        <ReadingOrder>
            <OrderedGroup id="ro_1711451255899" caption="Regions reading order">
                <RegionRefIndexed index="0" regionRef="r1"/>
            </OrderedGroup>
        </ReadingOrder>
        <TextRegion orientation="0.0" id="r1" custom="readingOrder {index:0;}">
            <Coords points="304,150 304,3290 2352,3290 2352,150"/>
            <TextLine id="r1l1" custom="readingOrder {index:0;}">
                <Coords points="297,185 1453,238 1465,156 298,133"/>
                <Baseline points="304,178 361,183 419,186 476,189 534,192 591,194 649,196 706,198 764,199 821,200 879,201 937,202 994,202 1052,203 1109,204 1167,205 1224,207 1282,208 1339,210 1397,212 1455,215"/>
                <TextEquiv>
                    <Unicode>19. Der Ruf des Lebens</Unicode>
                </TextEquiv>
            </TextLine>
            <TextLine id="r1l2" custom="readingOrder {index:1;}">
                <Coords points="1626,208 1742,221 1824,206 1940,234 2056,228 2057,170 2022,147 1868,146 1825,171 1800,158 1679,161 1652,139 1628,142"/>
                <Baseline points="1634,202 1659,202 1685,202 1711,202 1737,202 1763,203 1789,204 1815,205 1841,205 1866,206 1892,207 1918,208 1944,209 1970,209 1996,210 2022,210 2048,210"/>
                <TextEquiv>
                    <Unicode>box 24/2</Unicode>
                </TextEquiv>
            </TextLine>
            <TextLine id="r1l3" custom="readingOrder {index:2;}">
                <Coords points="1567,1054 1643,1065 1656,1056 1680,1068 1879,1070 1881,1017 1860,1011 1833,1023 1782,1010 1754,1022 1671,1008 1644,1017 1619,1004 1604,1015 1569,1015"/>
                <Baseline points="1576,1051 1602,1052 1629,1053 1656,1053 1683,1055 1710,1056 1737,1058 1764,1059 1791,1060 1818,1060 1845,1060 1872,1059"/>
                <TextEquiv>
                    <Unicode>Die Schaubühne</Unicode>
                </TextEquiv>
            </TextLine>
            <TextLine id="r1l4" custom="readingOrder {index:3;}">
                <Coords points="2277,1078 2285,1078 2289,1082 2302,1077 2312,1084 2317,1084 2325,1078 2336,1078 2338,1025 2320,1026 2312,1033 2304,1031 2299,1034 2296,1030 2278,1033"/>
                <Baseline points="2285,1068 2328,1069"/>
                <TextEquiv>
                    <Unicode>247</Unicode>
                </TextEquiv>
            </TextLine>
            <TextLine id="r1l5" custom="readingOrder {index:4;}">
                <Coords points="1157,1185 2151,1234 2331,1228 2358,1172 1158,1130"/>
                <Baseline points="1164,1180 1223,1183 1282,1184 1341,1186 1401,1188 1460,1190 1519,1192 1578,1193 1638,1195 1697,1197 1756,1198 1815,1200 1875,1201 1934,1203 1993,1204 2052,1206 2112,1208 2171,1209 2230,1211 2289,1214 2349,1216"/>
                <TextEquiv>
                    <Unicode>Ich glaube damit die Hauptzüge vereinigt zu haben, die</Unicode>
                </TextEquiv>
            </TextLine>
            <TextLine id="r1l6" custom="readingOrder {index:5;}">
                <Coords points="1072,1226 2358,1274 2340,1220 1073,1185"/>
                <Baseline points="1080,1227 1143,1231 1206,1235 1270,1237 1333,1241 1397,1243 1460,1246 1524,1247 1587,1249 1651,1251 1714,1253 1777,1255 1841,1257 1904,1258 1968,1260 2031,1262 2095,1263 2158,1265 2222,1267 2285,1270 2349,1272"/>
                <TextEquiv>
                    <Unicode>Schnitzler den schnurrigen Vorwurf eingetragen haben, er sei mit</Unicode>
                </TextEquiv>
            </TextLine>
            <TextLine id="r1l7" custom="readingOrder {index:6;}">
                <Coords points="1078,1285 2199,1343 2330,1336 2353,1296 1079,1243"/>
                <Baseline points="1086,1282 1148,1286 1211,1289 1274,1293 1337,1296 1400,1298 1463,1300 1526,1302 1589,1304 1652,1305 1715,1307 1777,1308 1840,1309 1903,1311 1966,1312 2029,1314 2092,1315 2155,1318 2218,1320 2281,1323 2344,1326"/>
                <TextEquiv>
                    <Unicode>diesem Schauspiel zu Sudermann herabgesunken. Giftpulver und</Unicode>
                </TextEquiv>
            </TextLine>
            <TextLine id="r1l8" custom="readingOrder {index:7;}">
                <Coords points="1071,1349 2220,1392 2346,1387 2361,1347 1072,1315"/>
                <Baseline points="1080,1336 1143,1341 1207,1345 1270,1348 1334,1351 1398,1353 1461,1355 1525,1357 1588,1358 1652,1359 1716,1360 1779,1361 1843,1362 1906,1363 1970,1365 2034,1366 2097,1368 2161,1370 2224,1372 2288,1375 2352,1378"/>
                <TextEquiv>
                    <Unicode>Schießpulver, zwei Lauscher hinter der Wand, drei Leichen, vier</Unicode>
                </TextEquiv>
            </TextLine>
            <TextLine id="r1l9" custom="readingOrder {index:8;}">
                <Coords points="1077,1387 2354,1457 2333,1386 1078,1348"/>
                <Baseline points="1084,1392 1147,1395 1210,1399 1273,1401 1336,1404 1399,1406 1462,1407 1526,1410 1589,1411 1652,1413 1715,1415 1778,1416 1841,1417 1904,1419 1968,1420 2031,1421 2094,1423 2157,1425 2220,1426 2283,1428 2347,1430"/>
                <TextEquiv>
                    <Unicode>Leichen — das kann nur schlimmste Theatralik sein, eine Spe¬</Unicode>
                </TextEquiv>
            </TextLine>
            <TextLine id="r1l10" custom="readingOrder {index:9;}">
                <Coords points="1070,1447 2042,1500 2354,1458 1071,1414"/>
                <Baseline points="1078,1447 1141,1450 1204,1453 1268,1456 1331,1458 1394,1460 1458,1462 1521,1464 1584,1466 1648,1468 1711,1469 1774,1471 1838,1473 1901,1474 1964,1476 2028,1477 2091,1479 2154,1481 2218,1483 2281,1485 2345,1488"/>
                <TextEquiv>
                    <Unicode>kulation auf die niedrigsten Instinkte der Masse; doppelt ver¬</Unicode>
                </TextEquiv>
            </TextLine>
            <TextLine id="r1l11" custom="readingOrder {index:10;}">
                <Coords points="1077,1521 2350,1552 2352,1481 2166,1508 1079,1457"/>
                <Baseline points="1086,1503 1148,1506 1211,1509 1274,1511 1337,1513 1400,1515 1463,1517 1525,1519 1588,1520 1651,1522 1714,1524 1777,1525 1840,1527 1903,1529 1965,1530 2028,1532 2091,1534 2154,1536 2217,1538 2280,1540 2343,1543"/>
                <TextEquiv>
                    <Unicode>ächtlich, weil die Spekulation mißglückt ist. Du lieber Himmel!</Unicode>
                </TextEquiv>
            </TextLine>
            <TextLine id="r1l12" custom="readingOrder {index:11;}">
                <Coords points="1074,1561 2285,1610 2359,1607 2361,1556 1075,1523"/>
                <Baseline points="1082,1560 1145,1561 1208,1563 1272,1564 1335,1565 1399,1567 1462,1569 1526,1570 1589,1572 1653,1574 1716,1576 1779,1578 1843,1580 1906,1582 1970,1584 2033,1586 2097,1588 2160,1590 2224,1592 2287,1594 2351,1596"/>
                <TextEquiv>
                    <Unicode>Wenn Schnitzler imstande wäre, sich die Arbeit so leicht zu machen</Unicode>
                </TextEquiv>
            </TextLine>
            <TextLine id="r1l13" custom="readingOrder {index:12;}">
                <Coords points="1068,1627 2238,1668 2343,1648 2344,1613 1069,1577"/>
                <Baseline points="1077,1614 1139,1615 1202,1617 1265,1618 1328,1620 1391,1621 1454,1622 1517,1624 1580,1626 1643,1627 1706,1629 1768,1631 1831,1633 1894,1635 1957,1637 2020,1638 2083,1641 2146,1642 2209,1644 2272,1647 2335,1648"/>
                <TextEquiv>
                    <Unicode>wie seine Kritiker, würde er am Ende auch ein leidliches Theater¬</Unicode>
                </TextEquiv>
            </TextLine>
            <TextLine id="r1l14" custom="readingOrder {index:13;}">
                <Coords points="1072,1671 2168,1715 2340,1710 2341,1674 1073,1628"/>
                <Baseline points="1080,1670 1142,1672 1205,1673 1267,1675 1330,1677 1393,1678 1455,1680 1518,1681 1580,1683 1643,1684 1706,1685 1768,1687 1831,1689 1893,1690 1956,1691 2019,1693 2081,1695 2144,1697 2206,1699 2269,1701 2332,1703"/>
                <TextEquiv>
                    <Unicode>stück fertig bringen. Der Fall ist doch wol ein bißchen ver¬</Unicode>
                </TextEquiv>
            </TextLine>
            <TextLine id="r1l15" custom="readingOrder {index:14;}">
                <Coords points="1069,1727 1924,1761 1986,1731 2347,1774 2348,1727 2276,1709 1071,1688"/>
                <Baseline points="1078,1723 1141,1724 1204,1726 1267,1728 1330,1729 1393,1731 1456,1732 1519,1734 1582,1736 1645,1738 1709,1740 1772,1742 1835,1744 1898,1746 1961,1747 2024,1749 2087,1751 2150,1753 2213,1755 2276,1757 2340,1759"/>
                <TextEquiv>
                    <Unicode>wickelter. Grillparzers „Traum ein Leben“ kommt zu dem</Unicode>
                </TextEquiv>
            </TextLine>
            <TextLine id="r1l16" custom="readingOrder {index:15;}">
                <Coords points="1065,1784 2221,1826 2343,1817 2345,1773 1067,1737"/>
                <Baseline points="1073,1774 1136,1776 1199,1778 1262,1781 1325,1783 1388,1784 1451,1786 1515,1789 1578,1790 1641,1792 1704,1794 1767,1795 1830,1797 1893,1799 1957,1800 2020,1802 2083,1804 2146,1806 2209,1808 2272,1811 2336,1813"/>
                <TextEquiv>
                    <Unicode>Ergebnis: „Eines nur ist Glück hienieden, eins: des Innern</Unicode>
                </TextEquiv>
            </TextLine>
            <TextLine id="r1l17" custom="readingOrder {index:16;}">
                <Coords points="1060,1831 2321,1882 2342,1823 1061,1781"/>
                <Baseline points="1068,1829 1131,1831 1194,1833 1257,1835 1321,1837 1384,1839 1447,1840 1510,1842 1574,1843 1637,1845 1700,1846 1763,1848 1827,1849 1890,1851 1953,1853 2016,1855 2080,1857 2143,1859 2206,1862 2269,1865 2333,1868"/>
                <TextEquiv>
                    <Unicode>stiller Frieden und die schuldbefreite Brust! Und die Größe</Unicode>
                </TextEquiv>
            </TextLine>
            <TextLine id="r1l18" custom="readingOrder {index:17;}">
                <Coords points="1056,1892 2349,1928 2337,1874 1058,1841"/>
                <Baseline points="1065,1884 1128,1886 1192,1889 1256,1891 1320,1893 1384,1895 1447,1897 1511,1898 1575,1900 1639,1901 1703,1903 1766,1905 1830,1906 1894,1908 1958,1909 2022,1911 2085,1913 2149,1915 2213,1917 2277,1919 2341,1922"/>
                <TextEquiv>
                    <Unicode>ist gefährlich, und der Ruhm ein leeres Spiel; was</Unicode>
                </TextEquiv>
            </TextLine>
            <TextLine id="r1l19" custom="readingOrder {index:18;}">
                <Coords points="1064,1950 2346,1992 2348,1928 1065,1924"/>
                <Baseline points="1073,1939 1136,1941 1199,1943 1262,1945 1326,1947 1389,1949 1452,1950 1516,1952 1579,1953 1642,1955 1706,1956 1769,1958 1832,1959 1895,1961 1959,1963 2022,1964 2085,1966 2149,1969 2212,1970 2275,1973 2339,1975"/>
                <TextEquiv>
                    <Unicode>er gibt, sind nichtge Schatten, was er nimmt, es</Unicode>
                </TextEquiv>
            </TextLine>
            <TextLine id="r1l20" custom="readingOrder {index:19;}">
                <Coords points="1065,2009 1421,1983 1522,2026 1568,1994 2349,2025 2268,1978 1067,1949"/>
                <Baseline points="1074,1991 1137,1992 1200,1994 1263,1995 1327,1997 1390,1999 1453,2001 1517,2003 1580,2006 1643,2008 1707,2010 1770,2013 1833,2014 1896,2017 1960,2019 2023,2021 2086,2023 2150,2024 2213,2025 2276,2027 2340,2027"/>
                <TextEquiv>
                    <Unicode>ist so viel!" Aber er kommt zu diesem Ergebnis</Unicode>
                </TextEquiv>
            </TextLine>
            <TextLine id="r1l21" custom="readingOrder {index:20;}">
                <Coords points="1053,2041 2250,2100 2350,2086 2352,2036 1054,2011"/>
                <Baseline points="1061,2049 1125,2051 1189,2053 1253,2055 1317,2057 1381,2058 1445,2060 1509,2061 1573,2063 1637,2064 1701,2066 1765,2067 1829,2068 1893,2070 1957,2071 2021,2073 2085,2074 2149,2076 2213,2077 2277,2079 2342,2081"/>
                <TextEquiv>
                    <Unicode>erst, nachdem die Gefahren der Größe und das Spiel des Ruhms</Unicode>
                </TextEquiv>
            </TextLine>
            <TextLine id="r1l22" custom="readingOrder {index:21;}">
                <Coords points="1063,2097 2301,2152 2345,2092 1063,2065"/>
                <Baseline points="1071,2105 1134,2105 1197,2106 1260,2107 1323,2109 1387,2110 1450,2112 1513,2113 1576,2116 1639,2117 1703,2120 1766,2121 1829,2124 1892,2125 1955,2127 2019,2130 2082,2132 2145,2133 2208,2135 2271,2136 2335,2138"/>
                <TextEquiv>
                    <Unicode>in bunten Bildern an uns vorübergerauscht sind. Im dritten Akt</Unicode>
                </TextEquiv>
            </TextLine>
            <TextLine id="r1l23" custom="readingOrder {index:22;}">
                <Coords points="1061,2154 2258,2212 2348,2166 1062,2124"/>
                <Baseline points="1069,2156 1132,2158 1196,2160 1259,2163 1323,2164 1386,2167 1450,2169 1513,2171 1577,2173 1640,2175 1704,2177 1767,2179 1831,2181 1894,2182 1958,2184 2021,2186 2085,2187 2148,2189 2212,2190 2275,2191 2339,2193"/>
                <TextEquiv>
                    <Unicode>von Schnitzlers „Ruf des Lebens“ spricht zu Marie ihr Seelenarzt:</Unicode>
                </TextEquiv>
            </TextLine>
            <TextLine id="r1l24" custom="readingOrder {index:23;}">
                <Coords points="1067,2223 2343,2267 2345,2204 1068,2176"/>
                <Baseline points="1075,2213 1138,2214 1201,2216 1264,2217 1327,2219 1390,2220 1453,2222 1516,2224 1579,2226 1642,2228 1705,2229 1768,2231 1831,2234 1894,2235 1957,2237 2020,2239 2083,2241 2146,2243 2209,2244 2272,2246 2335,2248"/>
                <TextEquiv>
                    <Unicode>„Wer weiß, ob Ihnen nicht später, viel später einmal aus einem</Unicode>
                </TextEquiv>
            </TextLine>
            <TextLine id="r1l25" custom="readingOrder {index:24;}">
                <Coords points="1044,2265 2332,2307 2293,2252 2121,2242 1045,2238"/>
                <Baseline points="1052,2267 1115,2268 1179,2269 1242,2271 1306,2272 1370,2273 1433,2275 1497,2276 1560,2278 1624,2279 1688,2281 1751,2283 1815,2284 1878,2286 1942,2288 2006,2290 2069,2292 2133,2294 2196,2297 2260,2299 2324,2301"/>
                <TextEquiv>
                    <Unicode>Tag wie der heutige der Ruf des Lebens viel reiner und tiefer in</Unicode>
                </TextEquiv>
            </TextLine>
            <TextLine id="r1l26" custom="readingOrder {index:25;}">
                <Coords points="1046,2319 2335,2363 2336,2322 2183,2302 1047,2274"/>
                <Baseline points="1054,2320 1117,2322 1181,2324 1244,2326 1308,2328 1372,2329 1435,2331 1499,2333 1562,2334 1626,2336 1690,2337 1753,2339 1817,2340 1880,2342 1944,2343 2008,2345 2071,2346 2135,2348 2198,2349 2262,2351 2326,2353"/>
                <TextEquiv>
                    <Unicode>die Seele klingen wird als aus jenem andern, an dem Sie Dinge</Unicode>
                </TextEquiv>
            </TextLine>
            <TextLine id="r1l27" custom="readingOrder {index:26;}">
                <Coords points="1047,2378 2302,2428 2341,2371 1048,2344"/>
                <Baseline points="1056,2373 1119,2375 1183,2377 1247,2379 1311,2382 1375,2383 1438,2386 1502,2388 1566,2389 1630,2391 1694,2393 1757,2395 1821,2397 1885,2399 1949,2401 2013,2402 2076,2403 2140,2405 2204,2406 2268,2407 2332,2408"/>
                <TextEquiv>
                    <Unicode>erlebten, die so furchtbare und glühende Namen tragen wie Mord</Unicode>
                </TextEquiv>
            </TextLine>
            <TextLine id="r1l28" custom="readingOrder {index:27;}">
                <Coords points="1044,2427 2266,2482 2336,2476 2337,2433 1044,2408"/>
                <Baseline points="1052,2426 1115,2429 1179,2431 1243,2433 1307,2435 1371,2437 1434,2439 1498,2441 1562,2443 1626,2445 1690,2447 1753,2448 1817,2450 1881,2452 1945,2453 2009,2455 2072,2456 2136,2458 2200,2459 2264,2461 2328,2462"/>
                <TextEquiv>
                    <Unicode>und Liebe.“ Diese Dinge zeigt Schnitzler im zweiten Akt. Aber</Unicode>
                </TextEquiv>
            </TextLine>
            <TextLine id="r1l29" custom="readingOrder {index:28;}">
                <Coords points="1054,2494 2100,2535 2330,2528 2332,2477 1678,2482 1056,2427"/>
                <Baseline points="1062,2484 1125,2486 1188,2488 1251,2489 1314,2491 1377,2492 1440,2494 1503,2496 1566,2497 1629,2499 1692,2501 1755,2503 1818,2504 1881,2506 1944,2508 2007,2509 2070,2511 2133,2513 2196,2515 2259,2516 2323,2518"/>
                <TextEquiv>
                    <Unicode>sie sind bei ihm alles andre als furchtbar und glühend und</Unicode>
                </TextEquiv>
            </TextLine>
            <TextLine id="r1l30" custom="readingOrder {index:29;}">
                <Coords points="1053,2564 2341,2582 2307,2530 2127,2517 1055,2504"/>
                <Baseline points="1062,2539 1125,2541 1189,2542 1252,2544 1316,2546 1379,2548 1443,2549 1506,2551 1570,2553 1633,2554 1697,2556 1761,2557 1824,2559 1888,2561 1951,2562 2015,2564 2078,2565 2142,2567 2205,2569 2269,2570 2333,2572"/>
                <TextEquiv>
                    <Unicode>schrecken darum nicht. Er hat mit Grillparzer nur die Philosophie</Unicode>
                </TextEquiv>
            </TextLine>
            <TextLine id="r1l31" custom="readingOrder {index:30;}">
                <Coords points="1044,2599 2340,2631 2322,2575 1045,2557"/>
                <Baseline points="1053,2590 1120,2593 1187,2595 1254,2598 1322,2600 1389,2602 1456,2604 1524,2606 1591,2608 1658,2609 1726,2611 1793,2612 1860,2614 1928,2616 1995,2617 2062,2619 2130,2621 2197,2623 2264,2625 2332,2627"/>
                <TextEquiv>
                    <Unicode>der Resignation gemein, nicht die Fähigkeit, mit naiver Gläubigkeit</Unicode>
                </TextEquiv>
            </TextLine>
            <TextLine id="r1l32" custom="readingOrder {index:31;}">
                <Coords points="1044,2644 2335,2676 2299,2639 1045,2610"/>
                <Baseline points="1051,2646 1114,2647 1178,2648 1242,2650 1306,2652 1369,2654 1433,2656 1497,2658 1561,2659 1624,2662 1688,2664 1752,2666 1816,2668 1879,2670 1943,2672 2007,2674 2071,2676 2134,2677 2198,2679 2262,2680 2326,2681"/>
                <TextEquiv>
                    <Unicode>die schmerzlichen Wonnen zu malen, auf die zu verzichten der</Unicode>
                </TextEquiv>
            </TextLine>
            <TextLine id="r1l33" custom="readingOrder {index:32;}">
                <Coords points="1049,2705 2335,2743 2336,2702 2256,2687 1051,2650"/>
                <Baseline points="1057,2699 1120,2701 1184,2702 1247,2705 1311,2706 1374,2708 1438,2710 1501,2713 1565,2715 1628,2717 1692,2719 1756,2721 1819,2723 1883,2725 1946,2727 2010,2728 2073,2730 2137,2731 2200,2732 2264,2733 2328,2734"/>
                <TextEquiv>
                    <Unicode>Weisheit letzter Schluß ist. Er wägt nicht hinterher den Wert</Unicode>
                </TextEquiv>
            </TextLine>
            <TextLine id="r1l34" custom="readingOrder {index:33;}">
                <Coords points="1039,2752 2202,2814 2321,2795 2323,2747 1040,2720"/>
                <Baseline points="1047,2752 1110,2754 1173,2755 1236,2758 1300,2759 1363,2761 1426,2763 1490,2765 1553,2767 1616,2769 1680,2771 1743,2773 1806,2775 1869,2777 1933,2778 1996,2780 2059,2782 2123,2783 2186,2785 2249,2787 2313,2788"/>
                <TextEquiv>
                    <Unicode>dieser massiven Vorgänge, sondern zersetzt sie ironisch schon, während</Unicode>
                </TextEquiv>
            </TextLine>
            <TextLine id="r1l35" custom="readingOrder {index:34;}">
                <Coords points="1038,2833 1106,2809 1191,2833 1645,2830 1701,2857 1837,2825 1910,2841 1911,2809 1039,2769"/>
                <Baseline points="1047,2806 1089,2808 1132,2810 1175,2812 1218,2813 1260,2815 1303,2816 1346,2817 1389,2818 1431,2819 1474,2820 1517,2821 1560,2822 1602,2823 1645,2824 1688,2824 1731,2825 1773,2827 1816,2827 1859,2829 1902,2830"/>
                <TextEquiv>
                    <Unicode>er sie vor sich gehen läßt. Der Obers —</Unicode>
                </TextEquiv>
            </TextLine>
            <TextLine id="r1l36" custom="readingOrder {index:35;}">
                <Coords points="1910,2847 2047,2855 2080,2836 2265,2866 2322,2857 2324,2812 2166,2815 2117,2793 2079,2805 2031,2790 1987,2806 1912,2805"/>
                <Baseline points="1918,2835 1944,2835 1970,2836 1997,2836 2023,2837 2050,2838 2076,2839 2102,2840 2129,2841 2155,2843 2182,2844 2208,2845 2234,2846 2261,2846 2287,2847 2314,2847"/>
                <TextEquiv>
                    <Unicode>„er ist ein gar zu</Unicode>
                </TextEquiv>
            </TextLine>
            <TextLine id="r1l37" custom="readingOrder {index:36;}">
                <Coords points="1040,2863 2326,2921 2313,2859 1041,2831"/>
                <Baseline points="1049,2862 1112,2865 1175,2868 1239,2870 1302,2872 1366,2874 1429,2876 1493,2877 1556,2878 1620,2880 1683,2881 1746,2883 1810,2884 1873,2886 1937,2888 2000,2890 2064,2892 2127,2895 2191,2897 2254,2900 2318,2904"/>
                <TextEquiv>
                    <Unicode>witziger Kopf,“ heißt es von ihm — ist gleichsam die Verkörperung</Unicode>
                </TextEquiv>
            </TextLine>
            <TextLine id="r1l38" custom="readingOrder {index:37;}">
                <Coords points="1047,2923 2310,2976 2323,2922 1048,2884"/>
                <Baseline points="1055,2918 1117,2919 1180,2921 1243,2923 1306,2924 1369,2926 1432,2928 1495,2930 1558,2932 1621,2933 1684,2935 1746,2937 1809,2939 1872,2941 1935,2943 1998,2945 2061,2947 2124,2949 2187,2952 2250,2954 2313,2956"/>
                <TextEquiv>
                    <Unicode>von Schnitzlers weltmännischer Skepsis. Diese Skepsis ist es, die</Unicode>
                </TextEquiv>
            </TextLine>
            <TextLine id="r1l39" custom="readingOrder {index:38;}">
                <Coords points="1036,2957 1128,2995 2219,3025 2324,3009 2326,2972 1037,2931"/>
                <Baseline points="1044,2969 1107,2971 1171,2973 1234,2975 1298,2977 1362,2979 1425,2981 1489,2983 1552,2985 1616,2987 1680,2989 1743,2992 1807,2994 1870,2996 1934,2997 1998,2999 2061,3001 2125,3002 2188,3004 2252,3005 2316,3006"/>
                <TextEquiv>
                    <Unicode>im zweiten Akt am Mark des Dramas zehrt und es stillos macht.</Unicode>
                </TextEquiv>
            </TextLine>
            <TextLine id="r1l40" custom="readingOrder {index:39;}">
                <Coords points="1033,3036 2315,3063 2316,3026 2192,3013 1035,2979"/>
                <Baseline points="1041,3024 1104,3027 1167,3029 1230,3031 1294,3033 1357,3036 1420,3038 1484,3040 1547,3042 1610,3044 1674,3046 1737,3047 1800,3049 1863,3051 1927,3052 1990,3054 2053,3055 2117,3056 2180,3057 2243,3058 2307,3059"/>
                <TextEquiv>
                    <Unicode>Es geht ein Akt vorher, der mit unentbehrlichen und virtuos ver¬</Unicode>
                </TextEquiv>
            </TextLine>
            <TextLine id="r1l41" custom="readingOrder {index:40;}">
                <Coords points="1027,3082 2330,3142 2332,3085 2225,3063 1029,3037"/>
                <Baseline points="1036,3075 1100,3077 1164,3079 1229,3081 1293,3084 1357,3087 1422,3090 1486,3092 1550,3095 1615,3098 1679,3100 1743,3102 1808,3104 1872,3106 1936,3108 2001,3109 2065,3111 2129,3111 2194,3112 2258,3112 2323,3112"/>
                <TextEquiv>
                    <Unicode>wendeten Theatermitteln zur stärksten dramatischen Wirkung geführt</Unicode>
                </TextEquiv>
            </TextLine>
            <TextLine id="r1l42" custom="readingOrder {index:41;}">
                <Coords points="1037,3139 2328,3181 2270,3123 1039,3098"/>
                <Baseline points="1046,3129 1109,3131 1173,3134 1237,3136 1300,3139 1364,3141 1428,3144 1491,3146 1555,3148 1619,3151 1683,3153 1746,3155 1810,3157 1874,3159 1937,3161 2001,3163 2065,3165 2128,3167 2192,3168 2256,3170 2320,3171"/>
                <TextEquiv>
                    <Unicode>ist, und es folgt jener Akt, der in die Idylle mündet und elegisch</Unicode>
                </TextEquiv>
            </TextLine>
            <TextLine id="r1l43" custom="readingOrder {index:42;}">
                <Coords points="1028,3186 2324,3230 2301,3187 2081,3170 1029,3167"/>
                <Baseline points="1036,3186 1100,3189 1164,3192 1228,3195 1292,3198 1356,3201 1420,3203 1484,3205 1548,3207 1612,3209 1676,3210 1740,3212 1804,3214 1868,3215 1932,3216 1996,3218 2060,3219 2124,3220 2188,3222 2252,3223 2316,3225"/>
                <TextEquiv>
                    <Unicode>austönt. Die drei Akte sind wie drei Sätze einer Symphonie:</Unicode>
                </TextEquiv>
            </TextLine>
            <TextLine id="r1l44" custom="readingOrder {index:43;}">
                <Coords points="1028,3247 2329,3278 1998,3224 1029,3210"/>
                <Baseline points="1036,3247 1100,3249 1164,3251 1228,3253 1292,3255 1357,3257 1421,3259 1485,3261 1549,3263 1613,3264 1678,3266 1742,3268 1806,3270 1870,3271 1934,3273 1999,3274 2063,3275 2127,3276 2191,3277 2255,3277 2320,3277"/>
                <TextEquiv>
                    <Unicode>Allegro vivace molto energico, Allegro con brio, Andante con</Unicode>
                </TextEquiv>
            </TextLine>
            <TextEquiv>
                <Unicode>19. Der Ruf des Lebens
box 24/2
Die Schaubühne
247
Ich glaube damit die Hauptzüge vereinigt zu haben, die
Schnitzler den schnurrigen Vorwurf eingetragen haben, er sei mit
diesem Schauspiel zu Sudermann herabgesunken. Giftpulver und
Schießpulver, zwei Lauscher hinter der Wand, drei Leichen, vier
Leichen — das kann nur schlimmste Theatralik sein, eine Spe¬
kulation auf die niedrigsten Instinkte der Masse; doppelt ver¬
ächtlich, weil die Spekulation mißglückt ist. Du lieber Himmel!
Wenn Schnitzler imstande wäre, sich die Arbeit so leicht zu machen
wie seine Kritiker, würde er am Ende auch ein leidliches Theater¬
stück fertig bringen. Der Fall ist doch wol ein bißchen ver¬
wickelter. Grillparzers „Traum ein Leben“ kommt zu dem
Ergebnis: „Eines nur ist Glück hienieden, eins: des Innern
stiller Frieden und die schuldbefreite Brust! Und die Größe
ist gefährlich, und der Ruhm ein leeres Spiel; was
er gibt, sind nichtge Schatten, was er nimmt, es
ist so viel!" Aber er kommt zu diesem Ergebnis
erst, nachdem die Gefahren der Größe und das Spiel des Ruhms
in bunten Bildern an uns vorübergerauscht sind. Im dritten Akt
von Schnitzlers „Ruf des Lebens“ spricht zu Marie ihr Seelenarzt:
„Wer weiß, ob Ihnen nicht später, viel später einmal aus einem
Tag wie der heutige der Ruf des Lebens viel reiner und tiefer in
die Seele klingen wird als aus jenem andern, an dem Sie Dinge
erlebten, die so furchtbare und glühende Namen tragen wie Mord
und Liebe.“ Diese Dinge zeigt Schnitzler im zweiten Akt. Aber
sie sind bei ihm alles andre als furchtbar und glühend und
schrecken darum nicht. Er hat mit Grillparzer nur die Philosophie
der Resignation gemein, nicht die Fähigkeit, mit naiver Gläubigkeit
die schmerzlichen Wonnen zu malen, auf die zu verzichten der
Weisheit letzter Schluß ist. Er wägt nicht hinterher den Wert
dieser massiven Vorgänge, sondern zersetzt sie ironisch schon, während
er sie vor sich gehen läßt. Der Obers —
„er ist ein gar zu
witziger Kopf,“ heißt es von ihm — ist gleichsam die Verkörperung
von Schnitzlers weltmännischer Skepsis. Diese Skepsis ist es, die
im zweiten Akt am Mark des Dramas zehrt und es stillos macht.
Es geht ein Akt vorher, der mit unentbehrlichen und virtuos ver¬
wendeten Theatermitteln zur stärksten dramatischen Wirkung geführt
ist, und es folgt jener Akt, der in die Idylle mündet und elegisch
austönt. Die drei Akte sind wie drei Sätze einer Symphonie:
Allegro vivace molto energico, Allegro con brio, Andante con</Unicode>
            </TextEquiv>
        </TextRegion>
    </Page>
</PcGts>
