3436 4384
327 279 479 350 nachen,
335 339 469 386 Rolle
327 376 475 430 eln sich
323 453 481 508 ertönt
330 498 480 552 uchen¬
330 533 478 590 ilud;
333 561 471 621 lahm¬
324 602 468 660 emein
330 648 473 703 ichen¬
323 680 479 747 t auch
323 732 477 785 war,
336 771 482 833 1, um
320 823 475 900 er die
330 883 465 938 1 und
347 921 478 981 e ein.
344 961 470 1012 ihre
329 999 472 1053 tschen
328 1044 475 1099 ugen.
354 1084 471 1149 auf
335 1118 462 1169 war,
337 1161 461 1215 inken
333 1198 464 1249 1600
355 1239 465 1285 die
336 1262 467 1325 fund
341 1317 459 1372 stenz
340 1360 458 1405 zen¬
332 1395 471 1458 gute
332 1455 459 1525 rat¬
351 1518 446 1601 an
342 1634 458 1700 jen,
353 2233 443 2302 hi
366 2474 442 2527 er
485 292 1691 363 Die Berliner Pfannkuchen haben sich sogar einen europäischen
1761 313 2887 393 Das Stück spielt in und bei Wien um die Mitte des vorigen
486 331 1690 415 Ruf erworben, sind hoffähig geworden und werden zu Fastnacht
1677 365 2895 416 Jahrhunderts. Marie, des ehemaligen Rittmeisters der blauen
485 380 1681 453 wohl in allen deutschen Botschaften und Gesandtschaftshotels des
1681 386 2894 456 Kürassiere Tochter, vertrauert ihre Jahre in der Knechtschaft des
486 422 1653 490 Auslandes — natürlich in Nachahmung — den Gästen vorgesetzt.
1688 441 2898 510 alten, hoffnungslos kranken, brutal egoistischen Vaters, eines Greises,
554 462 1684 535 Die von dem Brandenburger Chronist auch erwähnten „Kräpffgen“,
1680 467 2896 547 der trotz seiner neunundsiebzig Jahre sich an das Leben klammert;
475 477 1683 562 von welchen er sagt: „das seyend Kreppels, d. h. ein Teig aus
1678 519 2892 586 eines Todgeweihten, der vor drei Dezennien einst die nur ihm be¬
475 532 1680 612 Butter, Rahm, Mehl, Eier und Salz (also ohne Hefe, die den
1684 553 2885 611 wußie Schuld trug, die Flucht des Regimentes im entscheidenden
475 575 1676 642 Pfannkuchen nicht fehlen darf), der mit gereiften Früchten aus
1682 598 2887 660 Kampfe und den Verlust der Schlacht herbeigeführt zu haben. Und so ist
483 613 1681 682 Kirschen, Johannisbeeren und Stachelbeeren belegt wird. Darüber
1677 637 2893 703 sein Dasein schuld, daß jetzt die blauen Kürassiere als Todgeweihte,
473 653 1681 723 wird der Teig zusammengeschlagen und in Schmalz gebacken“, sind
1678 675 2894 740 die alte Schuld des Regiments zu fühnen, ausreiten in den Krieg.
475 689 1679 765 aber heute in Berlin nicht mehr bekannt. Ihr Name leitet aber
1687 708 2897 763 Wie eine Gefangene verbringt Marie ihre Tage; vielleicht wird
472 730 1667 795 über zu dem österreichischen Faschingsgebäck, den Krapfen, deren
1687 752 2891 801 einmal an der Seite des braven Forstadjunkten ein stilles be¬
480 772 1667 838 Wiege alias Backmolle in der Haushaltung einer gewissen Frau
1678 783 2888 859 scheidenes Glück ihrer harren. Da fällt wie ein Lichtblitz eine
476 811 1677 883 Cäcilie Krapfen (um 1700) in Wien stand. Diese Meisterin im
1677 826 2893 876 Ballnacht in ihr Dasein. Die Tante, die mit ihrer Tochter zu dem
471 850 1667 924 Knödelbacken verstand nicht nur den Teig besonders zu mengen
1680 868 2887 930 Feste ging, hatte dem Alten diese Nacht abgerungen. Und wie in
467 885 1680 967 und ihm besondere Ingredienzien zuzufügen, sondern ihn auch gar
1687 908 2886 970 der schwindsüchtigen Base, die weiß, daß ihr nur noch eine kurze
475 928 1677 987 fein und knusprig in Schmalz zu backen. Ihre Erzeugnisse waren
1685 948 2886 1015 Spanne des Daseins gegönnt ist, jäh die diesen Leidenden eigen¬
474 964 1675 1039 bald in der Kaiserstadt an der schönen blauen Donau allgemein
1674 993 2893 1050 tümliche mannestolle Sinenlust erwacht, die sie bald wegführt von
469 1003 1667 1072 bekannt und ganz Wien kam, um sich an Cäciliens Gebäck zu
1685 1023 2892 1097 der still gewährenden Mutter, so erklingt plötzlich in Marie der Ruf
471 1041 1675 1120 delektieren. Ihr zu Ehren wurde dasselbe „Cillykugeln“ genannt.
1679 1063 2883 1132 des Lebens, alles andere übertönend, die Sehnsucht nach dem jungen
472 1085 1664 1144 Als einst ein Standesherr eine Verlobung ausrichtete, kamen
1671 1103 2884 1174 Offizier, in dessen Armen sie die Freuden der Ballnacht genossen.
461 1126 1674 1181 u. a. Cillikugeln auf die Tafel und sanden selbst bei
1675 1140 2888 1217 Verbrecherische Wünsche, der Haß gegen den Vater keimen wie eine
466 1162 1661 1233 den höchsten Herrschaften unbeschränktes Lob, so daß die Fest¬
1674 1180 2877 1244 vorempfundene Schuld in dem aufgewühlten Herzen; aber
464 1197 1665 1266 teilnehmer einstimmig beschlossen, sie fortan nach der Erfinderin
1669 1213 2891 1276 die Qual der sorgenvollen Tage schläfern trügerisch das
471 1240 1661 1305 „Krapfen“ zu nennen. Seitdem spielten die Krapfen in Wien eine
1680 1260 2887 1307 brünstige Verlangen ein. Da erweckt die freilich anders
459 1262 1670 1345 besondere Rolle und bei außerordentlichen Hoffestlichkeiten, wie
1666 1289 2885 1378 gemeinte Mahnung des sie still liebenden Arztes des Rufes Echo
471 1321 1663 1399 Krönungsfeiern, wurden sie in ungezählten Mengen unter das
1671 1349 2886 1406 aufs neue. Und da sie von ihrer Base, die eben von ihrem
464 1357 747 1419 Volk verteilt.
1661 1392 2886 1450 Liebsten Abschied genommen, hört, daß die Schwadron der tod¬
547 1399 1667 1458 So sind Pfannkuchen und Krapfen wohl als die populärsten
1668 1423 2877 1481 geweihten blauen Kürassiere, der ihr Ersehnter angehört, erst am
460 1434 1664 1503 Fastnachtsbackwerke anzusehen. Außer ihnen und den bereits er¬
1663 1459 2882 1525 nächsten Morgen ausrücke, flammt im Rufe des Lebens alle Glut
459 1480 1666 1542 wähnten mag es noch Dützende andere geben, die indes nur lokale
1664 1490 2886 1551 der Verzweifelten wieder auf. Halb besinnungslos durch die
454 1515 1661 1575 Bedeutung haben. So wird z. B. der „Eingemauerte Schlosser¬
1663 1525 2891 1602 hämische Brutalität des Vaters reicht sie dem durstenden Alten
450 1548 1669 1627 bub“, ein bayerisches Fastnachtsgebäck, nur wenigen bekannt sein.
1671 1576 2884 1643 einen Schlaftrunk „für hundert Nächte“, und von seiner Leiche
453 1587 1657 1663 Beim Lesen des Namens möchte einem schier das Gruseln kommen,
1660 1611 2879 1680 stürzt sie zur Liebesnacht. Aber die Liebesnacht, die ihrer höchsten
463 1633 1655 1697 denn unwillkürlich wird man an die neugebornen Kindlein denken,
1662 1652 2878 1719 Seligkeiten Erfüllung bringt, läßt sie zugleich des Lebens ganzen
456 1686 1663 1740 welche das frühere Mittelalter lebend zwischen den Quadern der
1668 1701 2881 1765 Jammer, in einer vom Dichter theatralisch konstroierten Gedrängt¬
459 1717 1669 1785 Burg= und Schloßmauern vergrub. Mit diesem Aberglauben hat
1666 1732 2876 1807 heit, durchkosten. Hinter einem Vorhang verborgen wird sie Zeuge,
451 1751 1664 1818 indes der bayerische Schlosserbub nichts zu tun. Er wird servihrt
1671 1771 2880 1824 wie des Obersten junge verführerische Gattin ihren Max vom
456 1790 1663 1874 als ein mit Pflaumenmus gefüllter Pfannkuchen, dessen Füllung
1661 1815 2876 1869 sicheren Tod zum Leben locken will, und wie hinter einem andern
450 1833 1131 1903 ein#— geschälte süße Mandel birgt.
1655 1858 2879 1917 Vorhang des Fensters hervor der Oberst ins Zimmer springt und
1661 1894 2880 1964 die Treulose niederschießt. Während nach dem Abgang
1662 1930 1971 1984 des Obersten
1958 1933 2874 1995 der junge Offizier zur Pistole greift,
1660 1957 2116 2030 tritt Marie hervor,
2112 1967 2808 2040 wortlos lächelnd: „Ich bin
640 1925 1468 2063 Der Ruf des Lebens
1660 2011 2879 2078 kommen.“ Und, wieder von einer Leiche fort, stürzen
523 2048 1655 2109 Lessing=Theater. Sonnabend zum ersten Male: „Der Ruf
1663 2056 2876 2118 die beiden hinaus zur ersten und letzten Liebesnacht. Nach
448 2087 1661 2171 des Lebens.“ Schauspiel in drei Akten von Arthur
1657 2091 2870 2154 diesen dramatischen Effekten folgt, zeitlich einige Wochen später, ein
445 2129 745 2184 Schnitzler.
1658 2137 2865 2181 nachdenklicher stiller dritter Akt, ein weicher und matter Ab= und
522 2166 2877 2218 Es ist vielleicht kennzeichnend für die moderne Dichtung, daß Ausklang. Der Arzt hatte in der Wohnung des Alten jede Spur
1658 2203 2871 2265 ldes Verbrechens getilgt und die fast ohnmächtig heimkehrende Marie
449 2201 1662 2256 schon in ihren Titeln das Leben eine gewisse Rolle spielt. Und in
450 2244 1657 2312 ihem Inhalt der Ruf des Lebens. Des Lebens, das die geknechtete
1659 2247 2869 2299 dem Leben gerettet. In dem stillen dörflichen Haus dee Tante
446 2276 1644 2337 weibliche Seele ruft zur Befreiung aus den engen Fesseln ver¬
1658 2281 2866 2347 verbringt sie in herber, schweigsamer Abgeschlossenheit ihre Tage.
439 2323 1652 2385 aiteter Rücksichten, zur Erfüllung der höheren Pflichten gegen die
1656 2326 2874 2373 Allein über dem Grausen ob ihrer Vergangenheit fühlt sie mit
448 2361 1650 2432 eigene Persönlichkeit; der Aufschrei der aus der Versklavung jäh
1655 2363 2877 2425 leisem Staunen die Sehnsucht zu leben. Der Ruf des Lebens hat
441 2400 1654 2468 erwachenden Kreaturen, wie der Schrei des brünstigen Hirsches —
1653 2405 2875 2469 sie nicht ganz vernichtet, und reiner und tiefer tröstet der ärztliche
435 2436 1647 2502 das alle Sinnen und Nerven packende elementure sehnsuchtsvolle
1654 2450 2869 2488 Räsonneur, wird jener Ruf vielleicht an einem sonnigen Tage aufs
442 2484 1646 2541 Verlangen, nicht nach dem Glück des Philistermenschen, sondern nach
1652 2483 2868 2545 neue ihr in die Seele klingen. So sieht er nicht ohne Hoffnung
438 2513 1651 2584 dem eigentlichen Wunderbaren, den höchsten jubelnden Wonnen
1651 2518 2861 2586 den Adjunkten scheiden. Die andere aber, das schwindsüchtige
445 2562 1644 2621 selbstvergessenen Sichhingebens. Kein Schuldvewußtsein darin, keine
1658 2560 2865 2625 Bäschen, die dem lockenden Ruf des Lebens zum Liebesgenusse ge¬
442 2598 1649 2660 Reue — nur der verzweifelte Gedanke es könne zu spät sein. Der
1650 2602 2863 2658 folgt war, keyrt, eine hysterische Ophelia, noch liebeglühend vom
435 2635 1645 2701 Ruf des Lebens tönt in Schnitzlers Schauspiel; aber das Leben
1644 2641 2877 2700 letzten Kuß und schon todeswund im Innern, plötzlich heim, um in
439 2672 1649 2754 rechtfertigt seinen Ruf nur schlecht, und ebenso wenig im Grunde
1654 2681 2870 2750 Maries und des Arztes Armen ihr Lehen auszuhauchen, eine
1658 2722 2258 2778 Sünderin, der vergeben ward.
440 2718 1612 2770 des Stückes exemplifizierender Inhalt seinen allgemeinen Titel.
511 2748 1646 2809 Ein nicht gut komponiertes Stück, das sich nicht so leicht der
1726 2774 2858 2831 Das Stück, für das die besten Brahmschen Kräfte aufgeboten
433 2778 1643 2849 Analyse gibt. Im Kern, wie so viel bei Schnitzler, ein leises nach¬
1646 2822 2865 2881 waren, hat nur wenige dankbare Rollen Else Lebmann als still
436 2834 1643 2887 denkliches Stück, dem äußerliche und krasse Bühneneffelte auf¬
1646 2856 2859 2920 leidende Mutter bot ein rührendes Bild in ergreifenden Herzens¬
430 2891 1640 2938 gepfropt sind. Das Werl eines geistvollen, innerlich beschaulichen,
1640 2891 2870 2971 tönen. Rudolf Rittner konnte wenig tun, die farblose Gestalt
437 2916 1641 2977 feelensondierenden Dichters, der des Lebens großes Gleichnis geben
1642 2941 2858 3007 des Forstadjunkten stärker zu beleven. Die dankbarste, freilich
445 2953 1634 3010 will, dann eines geistreichen Konstrukteurs, der kontropunktisch sein
1645 2978 2855 3038 gleichfalls episodische Rolle war der Oberst des Herrn
440 2989 1633 3058 Thema abwandelt, endlich eines Theatralikers, der mit Gift und Pistolen¬
1636 3005 2866 3075 Bassermann, der in brillanter Maske mit trockener Schärfe
432 3032 1642 3091 schüssen operiert und mit Vorhängen, die freiwillig und unfrei¬
1643 3056 2868 3123 und Pose den Rächer seiner Ehre spielte, ein Spieler im Spiel,
440 3075 1638 3129 willig Lauschende bergen. Ein Stück mit drei Leichen, das doch
1640 3087 2861 3146 wie er von den anderen charakterisiert wird. Den kranken Alten
429 3121 1630 3169 keine Tragödie ist. Mit gedrungener, ergreifender poetischer Kraft
1645 3138 2875 3208 gab Herr Marr, die schwierige Eintönigkeit seiner Rolle mit
431 3147 1644 3203 einsetzend, durch parallele und andere Episoden retardiert, an¬
1642 3172 2855 3230 Geschick abstufend. Der Lentnant des Herrn Stieler wußte
432 3189 1642 3243 steigend zu zwei sich steigernden dramatischen Höhepunkten, einem
1633 3209 2858 3279 über die gefährlichen Klippen seiner Rolle immer noch mit
430 3235 1640 3283 echten, einem zweiten unechten, und in der nachdenklichen Betrachtung
1648 3248 2853 3312 Geschick hinwegzukommen, und Herr Reicher als Arzt hatte
431 3262 1644 3321 eines weichen stillen Schlußaktes matt abfallend zu steptischen
1651 3296 2852 3353 viel langsame Lehrhaftigkeit. Die Heldin spielte Irene Triesch.
428 3306 1638 3368 Lebensweisheiten, die doch mehr tief scheinen als tief sind. Ein
1644 3325 2862 3381 Unter der Starrheit der Gestalt fühlte man das heiße Leben pul¬
434 3345 1629 3404 Ausklingen in eine Erkenntnis zwischen melancholischer Resignation
1639 3370 2849 3432 sieren und flammend lohte die Leidenschaft auf, jubelnd klang das
432 3387 1631 3444 und ruhiger Lebensbejahung: willkürlich und lügenhaft und hin¬
1636 3401 2860 3478 Echo des Lebensrufes. Von stummer Beredsamkeit das Lächeln,
441 3426 1630 3477 fällig ist die Bewertung der moralischen und der Levensgüter und
1636 3444 2860 3522 wenn sie hinter dem Vorhang hervortritt. In der fast unmöglichen
425 3465 1632 3521 aller großen Worte, mit denen sie verkleidet werden, und nur das
1638 3487 2851 3540 Rolle der Base erschien zum ersten Male Grete Hofmann (die
430 3501 1631 3572 Leben selber ist gewiß; wer gestorben ist, ist tot — der Lebende
1634 3517 2858 3602 Gattin unseres Heldentenors Ernst Kraus), ohne der Opheliennatur
425 3547 1624 3602 freue sich des Sonnenscheins. So ungefähr ist der Sinn dessen,
1635 3558 2842 3613 dieses Wesens ein glaubwürdiges schwindsüchtiges Leben einhauchen
426 3582 1636 3642 was zum Schluß der Arzt, eine Art Raisonneur des Schauspiels,
1636 3609 2846 3680 zu können; der ungetreuen Oberstengattin blieb Else Schiff
420 3615 1633 3686 als Fazit der Erlebnisse zieht; er, der unwissentlich den Ruf des
1644 3642 2772 3703 manches schuldig. Inszenierung und Kostüme waren vollendet.
427 3665 1628 3724 Lebens wieder geweckt hat in der Brust eines jungen Weibes, wo
1709 3673 2849 3746 Ueber das, was man den Premierenerfolg solchen Abends
431 3701 1632 3748 er nahe daran war sich einzulullen, der dann über Mord und buhlerische
1634 3729 2850 3773 nennt, läßt sich eigentlich nichts sagen. Der erste Akt fand stürmi¬
419 3741 1634 3788 Liebesbrunst, aus seiner erfahrenen resignierenden Skepsis heraus,
1641 3764 2855 3821 schen Beifall, nach dem zweiten mischte sich einiger Widerspruch da¬
423 3776 1630 3829 den tilgenden Schleier vergebenden Verstehens breitet. War das
1633 3798 2852 3846 rein, der am Schluß sogar — die disharmonisierende undramatische
424 3814 1628 3881 erlebte Leben, zu dem es die wunde Seele rief, des Preises der
1635 3841 2851 3888 Art des Ausklanges mußte zunächst eine Enttäuschung mit sich
419 3857 1632 3918 Schuld am Ende nicht wert, noch immer darf und wird das Leben
1631 3881 2850 3944 bringen — unverkennbar überwog. Aber nach allen drei Aktschlüssen
409 3893 1630 3946 locken zu dem Frieden eines stillen Daseins in der Sonne. Der
1631 3916 2850 3996 konnte Arthur Schnitzler, lebhaft akklamiert, vor dem Vorhang er¬
412 3930 1630 3984 Dichter aber läßt kontrastierend in den Ruf des Lebens ein zweites
1626 3956 1811 4024 scheinen.
405 3970 1626 4030 Thema hineingleiten, den Ruf des Todes; und fugenartig, in poctisch
411 4012 1632 4063 dialektischer Kontrapunktik, verwebt er die Molive zu einem Höhe¬
414 4053 1636 4129 punkt äußerster Theatralik, wo der Ruf des Lebens selbst in die
405 4096 868 4144 Nähe des Todes führt
