3484 4320
1536 171 2033 274 box 24/1
261 179 1429 269 19. Der Ruf des Lebens
311 1178 3358 1274 Wir haben schwere Bedenten, über wie mussen sie zuraasfredhafte Bedenten haden. Ein Ten seiner Freundeffagung des Doertommandos gestifter haben wie
311 1262 3363 1322 stellen. Nehmen wir deshalb das Gesetz in der vor-Thätte es für richtiger gehalten, wenn die Beratung im glauben machen will. Hierüber müßte noch eine
1367 1287 2768 1359 Herrenhause bis zum Herbst vertagt worden wäre.stellung erfolgen.
326 1304 768 1368 liegenden Fasssing san.
2411 1368 3376 1435 Jeder dieser drei Getreuen=hat ihm auch im abgela#
1367 1391 2425 1463 „Orpheus in der Unterwelt“ an zeitgenössischen Dramen
1375 1405 3375 1496 aufführten, hatte ausnahmslos ein ganz kurzes Leben; Spieljahr wieder ein neues Stück geschenkt, aber
467 1433 1330 1540 Von den Perlises Shentern.
2422 1460 3368 1529 nachhaltigen Erfolg hat er weder mit Haupt
1360 1496 2434 1545 wenn diese Bühnen trotzdem nach wie vor im Mittel¬
2416 1497 3374 1566 naturalistisch-romantischem Glashüttendrama noch
676 1503 1377 1570 F. D. Berlin, Ende Juni 1906.
1371 1525 2433 1577 punkt des theatralischen Interesses stehen und die
2417 1551 3378 1630 Sudermanns theatralisch nicht ungeschicktem Milic
1383 1557 2423 1628 Hoffnung auf eine fruchtbarere Zukunft ihnen gehört, so
394 1565 1407 1641 Berlin trifft seine Vorbereitungen für die großen
2422 1592 3375 1660 „Stein unter Steinen“, noch endlich mit Sch###
1377 1591 2425 1672 zeugt diese Tatsache allein für die lebhafte Teilnahme, die
333 1617 1388 1669 Sommerreisen, die Maschinen für die ersten Ferien¬
2418 1634 3372 1698 beiden neuesten psychologischen Spintisirereien, der
333 1638 2431 1718 sonderzüge werden schon geheizt — auch wer bis zuletzt heute weite Kreise einer lebendigen Reform der Bühnen¬
2424 1681 3362 1746 verschwommenen Musikerkomödie „Zwischenspiel“
324 1686 2426 1764 noch immer wieder an ein Aufflackern des diesmal gars ausstattung und Darstellung entgegenbringen. Einen
2428 1734 3370 1787 dem kräftiger ins Zeug gehenden Schauspiel „Det
326 1730 2424 1809 zu trübielig herabgebrannten Lichtes glaubte, weiß jetzt, weiteren, noch überzeugenderen Beweis liefert die nachhaltige
2424 1763 3374 1833 des Lebens“, errungen. Mittlerweile scheint dieses
329 1793 2423 1854 daß das Theaterjahr zur Rüste gegangen ist und daß Wirkung, die von dem Gastspiel der Moskauer aus¬
2423 1816 3369 1874 näckige Versagen der alten Hausfreunde doch au
1382 1825 2430 1884 gegangen ist. In deren Anerkennung und Bewunderung
1253 1817 1397 1891 Eine
326 1835 1268 1898 man ihm getrost die Grabrede halten darf.
2433 1860 3378 1919 sonst so gelassenen Brahm stutzig zu machen; wens
1384 1883 2424 1932 haben sich einmal wieder alle Berliner Bühnenleiter
331 1881 1393 1949 schwere Aufgabe für den, der über einen Versiorbenen
2423 1899 3381 1965 heißt es, daß er in der kommenden Saison sei
1379 1916 2431 1986 zusammengefunden, und sie und ihre Schauspieler
324 1931 1394 1996 gerne nur gutes sagen möchte! Selbst wenn man
1389 1944 3359 2015 müßten schlechte Schüler und noch schiechtere Geschäfts- nicht bloß mit einem konsequent ausgebauten
319 1970 1392 2030 alle groben Fehler und bösen Sünden des ent¬
2429 1982 3364 2055 Zyklus versuchen, sondern endlich einmal auch m
1392 1999 2436 2062 leute sein, wenn sie uns in der nächsten Spielzeit nicht
322 1992 1392 2064 schlummerten Spieljahrs insgesamt mit dem Mantel
2427 2034 3373 2093 und wagelustiger als bisher der jungen Gen
1392 2047 2443 2112 etwas von den Früchten dieses Unterrichtes sehen
330 2038 1396 2113 der cheistlichen Liebe zudecken wollte, was bleibt
2420 2079 3249 2152 unserer Dramaliker die Hand bieten wolle.
1390 2083 1544 2163 ließen.
319 2100 1397 2154 an Positiven, daraus man für seinen Hügel ein paar
2489 2114 3359 2176 Das reichhaltigste und bunteste Repertoire von
1446 2110 2437 2198 Was sonst auf den Berliner Theatern hervor¬
332 2133 1402 2196 Ruhmeskränze flechten könnte? Der schon lange er¬
2427 2151 3362 2219 Berliner Bühnen hat unstreitig das unter der Dif
1382 2175 2430 2240 geteten ist, hat an dem geläufigen Bilde wenig
316 2186 1393 2257 #wartete Messias des Dramas hat mit seinem Erscheinen
2431 2203 3376 2272 von Victor Barnowsky stehende „Kleine Theat##
1395 2203 2424 2282 geändert. Das kgl. Schauspielhaus spielt nach wie vor die
316 2230 1398 2280 auch in diesem Jahre noch hinter dem Berge gehalten;
2422 2237 3368 2315 Reinhardts ehemalige Gründung unter den Lin#
1386 2265 2426 2330 Rolle des zaghaften Wanderers, der sich vor dem nieder¬
328 2271 1387 2327 die Alteren, schon Erprobten, aber noch immer nicht
2424 2296 3378 2361 gehabt. Auf seinem Spielplan steht der Name We
1385 2309 2436 2373 gehenden Wetter unter ein Schutzdach flüchtet und nur ab
326 2320 1396 2370 Gekrönten haben uns keine neue überraschende oder
2424 2326 3370 2398 neben dem Gorkis, der Name Oskar Wilde neben
1392 2336 2428 2413 und zu einmal um die Ecke lugt, ob am Himmel
318 2356 1392 2427 hoffnungsvolle Seite ihrer dichterischen Entwickelung
2423 2379 3365 2447 des Sophokles, der des Dänen Gunnar Heiberg
1378 2396 2426 2454 nicht bald die alte friedliche Bläue zurückkehrt. Bis
321 2390 1394 2465 gezeigt; nicht einmal ein stärkerer, lang anhaltender
2430 2431 3368 2488 dem des Finländers Adolf Paul, der des jungen R
1384 2433 2443 2500 dahin gibt es möglichst romantische, d. h. möglichst
880 2445 1396 2513 ist zu verzeichnen, der
327 2452 900 2512 Theater= und Kassenerfolg
2425 2470 3371 2532 Fellinger neben dem des Holländers Hermann Heije
1394 2486 2434 2539 charaklerlose Stücke von Blumenthal, Dreyer und
320 2489 1390 2553 auf die Rechnung eines Lebenden zu setzen wäre.
2428 2502 3370 2575 So viele Namen, so viele verschiedene Richtunge
1398 2528 2430 2581 Dietrich Eckardt und tut so, als erfülle es damit die
325 2536 1394 2581 Nein, nicht in den dichterischen Darbietungen, in den
2428 2553 3374 2621 Stile — kein Wunder also, daß sich ein künstl
1386 2567 2441 2626 Verpflichtungen gegen die dramatische Produktion der
329 2567 1387 2630 Aufführungen und in der Darstellung liegt der Charakter
2424 2595 3355 2664 Charakter des „Kleinen Theates“ noch nicht h
1384 2604 2436 2667 Gegenwart, die eine königliche Bühne von rechtswegen
326 2616 1399 2681 und der Wert dieser Spielzeit. Wieder muß, zieht man
2424 2628 3348 2709 gebilbet hat, daß es einstweilen im Repertoir w
1396 2663 2433 2715 doch wohl haben sollte. Ob man sich am Schillerplatz
318 2669 1399 2727 das Fazit, Max Reinhardts Name an erster Stelle
2426 2689 3368 2757 seiner Darstellungsweise vielmehr den Eindruck
1384 2687 2442 2758 hinfort, unter dem neuen Direktor des Schauspiels
327 2710 1389 2767 genannt werden, und wieder ist es die Kunst der Regie
3114 2717 3367 2797 Merkwürdi
3083 2719 3140 2786 U.
2429 2730 3107 2801 Panoptikums macht, das für
1384 2747 2439 2805 Ludwig Barnay, energischer auf sein natürliches
329 2743 1392 2807 und der Ausstattung, mit deren Hilfe er das Rennen
2426 2781 3361 2846 und Absonderlichkeiten da ist, wenn sich auch
1393 2782 2437 2848 Wirkungsfeld, die Pflege des klassischen und des national¬
328 2803 1391 2862 gewonnen hat. Auf der modernsten unserer reichshaupt¬
2423 2813 3372 2876 mal zwischen die Scharteken und Wachsfigure
1399 2845 2442 2894 geschichtlichen Dramas, besinnen wird, als es in dieser
325 2834 1388 2920 städtischen Bühnen triumphiert Shakespeare mit seinem
2441 2875 3375 2936 echtes Kunstwerk verirrt. Einen Winter hindurch
1397 2879 2433 2939 durch Grubes Rücktritt gekennzeichneten Übergangszeit
324 2883 1390 2955 „Kaufmann von Venedig“, und der einzige Moderne,
2426 2917 3368 2975 mit solchem Programm der Programmlosigkeit bes
1386 2913 2151 3007 möglich war, muß die Zukunft lehren.
327 2926 1397 2989 der sich allenfalls, wenn auch uns ganz von ferne, mit
2439 2966 3354 3013 Berlinern vielleicht etwas erreichen; auf die
1468 2963 2436 3024 Unangefochten durch alle ihm und seinen naturali¬
325 2969 1410 3041 diesem Erfolge nennen kann, Hugo v. Hofmannsthal, hat, um
2439 2987 3362 3062 aber hat sich ihrer Gunst noch nie ein Haus zu er
1389 3011 2441 3071 stischen Neigungen feindliche Strömungen, verharrt Otto
324 3023 1401 3071 dahin zu kommen, in seinem „Odipus“ eine starke An¬
2428 3044 3363 3111 gehabt, das es verschmähte, für eine ausgeprägte Ge
1399 3043 2454 3123 Brahm, der Leiter des „Lessingtheaters“, auf der einmal
321 3062 1394 3121 leihe bei der Antike machen mussen. Was Reinhardts
319 3102 3355 3165 Bühnen, das „Deutsche“ und das „Neue Theater“ von ihm gewählten Linie, die durch die Herren Haupt= und Erkennungsmarke zu sorgen. „Ein großes
331 3143 3359 3206 zwischen dem Kätbchen von Heilhronn“ und deml mann. Sudermann und Schnitzler gekennzeichnet wird. institut“. saat schon Laube, „muß einen Cbarakter
