3484 4320
898 190 1010 258 de
1108 193 1231 258 Let
275 193 1421 281 19. Der Ruf s dens
350 552 420 638 98
918 594 1321 706 G
288 675 389 746 gar
258 735 381 802 hika¬
663 687 1483 847 HEATEEBRIEFE
264 786 380 846 inen,
269 831 379 893 leri¬
477 859 1628 950 Berlin. Der jüngste Premièren=Abend des Lessing¬
269 882 390 945 Der
254 926 380 990 rren
395 924 1625 998 Theaters zeigte ein recht eigenartiges Gepräge. Artur
263 968 376 1048 396,
395 984 1616 1040 Schnitzlers neues Schauspiel „Der Ruf des Lebens“ erweckte
392 1034 1619 1078 nach einem kraftvollen ersten Akt begeisterten Wiederhall. Am
382 1079 1611 1135 Ende des zweiten dramatisch nicht minder belebten Aufzuges
265 1118 382 1189 ung
383 1133 1625 1190 vernahm man hier und da auch die schrillen Dissonanzen des
267 1175 382 1232 such
388 1176 1621 1230 Widerspruches einer Minderheit, deren Urteil am Stoffe kleben
267 1215 380 1296 der
382 1223 1621 1291 blieb, die nicht begreifen konnte, daß man einem Thesenstück
387 1272 1607 1348 gewisse Wahrscheinlichkeitsbedenken und eine gewisse oft un¬
251 1315 372 1394 der
379 1319 1623 1383 vermeidlich konstruktive Szenenführung recht wohl nachsehen
393 1374 1612 1428 darf, wenn wirklich Thesen, die uns etwas sein können, über¬
284 1406 335 1472 1
381 1426 1626 1484 zeugend aufgestellt und folgerecht verfochten werden. Der
270 1462 377 1526 den
384 1467 1611 1526 dritte Akt endlich, dem für das Stück lediglich die Bedeutung
261 1517 369 1579 383
381 1524 1621 1585 eines gar zu episch geratenen Epiloges beizumessen ist, wurde
264 1569 379 1629 ets¬
386 1571 1617 1624 von der objektiven Majorität des Publikums unsanft aus dem
263 1638 302 1675 1
391 1615 1621 1685 Tempel Thaliens gewiesen, dahin er denn freilich auch nicht
388 1665 1617 1725 gehört. So wurde dem Dichter noch in 12. Stunde der
263 1724 306 1772 e
389 1719 1596 1782 scheinbar schon sichere Sieg entrissen, und es ist unschwer vor¬
259 1759 352 1824 Il.“
387 1759 1606 1815 auszusagen, daß um der einsamen Gedankenwege des dritten
261 1805 351 1870 er¬
388 1814 1617 1879 Aktes Willen dem Rufe des Lebens der lebendigen Stunden
273 1859 377 1920 die
312 1907 363 1963 e¬
384 1905 1599 1965 la##tlos verklingen wird, als jüngst desselben Dichters „Zwischen¬
377 1955 1617 2023 spiel“. Der „Ruf des Lebens“ predigt den Willen zum Glück.
379 2010 1614 2076 Der Mensch hat nur ein Leben zu verlieren, darum geize er
384 2070 1617 2122 um jeden glücklichen Augenblick. Er ist also etwa eine ins
388 2104 1605 2175 Epikuräische streifende Weiterführung des Schillerschen Ge¬
378 2152 574 2229 dankens:
555 2185 1433 2280 Was man von der Minute ausgeschlagen
265 2257 306 2319 1
535 2237 1148 2307 Bringt keine Ewigkeit zurück.
271 2300 367 2361 des
382 2286 1610 2369 Der Mensch hat in sich den Willen zum Glück — er ersticke
373 2353 1604 2415 ihn nicht. Fort mit allen Zweifeln, mit allen hamletartigen
272 2397 367 2455 nn
386 2401 1611 2446 Unschlüssigkeiten, fort mit allen Rücksichten, die der Mensch
264 2442 367 2509 #or
383 2444 1614 2503 sich oft nur vertäuscht, um sich nicht seine Feigheit gestehen zu
265 2496 377 2553 lis
381 2495 1612 2556 müssen. Die Natur in uns ist stärker als wir. Niederdrücken
269 2542 363 2603 er
381 2543 1618 2589 läßt sich keine wirkliche Individualität, nur zurückhalten, nur
266 2593 364 2647 en
380 2584 1603 2663 hemmen und das nur auf Kosten des Charakters. Wehe,
270 2641 358 2700 it¬
381 2645 1614 2706 wenn sie dann verspätet zum Durchbruch kommt, wenn der
277 2684 376 2754 ich
371 2686 1612 2757 Mensch zu spät dem Rufe des Lebens folgt. — Dies ist das
273 2736 375 2796 at
388 2743 1608 2809 Grundthema des Stückes. Leider verfällt Schnitzler allmäh¬
369 2790 1613 2867 lich wieder in denselben Fehler, der auch seinen „Einsamen
273 2789 362 2846 ser
273 2838 369 2917 #is
375 2840 1604 2898 Weg“ für die Bühne ungangbar machte. Das Grundthema
372 2889 1595 2942 wird zu oft variiert. Die Klarheit des Bühnenbildes ver¬
270 2934 367 2989 ür
382 2942 1619 3006 schwimmt dadurch, die Gedanken zerflattern, es ergeben sich
383 2982 1610 3054 Längen im Dialog, die sich um so empfindlicher bemerkbar
374 3036 1613 3092 machen, je mehr dabei die Haupthandlung ins Stocken gerät.
282 3080 318 3142 e
375 3081 1615 3146 Und da schließlich einmal begonnene Nebenhandlungen zu
271 3136 367 3204 er
372 3133 1610 3195 Ende geführt werden müssen, wird ein dritter Akt angeflickt,
272 3181 369 3259 n
380 3176 1616 3242 der dann das ganze Stück zu Fall bringt. Es wäre schade
266 3228 325 3295 8
380 3238 1608 3307 um dieses Werk, das der Bühne unverloren bleiben sollte und
385 3283 1607 3343 es bleiben könnte, wenn sein Dichter sich zu einer tiefgreifenden
380 3325 1607 3392 Operation entschlösse: Er streiche die Dialog=Novelle, die nur
278 3384 369 3452 en
386 3376 1613 3432 ihm ein dritter Akt zu sein schien. Was er hat sagen wollen,
381 3426 1605 3484 ist am Schlusse des zweiten Aktes gesagt, ist doch hier bereits
379 3474 1612 3531 in des Todes versöhnende Allgewalt der versöhnende Ausblick
383 3524 1616 3579 gegeben. Geringe Aenderungen und Einfügungen werden
388 3574 1605 3628 leicht all' das voraus ahnen lassen, was uns der dritte Akt
393 3625 1613 3692 schleppend erzählt. Aus solcher Kürzung ergäbe sich des
388 3671 1617 3731 weiteren eine heilsame Einschränkung der Kontrastfigur eines
375 3719 1617 3782 armen, kranken Mädchens, sowie ein Fortfallen der dann unnötigen
386 3770 1610 3837 Gestalt ihrer Mutter, sowie manch wohltuender Strich durch
377 3814 1609 3871 so und so viele gequält lyrisch klingende Reden eines jungen
380 3871 1608 3933 Försters. Sodann müßte vor allem das Erscheinen der Gattin
384 3917 1613 3981 des Obersten im Zimmer ihres Galans sorgfältiger vorbereitet
389 3962 1608 4040 werden. Diese geradezu fabelhafte gewagte Szene — ein
1586 186 2038 277 box 24/1
3078 544 3185 613 99
1906 667 3132 741 Beweis für Schnitzlers naives Schaffen — ist gegenwärtig
1909 724 3135 780 nicht einmal mehr den ganzen Schritt vom Erhabenen zum
3139 757 3225 834 tl
1903 770 3127 819 Lächerlichen entfernt und müßte durch ein einziges Fehlgreifen
1903 817 3137 877 der Darsteller dahin umschlagen. Nur ganz unangebrachte
1906 868 3123 930 künstlerische Bedenken könnten Schnitzler vor einer Umarbeitung
1903 912 3135 979 zurückschrecken lassen. Wer für das Theater schafft, muß sich
3146 924 3243 983 nc
1909 963 3133 1029 nicht nur die Korrektur des Theaters gefallen lassen, sondern
3144 966 3218 1024 tre
3135 1015 3221 1077 C
1911 1018 3124 1076 auch von ihr lernen. Niemand hat Gerhart Hauptmann den
1904 1064 3133 1109 zweiten „Florian Geyer“ verargt. Eine Umarbeitung könnte
1908 1103 3121 1168 dem „Rufe des Dichters“ keinen Abbruch tun, den nur
3143 1103 3257 1170 üb
1893 1153 3124 1230 zweiaktigen „Ruf des Lebens“ aber von allen deutschen
3134 1161 3249 1242 de
2852 1206 3098 1262 Paul Lenz.
1902 1207 2748 1258 Bühnen zu den Menschen dringen lassen.
1995 1263 3116 1319 Lustspielhaus. Die diesjährige „Dramatische Prü¬
3140 1251 3244 1320 sch
1910 1302 3125 1363 fung der Opernschule des Eichelberg'schen Konser¬
3135 1308 3250 1363 M.
1901 1353 3122 1413 vatoriums (Dir. Fritz Masbach)“ fand schon sehr früh,
3133 1355 3244 1413 we
1895 1416 3121 1468 am 24. 2. statt. Auch in diesem Jahr konnte man an
1899 1448 3121 1512 einigen Leistungen rechte Freude haben. Erstaunt war ich,
1910 1493 3125 1557 Frl. Elsa Liebert noch unter den Schülerinnen zu finden.
3134 1490 3259 1564 aus
1905 1547 3125 1614 Nach ihrer vorjährigen Violetta erwartete ich sie schon im
3136 1549 3262 1608 bac¬
1906 1604 3112 1665 Engagement. Ihre Philine hinterließ nicht denselben gün¬
3131 1596 3251 1663 Ert
1895 1646 3119 1693 stigen Eindruck, die Stimme klang matter als früher und die
3142 1643 3245 1715 Has
1896 1695 3127 1750 Höhe hatte eine schneidende Härte, auch das Spiel war nicht
3132 1699 3278 1775 Bi
1908 1744 3124 1800 frei von Unbeholfenheit. Diese Mängel sollen mich aber
3138 1742 3229 1807 in
1906 1800 3117 1857 nicht abhalten, mein altes Urteil über die Künstlerin zu
3130 1788 3281 1872 vert
1904 1837 3124 1894 unterschreiben und sie für eine tüchtige Sängerin zu erklären.
3138 1842 3276 1905 übe¬
1899 1894 3116 1960 Den weitaus besten Eindruck machte die Mignon des Frl.
3142 1890 3258 1955 alle
1899 1932 3114 1993 Frida Bartholdt, deren Elsa mir noch in Erinnerung ist.
3133 1937 3268 2008 Pré¬
1897 1987 3116 2032 Diese junge Künstlerin mit dem echten Mignonkopf hat Fort¬
3126 1992 3274 2051 Ide
1900 2032 3117 2082 schritte gemacht, die Stimme ist mächtiger geworden und ent¬
3126 2033 3279 2105 nich
1901 2085 3115 2147 faltet sich leichter. Auch das Spiel ist freier als bisher.
3123 2090 3276 2154 rührs
1907 2130 3129 2216 Frl. Else Meyer hörte ich nur als Aida, welche Partie sie
3124 2126 3280 2198 Fra###
1899 2185 3118 2236 für eine erkrankte Kollegin ohne Probe übernommen hatte,
3125 2180 3276 2251 Wal
1889 2236 3127 2286 eine Leistung, die ihr vollkommen gelang. Ihr dramatischer
3136 2226 3266 2306 Erzé¬
1897 2284 3117 2341 Sopran klingt weich und ist in allen Lagen gut ausgeglichen.
3126 2288 3245 2342 als
1904 2317 3117 2390 Frl. Mie Dammann verdirbt ihr beträchtliches Können leider
3135 2335 3277 2398 Szei¬
1906 2379 3112 2433 immer noch durch leidiges Detonieren. Von den Herren fiel
3121 2375 3259 2440 hat
1899 2429 3112 2493 mir nur Herr Ahlbeck auf, dessen hervorragend schöner Tenor
3135 2413 3272 2488 Uras
1894 2485 3111 2545 schon besser als bei der letztjährigen Prüfung klingt; mich
3133 2476 3256 2541 beste
1904 2529 3111 2593 störte nur der nasale Klang in der Höhe. Das Spiel des
3130 2523 3264 2601 gespit
1885 2569 3120 2621 jungen Künstlers bedarf einiger Dämpfung. Kapellmeister
3117 2582 3280 2641 Nicht
1903 2623 3111 2672 Siegfried Moritz saß am Flügel, auf dem er ebenso geschickt
3124 2610 3288 2694 Erfoll¬
1895 2677 3083 2736 zu begleiten versteht wie mit dem Orchester. Julius Urgiß.
3115 2683 3240 2740 thea
1992 2726 3117 2797 Stuttgart. Im vorigen Jahrgang (Nr. 579) hatte
3116 2723 3178 2780 C
1882 2773 3104 2822 ich Gelegenheit, über eine vorzügliche Aufführung des tollen
1895 2821 3099 2880 Schwankes „Herkulespillen“ aus Frankfurt a. M. zu berichten.
1893 2874 3105 2936 Heute kann ich einen kurzen Bericht über seine hiesige Erst¬
3114 2864 3216 2944 ohn
1880 2920 3102 2985 aufführung geben; der Erfolg beim Publikum war ein guter.
3117 2929 3237 2980 arm
1968 2967 3110 3031 Dieser nahe an Zirkus=Drastik heranreichende Schwank
3114 2968 3305 3033 franzö
1891 3020 3113 3063 muß von einer feinfühligen Regie absolut gemildert werden,
3125 3019 3293 3079 Offenh
1885 3067 3116 3124 die fehlende Natürlichkeit muß durch äußerste Ruhe im Spiel
3117 3048 3306 3141 Schlag
1882 3108 3103 3180 ersetzt werden, ohne dabei das Tempo zu vernachlässigen.
3124 3115 3293 3177 Desha
1889 3152 3102 3212 Diese Ruhe ist besonders da angebracht, wo es sich um persön¬
3113 3145 3297 3236 Biskrat
1891 3212 3100 3275 liche Angriffe handelt, wie z. B. zwischen Lucien und Lavirette,
3115 3214 3301 3275 daß eis
1885 3260 3109 3325 der schließlich nicht gleich einem Butterfaß geschüttelt zu werden
3116 3259 3313 3324 von eit
1878 3310 3104 3362 braucht. Auch der Amerikaner hat lediglich durch seine ver¬
3112 3304 3270 3369 rettet
1878 3346 3090 3421 bissene Sprache zu wirken und durch die sprichwörtlich ge¬
3110 3354 3310 3431 hübschs
1874 3407 3096 3484 wordene „amerikanische äußerliche Ruhe!“ Ein Amerikaner
3116 3398 3308 3483 Die mi
1881 3459 3096 3523 macht keinen Schritt zu viel, keine einzige unnötige Bewegung
3119 3456 3299 3543 singen
1882 3504 3093 3563 oder Geste!! Brackson unterstreicht seine an Lucien gerichteten
3110 3514 3176 3572 ge
1874 3553 3100 3603 Worte durch einen lässig (gewohnheitsmäßig!) aus der Tasche
3110 3559 3159 3610 n
3118 3606 3168 3658 ti
1873 3598 3095 3663 gezogenen Revolver oder, zur Abwechslung, mit der bekannten
1877 3658 3101 3715 Boxer=Positur und imponiert im übrigen grade nur durch
3117 3647 3189 3705 Als
1873 3698 3097 3765 das den Amerikanern eigentümliche Phlegma, was auch von
3118 3681 3300 3772 deutsch
1882 3748 3100 3812 den Autoren ganz deutlich angezeigt wurde bei der Sektszene.
3112 3742 3294 3807 Paul 4
1875 3796 3095 3859 Der Amerikaner schießt mit derselben Gleichgiltigkeit einen
3111 3794 3266 3860 Eine
1880 3847 3098 3909 Menschen über den Haufen, wie er eine Frau verführt oder
3101 3839 3317 3906 Viele 2
1871 3897 3093 3959 irgend ein Geschäft abwickelt. — Dies zuvor, da es sich um
3113 3894 3296 3962 Sonst 1
1881 3951 3322 4025 eine natürliche Charakteristik und nicht um eine willkürlich zu habe ic
