3436 4384
281 213 1420 329 19. Der Ruf des Lebens
1585 231 2038 332 box 24/2
392 1176 1603 1249 ferenz vorliegende Programm von ihr bis zu Ende durc
1629 1185 1803 1264 4elt —
2305 1188 2844 1267 hu. Ein Regie¬
394 1241 1605 1292 beraten werden wird. Zur Prüfung der Bankprojekte
2849 1239 3258 1305 schuß, vorzuschlagen.
1641 1258 2836 1304 rungsvertreter rllärte aber kurz und bündig, daß die
1633 1286 2839 1342 Simultanschulen nur geduldet und daß ihre Ausdehnung
393 1285 1604 1350 werden die in den letzten Tagen dort eingetroffenen tech¬
3007 1283 3365 1350 Stettin, 26. Febru
1637 1327 2836 1386 nicht gewünscht werden #nne. Die Nationalliberalen
2847 1324 3359 1397 Kaiserpaares fällt morgen
392 1329 1620 1388 nischen Beiräte, Dupasseur=Frankreich, v. Glase¬
1641 1370 2836 1427 traten zwar im Prinzip fül die Gleichberechtigung der Simultan¬
3001 1370 3356 1422 Festtag. Infolge
396 1376 1606 1449 napp=Demschland, Marales=Spanien, hinzuge¬
1632 1408 2848 1464 schulen mit den Konfessionsschulen ein, stimmten aber trotzdem
2854 1391 3359 1466 für die meisten Regierungs=,
386 1419 560 1490 zogen.
1639 1453 2832 1502 gegen die freisinnigen Anträge. Folgender freisinniger Antrag:
2842 1445 3358 1503 amtliche Diensttätigkeit morg
511 1450 1613 1534 Der Vorschlag des Sultans antwortet
1634 1493 2834 1543 „die öffentlichen Volksschulen sind in der Regel so einzurichten,
2844 1485 3348 1540 auch die Städtische S
391 1517 1603 1574 Punkt für Punkt auf den spanischen Fragebogen. Er um¬
1627 1530 2836 1583 daß der Unterricht den Kindern ohne Unterschied des religiösen
2843 1521 3356 1583 Standesämter sind nur
3005 1565 3326 1621 Verstorben ist
2848 1583 3314 1662 mann Gustav Lewy, der
388 1632 1608 1701 Die Tronödie ihres Lebens soll durch ein kurzes Freuden¬
2848 1640 3365 1700 dankbares Andenken erworben
1630 1624 2837 1702 schiebsel wenigstens nicht zur Dissonanz entstellt worden
2997 1682 3365 1738 Zum Raubmord in
393 1687 1599 1742 bachanal ihren leuchtenden Einschnitt erhalten. Aber:
1625 1679 2833 1744 wäre. Immerhin verdient es dieses Stück mit seinem
2850 1708 3363 1773 nach dem Mörder der Wit
393 1730 1597 1790 „wen die Andern kümmern, der darf nicht glücklich sein.“
1629 1729 2829 1789 Parallelismus von dichterischen und technischen Potenzen,
2856 1756 3358 1810 auch auf den schon früher
403 1771 1607 1825 Hat sie nicht den Mut zur Entschlossenheit gehabt, um
1627 1778 2838 1827 mit seiner tendenziösen und sachlichen Kühnheit, daß der
2853 1791 3328 1848 Freund des Sohnes der
396 1819 1611 1883 sich ihr Bischen Glück auch gegen die Pflichten der Pietät
1630 1818 2828 1888 Poet seinen Abschluß revidiere. Es wird dann der¬
2849 1837 3363 1893 fahren gegen ihn eingestell
1632 1865 1751 1923 einst
387 1859 1613 1923 zu holen, so hat der Mann, dem sie im Zeitraum einer
1743 1880 2831 1944 — denkt an mich — ebenso sicher seine Auferstehung
2851 1866 3360 1932 haltspunkte für seine Schul
2853 1917 3307 1964 befindet sich noch in 1
394 1912 1612 1966 flüchtigen Begegnung seelisch zu eigen ward, nicht die
1631 1909 2832 1969 feiern, wie der „Schleier der Beatrice", jenes köstliche,
2847 1951 3319 2009 Glasow, gegen den sich
389 1954 1620 2008 Geduld gehabt, auf sie zu war en. Marie, die auch ihrem
1626 1957 2839 2007 liefe, von rauschenden Ewigkeitsströmen durchflutete Ge¬
2847 1985 3345 2044 Es haben sich mämlich Arl
1622 1995 1758 2072 dicht.
385 2000 1612 2058 Freunde die Führerhand in das Land eines neuen Ge¬
2885 2030 3360 2086 e wollen ihn zu der krit
393 2043 1616 2104 schickes reichen will, sieht den endgiltigen Abschluß des
1723 2034 2830 2108 Ja: gerade „Der Ruf des Lebens“ wird um so mehr
2847 2062 3347 2133 die von der Wiesenstraße
1509 2096 1612 2156 zu¬
395 2095 1494 2151 seinen. Er hat die Frau seines Obersten, der ihm
1626 2099 2835 2164 erst vor einem andern Forum seinen letzten Richterspruch
2839 2101 3329 2165 kemwend. gesehen haben.
385 2132 1612 2183 gleich ein väterlicher Freund ist, zu seiner Geliebten ge¬
2840 2144 3339 2203 können, steht noch dahin,
1624 2140 2844 2203 empfangen müssen, als gestern Otto Brahms Schauspieler
2841 2181 3313 2239 gezogen werden können.
387 2178 1607 2236 macht. Am Abend, bevor er an der Seite des Vorge¬
1624 2184 2830 2261 dem zarten Gespinnst der Stimmungen fast ausnahmslos
2851 2218 3362 2271 der während seiner Militch
397 2227 1612 2279 setzten in den Tod reitet, trifft der alle Mann die Beiden
1631 2232 2829 2297 mit nüchternem, tötendem Rationalismus zu Leibe gingen.
2853 2270 3362 2316 die Festung Spandau und
391 2271 1607 2332 zusammen. Er schießt das Weib nieder, nennt den Jüng¬
1621 2281 2827 2331 Dieser wurde von engherzigen, rein persönlichen Stand¬
2842 2297 3351 2361 gebracht worden war, von
391 2321 1600 2379 ling einen Lügner. Der steckt noch tief genug in den
1619 2321 2830 2376 punkten geführt bei Herrn Rittner und Frau Leh¬
2844 2338 3310 2393 kranker entlassen wurde.
388 2368 1603 2437 alten Moralfesseln, um in dieser Beschimpfung den Zwang
1615 2375 2822 2429 mann, denen das Volumen ihrer Rollen nicht genügte,
3006 2365 3350 2432 Ein erfolgreicher
386 2408 1606 2473 zum Tode zu finden. Nur für eine kurze Liebesepisode
2846 2402 3349 2471 letzten Nacht in dem Mil
1617 2412 2830 2472 und die einfach durch völlige, darstellerische Nichtachtung
2848 2458 3344 2510 Die Diebe, die sich durch
381 2455 1528 2508 kann Marie ihn erobern: dann folgt er der Andern.
1621 2452 2834 2507 ihrer Aufgaben direkt gegen das Stück polemisierten. Aber
2848 2496 3350 2544 die Wechselkasse mit etwa
497 2495 1602 2558 Ich sehe den Riß in diesem Drama wahrhaftig
1620 2511 2831 2561 auch Hern Reicher (der Arzt) zerhackte den in einem
2842 2529 3347 2587 und Hühnereier sowie aus
390 2544 1596 2603 nicht im Zuviel. Ich sagte es schon. Nur der letzte Akt,
1620 2549 2833 2606 leicht schwärmerischen, gefeilten, romantisierenden Glanze
2846 2578 3344 2620 zimmer einen kleinen Bei
387 2598 1595 2645 der zu wenig bringt, zerfetzt die Wirkungen. Er will
1615 2594 2838 2653 gehaltenen Dialog ganz „realistisch“; die Herren Mayr
2849 2610 3345 2665 befand sich in einem Zylin
386 2644 1608 2699 das anschaulich in gewaltiger Wirklichkeit Gegebene durch
1627 2637 2835 2687 (Mariens Vater), Stieler (ihr Geliebter) blieben
2842 2639 3342 2701 Einbrecher zeugt, daß ind
2846 2684 3348 2744 Geschäftsinhabers gehörend
1616 2686 2834 2732 durchaus äußerlich in Geste und Charakteristik, und die
390 2674 1605 2746 die Raisonnements eines stillen Arztes, der seinen Beruf
2951 2726 3315 2777 * Der Verein für
386 2727 1604 2787 vom Kollegen Schnitzler wohl nicht ohne Absicht empfan¬
1617 2731 2835 2792 Damen Schiff und Hoffmann sind zwei recht ver¬
2842 2755 3344 2820 Ortsgruppen und zahlreiche
1460 2768 1601 2829 Aber
1615 2765 2817 2837 hängnisvolle Irrtümer. Blieben die Triesch (Marie),
378 2776 1257 2832 gen hat, melancholisch zu Ende führen
2832 2799 3341 2858 land verbreitet ist, beabsic
1615 2819 2823 2878 die als fesselnde Beherrscherin der Rede und grandiose
377 2793 1602 2871 unsere Nerven beben noch von wilden Impressionen und
2837 2832 3337 2892 versammlung am 8.
1613 2868 2830 2927 Veräußerlicherin unterdrückter und ausartender Tempera¬
387 2862 1600 2917 mögen sich der müden Gemessenheit nicht fügen, aus der
2834 2873 3343 2935 Vorabend, Sonnabend, den
1608 2910 2833 2971 mente immer erobert . . . .: und Bassermann
386 2901 1597 2978 Marie ihre desini ioe Erkenntnis empfängt. Und das Auf¬
2846 2915 3347 2977 Geseniusschen höheren Ma
1091 2949 1597 3015 die Mariens Entschluß
2839 2954 3316 3013 lung abgehalten werden,
1618 2944 2831 3021 der seinen, zunächst ein wenig an Sardou und Dumas
378 2954 874 3020 tauchen jener Kousine
2834 2989 3350 3043 Mitglied des Abgeordneten
382 2978 1584 3062 zur Aktivität durch ihr Beispiel einst schärfte und nun,
1618 2998 2819 3050 mahnenden, uniformieren „Rächer der Gattenehre“ mit
2834 3032 3339 3084 Schulreform sprechen wird.
385 3038 1592 3103 verendend, als sittlich und törperlich Verkommene in häß¬
1609 3054 3347 3147 gute Ergebnis zu einem etskalten, bleichen, überlegenen j jetzt etwa 90 und wird sich
379 3083 2217 3140 licher Opheliapose zurücktehrt, zerstört vollends die Har= Schiusalswalter umgestallete.
2824 3105 3054 3164 vermehren.
372 3128 1610 3203 monie des Ausllangs, dessen Tonkraft ohne dieses Ein¬
2078 3122 2772 3214 Walter Turszinsky.
2958 3145 3346 3219 (Fortsetzung des lo
