3436 4352
212 191 1981 314 19. Der Ruf des Lebens box 24/3
943 1057 2307 1120 zur tragischen Figur wird; da ist die Tochter der guten, alten Frau, die
954 1110 2312 1174 an der Freiheit zugrunde geht. Da ist ein Mann, der einst, als Soldat
954 1173 2310 1222 auf verlorenem Posten, die Stimme der Pflicht nicht hörte, weil sie vom
952 1217 2312 1268 Ruf des Lebens überschrien wurde. „In diesem Augenblick wußte ich
958 1265 2309 1321 mit einem Male, daß sie uns all das, was uns auf den Fleck gebannt
948 1299 2312 1377 hielt, hundert Ewigkeiten lang, nur vorlügen ... Ehre und Vaterland
959 1354 2313 1410 nur vorlügen, um uns sicher zu haben! ... Wer lohnt mirs? Wer
950 1416 2316 1469 dankt mirs?“ Dreißig Jahre später handelt die Tochter ganz konform dem
962 1461 2315 1516 väterlichen Beispiel, läßt den verzweifelten Posten, flieht ins Leben, schüttelt
950 1507 2310 1568 die Hypnose von Kindespflicht und =Liebe ab, die sie auf dem Fleck ge¬
951 1560 2316 1617 bannt hielt hundert Ewigkeiten lang. Da ist der Oberst, der sein Re¬
953 1605 2316 1684 giment dem Tode weiht. Ein heldisches, Ehrfurcht und demütige Be¬
964 1657 2311 1707 wunderung abzwingendes Tun, wie es scheint. Aber halb und halb
962 1699 2320 1761 schimmerts durch, daß der große Entschluß aus mystisch=trüben Zufalls¬
964 1756 2318 1811 motiven erwuchs. Ganz ähnlich, wie der Oberst seinem Regiment, be¬
963 1802 2319 1859 nimmt sich das Schicksal den Töchtern der Feau Toni Richter gegenüber.
958 1854 2322 1916 Sie alle, die drei blühenden Mädchen, opfert es der Schwindsucht, dem
967 1905 2312 1954 Tod. Warum? Welche Weisheit oder welcher Unsinn steckt dahinter?
966 1955 2315 2013 Weich abgrundtiefe Logik oder welcher wütende Zufall? Die Menschen
961 2007 2328 2065 fragen nicht, beugen ihr Haupt dem Geheiß von oben, weinen, lobpreisen
966 2055 2320 2114 den ewigen Namen. Dieser Oberst ist wie der liebe Gott. „Unerforsch¬
970 2105 2302 2165 licher Ratschlüsse“ voll, die Leute heimschickend „mit sublimen Worten“.
965 2145 2320 2213 alles wissend, Schuldige mit dem Blitz der Rache treffend, Unschuldige
972 2200 2332 2260 mit dem Blitz grausam=erhabener Entschließungen; und seine Anbeter
973 2253 2007 2315 sprechen zu den Zweiflern: „Ihr versteht ihn alle nicht.“
1037 2309 2261 2365 „Man muß die Zusammenhänge begreifen!“ meint Leutnant Max.
1032 2349 2310 2405 Artbur Schnitzler sebt das Spiel mit dem Tod, um den Tod herum.
961 2410 2316 2468 Auf dunkelsten Hintergrund malt er mit Vorliebe seine zierlichen Gefühls¬
965 2447 2321 2518 arabesken, die witzig=wehmütigen Ornamente seiner feinen, delikaten Geistig¬
961 2497 2330 2553 keit. Es ist manchmal billig. In Todes Nähe werfen auch kleine
960 2546 2322 2606 Dinge, dürftige Menschen, schmächtige Gedanken imponierend breite Schatten.
971 2598 2327 2660 Man könnte, wollte man nach diesen schätzen, über die Tiefen=Dimensionen
967 2649 2321 2709 der aufgezeigten Gefühls= und Ideenweiten in optimistische Irrtümer sich
964 2706 2324 2759 verrennen. Auch hier im „Ruf des Lebens“. Aber dieses Schauspiel,
975 2741 2331 2808 mitsamt seinem liquidierenden, epilogischen dritten Akt, seiner blumigen
964 2794 2320 2854 Schwermut und der Hyperämie seiner Tatsachen, birgt dichterische Schön¬
968 2856 2013 2917 heiten und starke Stimmungen, die unvergeßlich bleiben.
1033 2886 2326 2960 Welch lieblich=aparte Figur, diese feine, kranke Katharina, im Zwielicht
974 2936 2313 3003 von Todesmelancholie und Lebenslust flimmernd. Wie rührend ihre kindisch¬
975 3004 2315 3062 weise Grausamkeit in dem kleinen Hymnus aufs Abschiednehmen. „Ab¬
978 3045 2323 3108 schiednehmen ist süß“, sagt sie. „Wenn man erst weiß, wie kurz das
973 3102 2326 3155 Leben ist, duftet jeder Abschied von einem neuen Morgen.“ Ein ge¬
978 3145 2318 3202 fräßiger kleiner Raubvogel, und selbst schon sicherer Fraß eines andern,
967 3190 2330 3281 der lautlos, gierig über ihm kreist. Wie eindrucksvoll die Stimmung zu
2203 3289 2339 3377 719
