3436 4384
312 267 1486 402 19. Der Ruf des Lebens
1531 275 2109 402 box 24/2
3018 1550 3403 1630 eere en
1588 1599 3407 1673 des Wiener Walzers hinaus eroffner werdensol. Horen die Braven, die hergab. Der weite Akt ist nichts als
817 1597 1216 1684 Feuilleton.
420 1489 770 1717 W. 1
1561 1629 2781 1692 da für Kaiser und Vaterland hinauszieben im Trompetengeschmetter
2759 1651 3410 1710 mit verdoppelter Schießerei. Dort
760 1666 1259 1754 Lessing-Theater.
1597 1679 2773 1748 Säbelrasseln und Pferdetrappeln den Ruf des Lebens nicht mehr, sind
2761 1683 3412 1749 mord, und das junge Mädchen, nu
1589 1719 2776 1781 sie nun wirklich Helden oder bloß Narren? Ein Bernhard Shaw,
2760 1727 3415 1779 setzt, um zehn Jahre älter und bitt#
438 1703 2777 1818 Sonnabend 24 Februar. Zum 1. Ptale: „Der Ruf desder Schnitzler unversehens angeregt haben inag, wäre um die Ant¬
2771 1768 3397 1822 weise den Geliebten, der mit ihr
407 1760 1527 1830 Lebens.“ Schauspiel in 3 Akten von Arthur Schnitzler.
1586 1795 2769 1851 wort nicht verlegen gewesen. Der weiche Wiener Dichter und feine
2765 1806 3412 1867 und nicht sterben wollte. Giftbeche
445 1820 1613 1879 Den Inhalt des Stückes habe ich bereits — ählt, eine tiefere
1588 1833 2771 1894 Roisonneur, gewohnt, jedem Recht zu geben und die Relativität
2765 1844 3408 1914 Schnitzlers zarte Hände. Er kann
399 1852 1597 1920 feelische Nachwirkung, die wir sonst Schnitzler immer gedankt haben,
1593 1874 2776 1938 der Dinge zu genießen, hat nicht Eigensinn genug, um sich zu be¬
2768 1885 3401 1940 denklich machen wie kaum einer, #
407 1886 1609 1962 nicht verspürt: es bleibt nur noch brig, sich die künstlerischen
1594 1908 2777 1964 schränken und zu entscheiden. Er brennt wie häufig das Licht an
2766 1919 3413 1983 Teufelszeug vom Leibe bleiben und
413 1936 1604 2004 Intentionen vorzustellen, die dieser dramatischen Mißbildung das
1589 1949 2787 2016 beiden Enden an und sagt, daß einige sich selbst betrügen, andere
2763 1944 3399 2011 knallen, besonders nicht, wenn wir
400 1970 2777 2059 Leben geben sollten. Unseren Dich ern ist die Naivetät, die den betrogen werden, und die meisten je nach der Beleuchtung wohl
2762 1994 3413 2053 lenden Walzerklänge einer Lebensp
411 2000 2769 2077 Mut der Erfndung bedingt, abhauden gekommen. Schnitzler wollte Heiden oder Narren scheinen mögen. Ein Betrüger, der Helden¬
2767 2028 3403 2093 Donau erlauschen sollen. Entwede
394 2044 1615 2105 sich diesen Mut abpressen, und er hat etwas erfunden, was gar
1600 2065 2775 2116 rahm erschleichen möchte, ist der Oberst, der die Legende von dem
2765 2074 3397 2137 sammen geht nicht, wenigstens nich
393 2077 1605 2158 nicht schlecht war und mir mindestens den ersten Akt interessant
1585 2086 2701 2172 durch die Schuld des Regiments verlorenen Feldzug
2758 2117 3416 2182 mal, bis sein Feld nach vielleicht u#
406 2123 1600 2188 machte. Die blauen Kürassiere haben sich geschworen, datz keiner
1587 2136 2773 2199 die Welt und zug ich sich in den Kopf gesetzt hat, bei
2760 2151 3411 2208 sich auf dem der anderen zu grobs
398 2164 1596 2228 von ihnen lebend aus dem Kriege zurückkehren soll, um die Ehre
1587 2178 2766 2241 dem allgemeinen Selbstmord das Leben und die Hörner,
2766 2188 3402 2248 er wenigstens das Handwerk lernen
404 2204 1602 2260 ihres Regiments wiederherzustellen, das dreißig Jahre vorher von
1588 2210 2774 2288 mit denen ihn seine Frau begabt hat, auf dem Felde der
2762 2222 3350 2285 mechanisch zusammensetzt, kannn
399 2245 1597 2305 einer plötzlichen Panik in die Flucht getrieben, eine Schlacht und einen
1588 2257 2775 2309 Ehre zu lassen. Die ganze Legende ist ein Witz dieses geistreichen
2762 2270 3376 2327 von denen ich ihm unter vielen
404 2281 1591 2342 Feldzug zu Ungunsten des Landes entschieden hatte. Von den früheren
1588 2307 2771 2365 Herrn, aber wie der kluge Arzt bemerkt, der alles versteht, es
2759 2304 3387 2365 Der Schuß des Obersten, der die
416 2319 2763 2406 Offizieren lebt nur noch einer, Maries Vater; an jenem Tagekönnte auch etwas daran sein, und man soll nicht fragen, woher
2755 2341 3391 2406 nommen ins Blaue nichts als ein
394 2353 1610 2435 war er plötzlich aus ine Helden zum Feigling geworden, er
1583 2372 2759 2434 das Große kommt. Ehre, Ruhm, Vaterland mögen nur Worte
2760 2380 3407 2449 auf die Sache seelisch nicht vorberch
391 2390 2772 2457 war schuld an der Panik, und er ist es nun eigentlich, der diese sein, aber sie klingen schön. Und Verrat, Buhlerei, Mord, was
2750 2427 2874 2484 des
2863 2425 3202 2495 Lentnants mit
396 2434 2761 2516 ganze blühende Jugend in den Tod schickt. Dafür hat er sein alles sein Liebling Marie nicht ohne sein Mitwissen begangen hat,
2758 2463 3398 2531 uns jetzt zu Schulausdrücken,
394 2475 1592 2538 Leben gewettet und an der Hekatombe, die da für Ehre, Ruhm,
1588 2489 2767 2551 sind häßlich klingende Worte, aber es braucht nichts dahinter zu
2754 2495 3405 2576 kommen, nicht allein als Au
400 2520 2762 2561 Vaterland fallen soll, weidet er sich gefräßig wie an einem Blut= sein, und wir kommen auch darüber wie über alles hinweg, wenn
2762 2537 3187 2608 geschaute Drohung,
3250 2539 3382 2599 für
393 2550 1598 2622 opfer, mit dem er noch ein paar Jahre seines elenden, qualvollen
1579 2564 2758 2629 wir nur am Leben bleiben, was Vergessen bedeutet. Wenn der Mann
2751 2573 3405 2637 gespielt haben muß. Sie darf nich
392 2587 1601 2653 Daseins von den bösen Mächten da oben zu erkaufen meint.
1582 2602 2765 2669 noch weiter redete, würde er bei der alten Schnitzlerschen Weisheit
2758 2629 3398 2689 ganz Fremdes, Unerwartetes stoßen
396 2624 1590 2694 Passons sur les saits. Die ganze Voraussetzung ist aus militärischen
1573 2642 2771 2712 enden, daß es am schönsten ist, melancholisch in der Abendsonne zu sitzen
2761 2658 3389 2721 dingung mit den anderen vorber
391 2674 1600 2724 Gründen unwahrscheinlich, aber man muß gegen Voraussetzungen
1576 2674 2767 2749 und dabei von fernher die wehmütig süßen Klänge eines Wiener
2765 2697 3393 2756 selben Theaterrecht eine andere Sit
387 2691 1588 2772 tolerant sein. Wenn Marie nun zu ihrem todgeweihten Leutnant
1581 2726 2767 2774 Walzers zu hören. Schnitzler hat sich also um eine Erfindung be¬
2751 2728 3388 2792 Leutnant in der letzten Nacht mit
395 2736 1590 2810 läuft, nachdem sie den boshaften Vater, den Mörder ihres Glücks,
1581 2761 2761 2831 müht, die ihn selbst überwältigte um fortzeugend Scheußliches zu
2751 2771 3383 2847 spielt. Man kann ferner nicht für
383 2780 2763 2859 ihrer Schönheit und Jugend unschädlich gemacht hat, so wird diese1 gebären, hat einen Vater durch die Tochter, eine Frau durch ihren
2752 2805 3396 2868 Ausgang nehmen. Im ersten sieht
383 2829 1600 2903 Liebelei mit Vergiftung, diese private Herzenssache vor einen
1576 2841 2766 2893 Mann, einen Liebhaber durch sich selbst und dazu ein ganzes Re¬
2752 2848 3399 2916 fortlaufen, im zweiten das Liebe
388 2862 1590 2936 größeren ernsteren Hintergrund gestellt, der auf Heroismus weist,
1571 2882 2769 2932 giment umbringen lassen, nur um sich einmal um sich selbst zu
2754 2887 3361 2958 Offiziers. Beide Male heißt es:
390 2895 1596 2969 auf alle männlichen Ideale, die uns das Leben verachten heißen.
1580 2919 2759 2988 drehen, um wieder dieselbe Philosophie des Quietismus zu belehren
2753 2935 3405 2988 das, ohne zu wissen warum, dem
381 2933 1579 3003 Und so würde das Thema vom „Ruf des Lebens“, das bis dahin
1583 2955 2766 3003 die sonst seine Anatoles mit bedächtig geformten Ringeln des
2753 2972 3397 3025 er bittet den Dramatiker, es nicht
388 2965 1594 3032 zwischen jungen und alten Lebemännern, zwischen süßen kleinen
1583 2999 2766 3055 Zigarettenrauchs von sich bliesen. Vielleicht hat er so viel erfinden
2751 3003 3387 3062 lich findet sich für Schnitzler keine
384 3007 1581 3080 Mädeln und komplizierten Frauen in klugen sauften, müden
1582 3025 2769 3088 müssen, so weit über die ihm vertraute Welt melancholisch eitten
2754 3052 3368 3109 zu verbessern, und wir wünschen,
389 3045 1598 3118 Worten abgehandelt wurde, ein weiteres Echo finden in der
1576 3071 3394 3140 Selbstgenusses hinausspringen wollen, weil ihm nichts einfiel, weil bisher noch reich genug war, um
383 3091 3396 3155 größeren Welt, von der nun eine Vorstellung über die Philosophie das verbrauchte Feld, das immerhin sein eigenes war, nichts mehr der anderen, der Rechner und Mache
