3484 4256
1543 209 2100 304 box 24/3
336 201 1489 308 19. Der Ruf des Lebens
1013 982 2247 1048 Die dritte der handelnden und behandelten Frauen ist nur Requisil,
892 1037 2245 1081 die zweite Leiche abzugeben. Und die Männer! Einer unsympathischer als
894 1077 2241 1143 der andere. Ist der Oberst ein Verbrecher oder ein Held? Jagt er sein
892 1129 2239 1179 Regiment in den Tod, um übers Grab hinaus das leere Spiel des Ruhmes
899 1177 2246 1241 zu gewinnen, oder drängt's ihn ins Nirwana, da er die Schlacht im eignen
901 1223 2251 1286 Haus verlor? Alle Spieler, und auch der Raisonneur nicht minder, kranken
903 1274 1569 1344 schwer an Schnitzlers eigner Skepsis.
1012 1325 2242 1381 Fräulein Hannemann hat sich mit der Marie, Fräulein Müller
898 1384 2241 1428 mit der Katharina redliche Mühe gegeben. Am meisten genützt hat die Letzt¬
889 1432 2241 1479 genannte der schwankenden Figur, die sie darzustellen hat, durch den Einsatz
897 1480 2238 1539 jener undefinierbaren Eigenschaften, die man am besten mit dem Worte
888 1530 2253 1586 Charme zusammenfaßt. Der wunderschöne, geistblitzende und knappe Dialog
884 1581 2233 1638 wurde von dem immer liebenswürdigen Herrn Kramer und dem vortreff¬
895 1631 2248 1699 lichen Herrn Kutschera zu möglichster Wirkung gebracht. Den zweien hat
896 1678 2245 1737 Schnitzler vieles zu danken. Herrn Weisses Oberst war eine Karikatur
885 1727 2238 1772 zum Erbarmen. Hat man je einen Kommandierenden in solchem Singfang
898 1784 2249 1839 schon vernommen? Herrn Edthofer hat man nur bis zur achten Bank
888 1845 2251 1895 verstanden. Und da ich in der neunten saß, weiß ich nichts von ihm, aber
892 1873 1667 1937 seine Bewegungen haben mir recht gefallen.
1008 1932 2238 1997 Schmerzhaft ist es, zusehn zu müssen, wie Schnitzlers einst so seine
899 1986 2242 2032 Erotik in nackte Sexualität sich wandelt. Schwer schwebt Hauptmanns Art
883 2038 2245 2088 und Sudermanns Mache, aber ohne deren Ernst und Geist, über unsern
899 2095 2231 2145 verwöhnten Wiener Anatoldichter. Doppelt schwer, denn unsere Literatur¬
888 2126 2241 2190 pächter lauern ja nur auf die ihnen notwendige Konstatierung, daß Wiens
887 2179 1490 2257 dramatische Produktion steril sei.
2008 2180 2208 2239 E. v. W.
1466 2278 1537 2339 9
998 2278 1075 2331 60
1103 2266 1271 2337 AP 66 2
897 2274 2240 2380 A
885 2341 990 2412 (32
1092 2370 1995 2443 Österreichischer Lloyd in Triest.
894 2402 988 2488 725
2181 2462 2236 2531 5
1019 2476 2106 2568 Vergnügungsfahrten im I. Halbjahr 1910
1269 2539 1859 2611 mit Dampfer „THALIA“.
2124 2524 2210 2611 8
2121 2586 2232 2653 20
1007 2595 2109 2650 1. Reise ab Triest 12. Februar 1910 nach Korfu, Tunis, Pa¬
1130 2649 1747 2692 lermo, Neapel, Villefranche usw.
996 2685 2112 2745 2. Reise ab Genua 2. März nach Neapel, Palermo, Messina,
882 2642 989 2763 8
1133 2724 1511 2772 Korfu, Venedig usw.
1001 2758 2102 2816 3. Reise ab Triest 18. März nach Korfu, Haifa, Jaffa, Bei¬
881 2756 987 2827 (8
1128 2805 1432 2857 rut, Port Said.
880 2820 994 2884 425
1010 2837 2114 2907 4. Reise ab Triest 16. April nach Syrakus, Algier, Malaga
1145 2886 1982 2932 (Spanien), Madeira, Tanger, Oran, Tunis u. a.
2174 2882 2251 2951 2
1007 2930 2103 2997 5. Reise ab Triest 25. Mai nach Korfu, Messina, Syrakus,
1125 2962 1756 3014 Tunis, Palermo, Neapel, Ajacclo.
1010 2984 2105 3060 6. Reise ab Genua 12. Juni nach Palma, Malaga (Granada,
886 2999 982 3062 25
2120 3001 2232 3070 2
1120 3045 2013 3096 Sevilia, Kadiz), Gibraltar, Lissabon, Amsterdam.
880 3060 979 3121 1
2112 3060 2223 3125 22
999 3091 2109 3155 Anmeldungen, resp. Anfragen werden am besten gerichtet an
2181 3119 2237 3188 9
874 3114 987 3187 (2
1093 3149 2025 3198 Triest: Kommerzielle Direktion (Passagierbureau)
901 3180 965 3243 85
1147 3197 1968 3251 Wien: Passaglerbureau, I., Kärntnerring 6.
2098 3201 2146 3256 60
1357 3273 1878 3343 Dee# (se e# (#e ## #
875 3285 2240 3383 W
