3248 4352
503 106 1300 158 Ohne zu wollen und vielleicht gar mit
1306 117 2087 163 ter 11) im Noyalsaale heuer im Abonno¬
485 132 1303 205 beabsichtigtem Nichtwisserwollen bringt
1305 145 2085 202 nent veranstaltet, ist folgendes Programm
1295 193 2088 234 definitiv festgestellt worden; 1. Donners¬
487 184 1292 244 er in seiner sehr weitausgeholten Fa¬
1303 230 2090 282 tag, 9. Nov. Streichquartett Seveik: Dvo¬
480 230 1295 286 bel gewissermaßen die Doppelgänger
1307 258 2093 309 rak, g=dur, ov. 106 (zum erstenmal), Beeth¬
487 272 1290 333 seiner Gestalten aus früheren Dramen
1297 302 2092 356 oven, f=dur, op. 135, Grieg, g=moll, op. 27.
481 320 1290 366 zusammen, die nur andere Namen ha¬
1302 347 2091 400 2. Donnerstag, 30. Nov. Brüßler Streich¬
490 364 1291 422 ben, andere Handlungen verüben, im
1303 373 2094 425 quartett: Beethoven, a=moll, op. 132,
485 394 1292 466 Wesen aber blutverwandt sind mit je¬
1940 417 2106 477 c=moll,
1312 418 1924 481 Schubert, Nachgelassener Satz
486 454 1295 510 nen Figuren, die er in „Liebelei“, ein
1303 460 2100 506 Brahms, b=dur, op. 67. 3. Montag, 18.
491 488 1292 554 „Schleier der Beatrice", im „Lieute¬
1298 497 2087 553 Dezember. Brüßler Streichquartett: Re¬
1311 535 2090 591 ger, Streichtrio, a=moll, op. 77b (zum er¬
480 531 1295 594 nant Gustl“ und anderen Dramen und
1308 568 2093 620 stenmal), Beethoven, b=dur, op. 18, Hugo
485 571 948 632 Novellen bewegt hat.
1303 607 2096 660 Kaun, Klavierquintett, f=moll, op. 39. Kla¬
524 611 1285 682 Marie verbringt ihr Leben als Pfle¬
1308 663 2093 697 vier: Frau Dr. Michael Adler. 4. Don¬
487 661 1294 720 gerin des mürrischen Vaters, der krank
1304 686 2092 740 nerstag 4. Jänner. Böhmisches Streich¬
488 711 1299 774 liegt und sein blühendes Kind an sein
1306 725 2089 787 quartett J. Suk: Streichquartett (zum
488 752 1291 801 Siechbett kettet, entzogen dem Leben
1308 765 2096 819 erstenmal) Tschaikovsky, f=dur, op. 22,
487 798 1296 856 und seinen Freunden. In einer Ball¬
1307 803 2092 849 Dvorak, c=dur, op. 61 (zum erstenmal). 5.
493 836 1290 894 nacht, da sie am Arme des Lieutenants
1305 842 2091 900 Freitag, 2. Feber. Streichquartett Capet
1302 879 2087 939 (Paris): C. Frank, d=dur, Debussy, g=moll,
480 878 1289 932 Max von den blauen Kürassiren durch¬
1308 921 2089 977 op 10, Beethoven, es=dur, op. 74. Die
481 933 1300 992 tanzt, zeigt sich ihr das Leben von der
1307 955 2092 1009 Zahl der Abonnenten für diesen vielver¬
480 970 1295 1036 schönen Seite zum ersten Male. Die
1304 989 2094 1059 heißenden Zyklus ist schon heute zweimal
480 1003 1287 1065 Beiden sehen und lieben einander und
1315 1043 1812 1108 so groß wie im Vorjahre.
482 1057 1293 1119 als geschieden ward, verspricht sie ihm,
1383 1068 2100 1149 Die berühmte Altistin der Hamburger
487 1105 1298 1168 wiederzukommen. Aber sie kommt nicht.
1304 1124 2095 1186 Oper Ottilie Metzger kennt das Buda¬
485 1145 1298 1207 Da ziehen die blauen Kürassiren in den
1311 1181 2098 1224 pester Publikum bisher nur aus ihrer
476 1190 1297 1249 Krieg, in dem sie sterben müssen, denn
1313 1211 2094 1255 Wirksamkeit bei den Bayreuther Festspie¬
487 1238 1290 1294 das Regiment hat die Schmach zu süh¬
1303 1251 2098 1303 len. Im vorigen Jahre hatte die Wiener
480 1280 1293 1354 nen, mit der es sich in einem früheren
1309 1295 2100 1347 Hofoper die hervorragende Künstlerin
484 1319 1241 1387 Kriege durch Feigheit bedeckt hatte.
1311 1320 2106 1384 schon als Nachfolgerin vod Mme. Cahier
1308 1366 2099 1414 engagirt, die Hamburger aber beeilten sich
525 1374 1296 1443 Das Regiment zieht zur Stadt hin¬
1301 1406 2095 1464 ihren Liebling um schweres Geld zurück¬
489 1424 1288 1478 aus. Marie erfährt von ihrer Freun¬
1298 1440 2093 1502 zuerobern. Frau Metzger veranstaltet
484 1463 1283 1510 din Kathrine, daß Max erst am folgen¬
1311 1478 2098 1537 Dienstag, den 31. Oktober im Royalsaal
486 1507 1287 1566 den Morgen in den Krieg ziehen, in
1313 1525 2098 1572 ihren ersten Liederabend in Budapest.
476 1545 1293 1607 den Tod reiten wird. Das Leben ruft
1308 1555 1675 1620 Karten bei Merh.
484 1595 1291 1654 sie und sie gibt dem kranken Vater eine
1364 1592 2095 1675 *Kammersänger Leo Slezak, wohl der
479 1637 1289 1696 stärkere Dosis vom Schlafmittel ein,
1299 1657 2094 1712 gefeierteste Tenor der Gegenwart neben
479 1685 1294 1731 die ihn tötet. Von seiner Leiche weg
1300 1694 2095 1755 Caruso, erhielt kürzlich von der Berliner
483 1725 1298 1783 fliegt sie in die Arme ihres Geliebten.
1303 1736 2098 1784 Hosoper ein Engagementsantrag für meh¬
483 1772 1296 1822 Doch dort hart ihrer eine große Prü¬
1301 1775 2096 1818 rere Jahre mit 100,000 Mark, welchen er
1301 1808 2102 1867 mit Rücksicht darauf, daß die Newhorker
485 1798 1296 1862 fung. Bei Max ist die Gattin des Ober¬
1305 1849 2108 1904 und Bostoner Operndirektoren ihm 2000
483 1855 1284 1911 sten, die kokette, frivole Irene und
1311 1885 2106 1939 Dollars pro Abend zahlen, nicht annehn:
477 1900 1284 1954 Marie versteckt sich, um nicht bemerkt
1303 1932 2102 1984 bar fand. Vor seiner neuen Amerikatour
472 1941 1295 1999 zu weden. Max und Irene werden vom
1311 1966 2108 2019 wird das Budapester Publikum Slezak
477 1993 1298 2053 Obersten überrascht und dieser schießt
1303 2005 2098 2058 in einem einzigen Liederabend hören, wel¬
1305 2042 2104 2093 chen er Mittwoch, den 15. November im
478 2073 1295 2143 #e weg kam Marie wieder zu einer
1312 2083 2117 2148 großen Redoutensaale veranstaltet. Sitze
1311 2121 1629 2182 bei Bela Merh.
482 2118 1293 2170 L#che. Aber das Leben ruft und die
483 2161 1293 2225 Liebenden verleben eine Nacht berau¬
1378 2157 2119 2235 Die vier, am 8. und 9. und am 10.
490 2209 1293 2269 schender Liebe und schrankenloser Hin¬
1304 2215 2110 2269 und 11. Feber, unter Leitung Ferdinand
485 2252 1295 2319 gegebenheit. Dann rückt Max ins Feld
1310 2261 2103 2312 Löwes stattfindenden Konzerte des Wie¬
1306 2296 2103 2356 ner Konzert=Vereins=Orchesters begegnen,
481 2300 1294 2365 und fällt. Marie begibt sich zu einer
1306 2337 2099 2386 wie nicht anders zu erwarten war, dem
489 2347 1296 2394 Tante und genaß von ihrem Seelen¬
1300 2374 2103 2434 außerordentlichsten Interesse seitens un¬
484 2391 1295 2436 leid im Schoße der herrlichen Natur,
1307 2410 2104 2468 seres Publikums. Karten im Abonnement
480 2433 1301 2500 wo sie durch die Lehren eines Arztes
1309 2437 2116 2509 noch in beschränkter Anzahl von 12—60
488 2480 1297 2542 zum Bewußtsein gelangt, daß das Le¬
1310 2486 1961 2554 Kronen bei Harmonia erhältlich.
485 2519 1298 2582 ben einmal noch einen Ruf an sie er¬
1348 2536 2102 2600 * Am 30. Oktober veranstaltet die her¬
492 2563 1291 2618 gehen lassen wird, dem folgend, sie den
1311 2572 2104 2623 vorragende Gesangskünstlerin Ilona K.
490 2610 1293 2666 Ernst und den sittlichen Inhalt eines
1309 2620 2108 2678 Durigo im Royalsaale einen Liederabend.
479 2657 1290 2718 höher gearteten Daseins erkennen wird.
1315 2660 2102 2711 Karten von 3—10 Kronen bei der Har¬
1309 2700 1469 2757 monia.
526 2697 1297 2760 Der schwierigen Aufgabe, die Men¬
485 2723 1292 2801 schen dieses sonderbaren Gebildes, be¬
1381 2721 2099 2793 Am 4. November erscheint der Lieb¬
1309 2779 2104 2839 ling unseres Publikums, die Kammersän¬
490 2796 1302 2840 stehend aus Realismen des Lebens und
1311 2826 2108 2872 gerin Selma Kurz unter Mitwirkung
493 2830 1292 2891 Phantasien des Märchens, zu versinn¬
1307 2866 2100 2910 Enrico Mainardis, des berühmten Cello¬
489 2871 1290 2935 lichen, vermag die junge Garde des
1313 2906 2110 2955 virtuosen, im großen Redoutensaal. Kar¬
484 2912 1299 2967 Magyar Szinhäz nur zur Noth zu ent¬
1313 2939 2100 2997 ten von 3—20 Kronen bei der Harmonia.
492 2964 1297 3024 sprechen. Wir können in der Darstel¬
1396 2983 2104 3035 Am 10. November dirigirt im Rah¬
484 3006 1299 3067 lung höchstens den alten, kranken Mo¬
1307 3028 2109 3088 men eines Brahmsabendes Generalmusik¬
482 3048 1295 3108 ser Sebestyén's und die Tanie der
1315 3065 2106 3118 direktor Fritz Steinbach, der berühmte
492 3098 1299 3158 Frau Halmi mit Anerkennung und
1309 3091 2110 3165 Brahmsinterpretator, das Orchester der
491 3149 1294 3200 den aus Lebensfreude vor dem zittern¬
1304 3145 2109 3208 Wiener Tonkünstler unter Mitwirkung
1315 3184 2106 3240 der ausgezeichneten Brahmssängerin Em¬
492 3179 1299 3243 den Lieutenant Albert Tarnay's
1317 3225 2092 3269 my Heim und der Geigenvirtuosin Steft
493 3225 1298 3287 hervorheben. Die Gestaltungen der Da¬
1314 3257 2101 3313 Geyer. Das Programm lautet: 1. Brahms
488 3281 1294 3335 men Gombaßögi (Marie) und
1317 3297 2106 3359 Simph. 2. Brahms Violinkonzert. 3.
492 3324 1303 3378 Simonyi (Kathrine), der Herren
1312 3330 2101 3388 Brahms Lieder. 4. Brahms Variationen
492 3365 1298 3409 Lugosi (Max) und Pärtos
1318 3379 2111 3437 über ein Thema von Haydn. Karten von
495 3406 1294 3460 (Oberst) lassen jedoch jeden künstleri¬
1311 3415 1968 3477 3—15 Kronen bei der Harmonia.
1344 3455 1392 3514 *
497 3449 1302 3515 schen Anspruch des Zuschauers unbe¬
1390 3446 2107 3511 Am 11. November Konzert des Wie¬
498 3485 703 3566 friedigt.
1141 3490 1260 3562 (d.)
1311 3484 2112 3571 ner Tonkünstler=Orchesters unter Füh¬
1313 3541 2116 3598 rung Oskar Nedbals und unter Mitwir¬
1317 3581 2116 3632 kung Emil Sauers und der kgl. sächsischen
576 3599 1299 3660 In der königlichen Oper setzt heute
1315 3620 2112 3680 Kammersängerin Margarethe Siems. Auf¬
501 3632 1292 3704 die Kammersängerin Frau Matzenauer
1317 3651 2114 3722 geführt wird: Gustav Mahlers vierte
494 3692 627 3747 ihr
993 3692 1280 3758 Leonore in
635 3690 971 3749 Gastspiel als
1315 3695 2110 3751 Symphonie mit obligatem Sopransolo. 2.
492 3721 1297 3791 Beethoven's „Fidelio“ fort. Die übri¬
1320 3737 2113 3796 Beethoven, Klavierkonzert. 3. Gesang mit
1764 3766 2104 3830 Moldau, Ouver¬
1317 3773 1754 3835 Orchesterbegleitung. 4.
499 3776 1304 3837 gen Rollen sind mit Frl. Payer und
1310 3820 2111 3867 ture. Karten zu 3—15 Kronen in der
504 3823 1307 3880 den Herren Aränyi, Kärpät, Kertéß,
1324 3858 1571 3916 Harmonia.
493 3874 1226 3934 Rözsa, Takäts und Venczel besetzt.
1385 3882 2111 3956 Am 16. November findet das einzige
546 3911 609 3975 *
586 3912 1311 3994 Herr Alexander Göth und seine
1304 3943 2129 3997 Orgelkonzert Enrico Bossis im Saale der
497 3984 2127 4020 Gattin Frau Ella Kerteß=Göth Musikakademie statt. Karten von 3—10
509 4014 1836 4087 sind bekanntlich nach einjäbrigem Ver= Kronen bei der Harmonig,
2106 104 2875 140 Solokonzert des Lieblings unseres Publi¬
2105 135 2892 185 kums, des Violinvirtuosen Willy Burme¬
2104 176 2897 225 ster, ebenfalls im großen Redoutensaale
2110 205 2901 270 statt. Karten zu 3—10 Kronen bei der
2106 251 2337 306 Harmonia.
2145 326 2854 399 Unsere Vergnügungs=Etablissements.
2138 389 2899 454 Fövarosi Orfeum. Sonntag, den 8. Ok¬
2109 431 2900 495 tober werden wie gewöhnlich zwei Vor¬
2102 465 2905 529 stellungen veranstaltet, welche um halb 4“
2102 514 2907 575 und 8 Uhr beginnen. Das Familienpro¬
2111 553 2904 607 gramm der Nachmittagsvorstellung be¬
2103 589 2900 650 steht aus durchwegs erstklassigen und hu¬
2108 626 2905 676 moristischen Nummern. Das neue Okto¬
2103 655 2909 721 verprogramm entsprach in jeder Hinsicht
2104 703 2905 766 der Erwartungen und zieht allabendlich
2111 752 2900 799 ausverkaufte Häuser, so daß man sich um
2102 777 2903 843 gute Plätze zu bekommen, womöglich schon
2111 817 2904 872 mehrere Tage vorher an die Tageskassa
2111 866 2910 927 wenden muß. Die Abendkassa wird ge¬
2111 893 2615 958 wöhnlich garnicht eröffnet.
2141 941 2902 989 Royal=Orfeum. Das neue Programm
2100 976 2903 1028 des Royal=Orfeums wird mit Recht „Fa¬
2105 1013 2904 1076 vorit=Programm“ genannt, wie auch die¬
2112 1053 2907 1111 ses beliebte Varietetheater heute vom be¬
2105 1092 2896 1143 sten Publikum favorisirt wird. Täglich to¬
2108 1131 2903 1184 tal ausverkaufte Häuser bestätigen den
2107 1172 2898 1222 großen Erfolg der Attraktionen des Royal¬
2111 1215 2906 1262 Orfeums, von denen wir nur The Ha¬
2108 1239 2903 1304 mamoura Family, Piccad Company, Reu¬
2113 1286 2908 1328 ter Brothers, Lise Ripert, Norman Telma,
2113 1328 2912 1386 The Prince of Wales Company, die rei¬
2115 1365 2898 1421 zende neue Operette von Bela Zerkowitz
2103 1403 2902 1459 „Der blaue Fuchs", den Theaterscherz
2108 1444 2899 1494 „Tutista und Pitianer“ gespielt von den
2104 1478 2907 1543 Herren Barsony und Tihanyi und die
2109 1505 2894 1577 französische Posse „Der Nachtwandler“
2107 1556 2914 1619 erwähnen. Im Royal=Kabaret treten jede
2111 1601 2927 1653 Nacht 40 neue Gesangs= und Tanzattraks
2729 1635 2911 1687 Oktober
2107 1634 2663 1688 tionen auf. Sonnlag, den
2116 1673 2909 1724 Nachmittag halb 4 Uhr, findet eine große
2108 1695 2919 1765 Familienvorstellung zu ermäßigten Prei¬
2116 1749 2903 1813 sen statt, bei welcher Gelegenheit sämmtt¬
2111 1794 2677 1862 liche Attraktionen mitwirken.
2104 1823 2919 1894 4##############.
