3484 4320
1455 178 2012 276 hox 24/1
232 169 1416 261 19. Der Ruf des Lebens
3133 1188 3196 1273 8
369 1246 3351 1323 zuforschen, wem von den deutschen Literaten, Publizisten die Studenten für einen fidelen Kneipabend verfassen. Dies; Eskapaden ins Reich der Tragödie suchen
371 1308 3353 1364 oder Theaterleitern das höchst zweifelhafte Verdienst ge= zeigte sich vor allem in der fünfaktigen historischen Komödie besondere Eigenart ihres Meisters auszu
368 1353 3350 1414 bührt, uns den irländischen Parodisten Bernard Shaw nach „Cäsar und Kleopatra“, welche Direktor Rein= sich in Wirklichkeit um Verlegenheitsszen
373 1401 3340 1456 Teutschland eingeschmuggelt zu haben. Denn der Kultus, hardt in seinem „Neuen Theater“ kürzlich zum erstenmale Witzchen und Mätzchen Shaws nicht an
376 1441 3347 1497 welcher mit diesem englischen Schriftsteller auf den deutschen gab. Der Rubikon-Ueberschreiter ist als alternder, stark raum von fünf langen Akten amüsant
376 1482 3333 1529 Bühnen getrieben wird, ist um so auffallender, als das verbrauchter Lebemann gezeichnet, welcher die Welt von Ueberhaupt macht sich Mr. Shaw die
384 1526 3355 1578 Publikum sich zu den Schöpfungen des Mr. Shaw voll= dem nüchternen Standpunkte des durch Börsenspekulationen wenn er die Leute damit zum Lachen
377 1570 2607 1629 ständig ablehnend verhält. Und das mit Fug und Recht! reich gewordenen Plutokraten betrachtet, dem bei seinen
2594 1573 3342 1643 zum Beispiele den Britannius beim Au
381 1612 2597 1671 Shaw ist nichts anderes als ein mittelmäßiger Parodist, erfolgreichen Geschäften alle Illusionen zum Teufel gingen,
2598 1614 3340 1677 springenden Helden ausrufen läßt; „H
2594 1652 3361 1731 Oder wenn ein römischer Feldherr von
367 1656 2601 1714 der aber literarischen Ehrgeiz besitzt und weit mehr gelten der an keine Tugend mehr glaubt, an nichts, was den Menschen
1506 1708 2604 1756 adelt. Die erst 16 Jahre alte Kleopatra behandelt er mit
370 1699 1513 1763 will als andere Schriftsteller, die ernste Werke in mehr oder
2595 1707 3354 1768 beschäftigt sich eben mit der Lösung der
1499 1748 2608 1803 dem überlegenen Humor des mit allen Salben geschmierten
2669 1745 3352 1811 Auch das Schiller=Theater brachte
374 1761 1521 1802 minder gelungener Weise zu travestieren pflegen. So gibt
1503 1782 2609 1841 alten Lüstlings, der mit diabolischem Vergnügen beob¬
2593 1768 3349 1842 sein Opfer, indem es die „Helde
378 1792 1506 1843 sich denn Shaw den Anschein, als sei er ein Satiriker,
1506 1835 3349 1883 achtet, wie empfänglich sich das frühverdorbene Geschöpf hatte damit bei seinem Stammpublikun
369 1841 1501 1900 Humorift von hervorragender literarischer Bedeutung, und
1498 1878 2615 1946 für die ars amandi zeigt. Was aber jene schillernde Nil¬
2591 1879 3325 1947 literarisch so hochgelahrt wie das
373 1888 1509 1934 damit niemand an seiner poetischen Sendung zweifle, ge¬
1508 1909 2599 1976 schlange betrifft, in deren wollüstigen Umschlingungen
2601 1923 3353 1989 ist, dafür jedoch ein gesünderes künst
373 1918 1505 1982 heimnist er in seine Arbeiten so etwas wie eine nihilisti¬
1507 1969 2595 2021 später Autonius seine Manneskraft, Reich und Leben ein¬
2591 1968 3347 2024 besitzt kein Glück. Das Lustspielhau
373 1964 1505 2028 scho Weltanschauung hinein, welche alle Erscheinungen von
1496 2006 2614 2065 büßte, so trägt sie in der ihr durch Shaw verliehenen
2596 2002 3352 2075 als N'ovität einen dreiktigen Schwa
379 2019 1511 2063 der lächerlichen Seite aus betrachtet, spielt mit doppel¬
1505 2051 2600 2108 Charakteristik wahrlich nicht die Keime jener dämonischen
2600 2051 3341 2105 Hochsatte!“ auf, hergestellt in
376 2054 1504 2106 sinnigen Redewendungen, kurz, er treibt allerlei Hokuspokus,
1499 2094 2594 2144 Größe in sich, welche nicht nur die Kleopatra bei Shake¬
2592 2089 3356 2170 der Wiener Judenfirma Leo Walter
380 2095 1501 2150 unt die Leute über sein bescheidenes parodistisches Talent
1498 2139 2607 2194 speare, sondern auch die der Geschichte zeigt. Shaws
2588 2143 3337 2208 Heller. Eine unverschämtere Verhöh
369 2138 1516 2190 hinwegzutäuschen. Im Gegensatze zu der Heldenverehrung
1501 2190 2607 2238 gekrönte Kurtisane Aegyptens gibt sich wie ein modernes
2594 2187 3343 2239 Geburtsadels und größere Glorifizien
366 2185 1505 2241 Carlyles präsentiert er sich als Heldenverhöhner, schnüffelt
1502 2230 2597 2293 verzogenes Mädchen, welchem die Lektüre von Wildas
2596 2236 3333 2297 Geldadels ist mir noch nicht auf d
370 2223 1498 2291 mit zynischem Behagen auf den Hintertreppen der Welt¬
1507 2270 3328 2329 „Salome“ und anderer ververser Bücher das Köpfchen Dieser Schwank, der im übrigen n
368 2274 1508 2336 geschichte herum, guckt mit Vorliebe in Schlafgemächer und
1500 2299 2609 2382 verdreht hat und der niemand die Blutgelüste zutraut,
373 2316 1497 2372 andere diskrete Räumlichkeiten, nur um etwa den Beweis
2592 2315 3359 2382 Rezepte angefertigt hund mit den dümn
1500 2362 2598 2412 von denen sie alle Augenblicke kindlich=naiv plaudert.
374 2356 1510 2411 zu führen, daß sich auch ein Julius Cäsar nicht mit der
2590 2363 3339 2422 ist, hält sich trotzdem dauernd auf dem
1502 2403 2608 2455 Ebenso unglaubwürdig sind auch die anderen Gestalten ge¬
384 2400 1498 2463 Pose des Welteroberers ins Bett legte und der große
2592 2407 3348 2480 verständlich, denn Spree=Athen zählt
1495 2442 2601 2504 zeichnet, mit einziger Ausnahme des Britannius, Cäsars
383 2441 1511 2503 Napoleon sich wie jeder andere Sterbliche kratzte, wenn es
2599 2452 3329 2496 Juden! Und die vermögen einem so
1505 2494 2611 2546 Sekretär, in dem Shaw den Typus des Engländers ka¬
387 2473 1504 2548 ihn juckte! Um zu dieser tiefsinnigen Weisheit zu gelangen,
2592 2479 3352 2559 schon eine stattliche Reihe gut besuch
375 2540 1504 2615 brauchen wir uns wahrlich nicht den Mr. Shaw aus Irland
1497 2546 3348 2601 ritiert. Natürlich ist auch die Handlung als Travestie auf= garantieren. Zum Schlusse nenne ich
1498 2574 3356 2644 gefaßt, aber da zeigte es sich, daß der Autor nicht im= neueste Oper: „Die vier Grah
377 2586 1501 2640 zu verschreiben! Nichts ist leichter, als den bekannten Schritt,
1494 2623 2611 2671 stande war, den gewaltigen historischen Stoff ganz ins
2601 2609 3342 2688 „Theater des Westens“ einen hu
375 2630 1503 2685 der vom Erhabenen zum Lächerlichen führt, gerade auf den
1496 2662 3343 2718 Possenhafte aufzulösen, und so schnallte er sich mehr als ein= zielte, obgleich sie gegen die „Neugi
374 2666 1509 2722 weltbedeutenden Brettern zu tun, und die Mittelchen,
379 2722 3335 2757 mit welchen Shaw sein Publikum ab und zu zum mal den hohen Kothurn an, um in der ernsten Maske Melpo- den geringsten Fortschritt in der En
389 2760 3342 2837 Lachen bringt, sind auch in jeder Parodie zu finden, menes über die weltbedeutenden Bretter zu stelzen. Diese ponisten zeigt, eher vielleicht einen Rüch
