3248 4352
1555 171 2001 287 box 24/4
249 206 1398 292 19. Der Ruf Lebens
1620 1478 1970 1577 Telephen 12.591.
1779 1561 1867 1629 „
1112 1616 1811 1697 „UBULRTER
904 1682 2036 1741 I. österr. bebördl. konz. Unternehmen für Zeitungs-Ausschaltts
1102 1737 1856 1800 Wien, I., Concordiaplatz 4.
1321 1789 1644 1856 Vertretungen
920 1831 2027 1911 in Berlin, Basel, Budapest, Chicago, Cleveland, Christianis.
920 1887 2015 1949 Oenf, Kopenhagen, London, Madrid, Mailand, Minneapolls.
909 1926 2023 1975 New-Vork, Paris, Rom, San Francisco, Stockholm, St. Prters¬
1322 1963 1622 2017 burg, Toronto.
1243 2001 1688 2067 (Gslesagabe ohse dewähr.
908 2055 1373 2134 Ausschnitt aus:
920 2130 2104 2231 vom: I2 2 19/0 Teplitz-Schönauer Anzeige
1509 2201 2000 2287 Teplitz, Böhmen
1193 2287 2116 2379 I„Der Ruf des Lebens“—Schauspiel in
1120 2372 2115 2440 3 Akten von Arthur Schnitzler.] Beim Anhören
1137 2409 2117 2493 eines solchen Dichterw möchte man allein sein,
1134 2469 2119 2528 um sich ungstört den ergreifenden Eindrücken hin¬
1133 2522 2121 2575 geben zu können die die Worte des Autors in uns
1143 2572 2117 2627 hervorbringen. Inmitten einer hustendon und sich
1136 2627 2117 2672 räuspernden Mange, die sich auf knarrenden Sitzen
1130 2675 2113 2739 hin= und herschiebt, sind unsere Gedanken allzusehr
1128 2720 2110 2772 vom der Sorge beeinslußt, etwas von dam zu über¬
1134 2768 2112 2818 hören, was der Dichter uns zu sagen hat, und un¬
1133 2819 2111 2875 sere Phantasie fühlt sich durch die banalen Einwir¬
1134 2872 2105 2929 kungen aufgeschaucht, die von außen her unser In¬
1129 2920 2113 2966 nenwofen, das wir zur Gänze mit dem Inhalte der
1138 2964 2113 3023 Dichtung erfüllen möchten, beunnuhigen. Diese Em¬
1127 3017 2108 3074 pfindung allein zaugt für die Macht, die Schnitzler
1129 3077 2113 3127 auf unsere Sinne ausübt. Man möchte sein Werk
1128 3122 2103 3176 genießon im stillon Winkel einer friedlichen Abge¬
1135 3169 2104 3223 schiedenheit, um es voll und ganz genießen zu kön¬
1132 3210 2110 3264 nen. Denn es ist in seinem Inhalte ein Gefüge,
1126 3258 2109 3326 das der Dichter aus lauter Menschlichkeiten zu¬
1135 3315 2110 3367 sammengesetzt hat, und in seinen Worten ein Prunk¬
1133 3376 2110 3427 gewebe, das die feinsten Fäden seelischer Empfin¬
1123 3407 2108 3458 dungen und die goldig-schimmernde Pracht glühen¬
1126 3469 2107 3535 der Leidenschaften veranschaulicht. Schnitzler führt
1127 3519 2107 3569 in seiner Tragödie die Greignisse auf die höchste
1132 3555 2110 3618 Stufe dramatischer Entwicklung und läßt die Heldin
1126 3621 2107 3677 des Stückes von der plötzlich erwachten, nicht zu zü¬
1133 3665 2101 3710 galnden laidenschaftlichen Sehnsucht nach dem Le¬
1130 3712 2108 3778 ben, dessen Ruf sie zu hören vermeint, alle Schran¬
1127 3757 2104 3826 ken der Überlegung übensetzen und selbst von dem
1127 3802 2105 3880 Schrecklichsten nicht zurückschaudern, um von den
1132 3858 2106 3928 Fesseln befreit hinausstürzen zu können, ins Leben.
1128 3909 2103 3954 Aber sein Stück schließt micht mit der Disharmonie
1132 3960 2097 4022 des blutigen Eisektes oder der dramatischen Logik,
1129 4005 2100 4067 die eine Sühne als befriedigende Lösung bedingt.
1118 4052 2106 4112 Der Dichter führt den Zuhörer aus der glühenden
2139 245 3126 308 gleichlichen Art, die Tragödie in sanfter Milde und
2145 304 3122 369 versöhnend ausklingen zu lassen, das Gemüt zu
2146 353 3123 402 einer lichten Höhe der Befretung, die wie ein Bai¬
2143 402 3124 462 sam blutende Wunden heilt. Und hierin liegt wohl
2145 449 3118 509 auch eine charakteristische Eigenart des Dichters, der
2148 494 3132 552 in sich wohl noch immer den Beruf des Arztes
2149 542 3120 596 fühlt. Die Gestalt des Arztes in dem Stücke ver¬
2146 600 3134 668 körpert gleichsam die Ideen des Dichters, der durch
2147 647 3119 696 den Mund des ärztlichen Freundes zu den Men¬
2139 694 3130 754 schen wie ein Mensch spricht, der für sie fühlt und
2132 736 3130 794 sich nicht scheut, selbst dann offenherzig seine Mei¬
2133 793 3126 854 nung zu sagen, wenn man darin eine Gefahr für
2130 846 3127 910 die Gesellschaft erblicken lönnte, der ein Ratgeber
2135 892 3128 962 ist voll Menschlichkeit und richtiger, gesunder Le¬
2136 929 3128 1006 bensauffassung und der schließlich die zutreffende
2130 980 3121 1046 Tiagnose stellt und darnach seine Hoilmethode ein¬
2133 1031 3123 1101 richtet. So findet auch Marie, die Heldin des Stük¬
2141 1087 3132 1150 les, die dem vermeintlichen Rufe des Lobons gefolgt
2130 1133 3129 1203 ist und für eine einzige Stunde lodernden Genus¬
2142 1181 3124 1245 ses alles hingegeben hat, sich schließlich wieder, in¬
2142 1229 3127 1292 dem sie ihrem Dasein einan Lebensinhalt zu goben
2136 1281 3120 1354 vermag. Im Mittelpunkte der spannanden Hand¬
2139 1327 3123 1398 lung, die sich durch den geistvollen Dialog noch be¬
2146 1382 3124 1467 sonders bemerkbar macht, steht die Tochter des ehe¬
2145 1433 3130 1502 maligen Rittmeisters Moser, eben diese Marie.
2133 1472 3122 1543 Den alten Mann quält schwere, unheilbare Krank¬
2146 1519 3132 1598 heit und die Erinnerung an ein Juganderlebnis.
2141 1580 3128 1649 Er hat vor 30 Jahren seine Eskadron zur Flucht
2142 1631 3129 1680 bewogen und dadurch den Naman des Regiments der
2134 1680 3135 1759 blauen Kürassiere mit Schmach bedeckt. Er hat sein
2136 1730 3121 1796 Weib ins Grab gequält und peinigt nun seine ein¬
2141 1777 3117 1850 zige Tochter, die er mit hartherzigem Egoismus an
2145 1830 3122 1887 sein Krankenlagor kettet. Manie hegt eine schöne
2139 1885 3126 1952 Erinnerung in ihrer Bruft; ein einzigesmal im
2142 1933 3123 1994 vergangenen Winter war sie mit ihre Base Katha¬
2142 1980 3123 2049 rina ouf einem Ball und lernte einen Offizier ken¬
2138 2029 3125 2081 nen und lieben, einen jener blauen Kürassiere, die
2140 2080 3124 2147 einst vor dem Feinde geflohon sind. Nun steht wie¬
2143 2130 3122 2175 der der Feind an den Grenzen des Landes und die
2130 2173 3114 2240 Offiziere und die Mannschaft des Regiments haben
2124 2230 3122 2279 sich zugeschworan, die einstige Schmach durch den
2138 2274 3119 2339 e#enen Untergang zu ühnen. Sie wollen auf dem
2134 2327 3116 2375 gefahrlichsten Punkte kämpfen und keiner will aus
2127 2362 3110 2431 der Schlacht wiederkehren. Marie erfährt von die¬
2135 2423 3115 2501 sem Entschlusse durch den Doktor, der ihr dringend
2140 2478 3127 2542 rät, auch an sich zu denken und sich eine Stunde
2138 2525 3115 2580 Erholung in freier Luft zu gönnen. Über die Pflich¬
2138 2575 3115 2634 ten gegen andere stehen die höheren Pflichten gegen
2137 2622 3111 2682 sich selbst. Diese Worte, die Nachricht von dem To¬
2138 2675 3119 2739 desschwur der blauen Kürassiere und schließlich ein
2130 2721 3107 2787 Gruß, den die Base von dem Offiziere überbringt,
2132 2775 3117 2827 drängen sie zu dem Entschlusse, zu ihm zu eilen, nach
2135 2819 3119 2891 dem alle ihre Pulse schlagen, ihm ans Herz zu sin¬
2119 2875 3117 2941 ken, der dem Tode geweiht ist. Zur selben Stunde
2130 2916 3115 2992 enthüllt ihr auch der Vater die eigene Schuld, daß
2126 2969 3117 3022 er es gewesen, der vor 30 Jahren das Regiment
2136 3021 3116 3088 mit Schmach bedeckt. Sie vermag nun nicht mehr
2133 3068 3118 3126 dem Ruf des Lebens zu widerstohen. Einen Schlaf¬
2125 3121 3106 3176 trunk, den der Arzt für 100 Nächte bestimmt, füllt
2132 3170 3107 3223 Marie auf einmal in das Wasserglas des Vaters
2122 3227 3108 3281 und dieser finkt leblos zu Boden. Marie eilt in
2122 3268 3112 3339 die Wohnung des Geliebten. Hinter dem Fenster¬
2119 3314 3106 3379 vonhang verbongen, sieht sie, wie ihr Gekiebter sich
2115 3373 3102 3435 den Armen einer anderen, der Gattin seines Ober¬
2126 3421 3107 3488 sten, die ihn zu feiger Flucht mit ihr überreden
2121 3475 3102 3532 will, vergeblich zu entwinden sucht. Das Erschei¬
2121 3530 3107 3585 nen des Gatten, des Obersten, führt eine Katastrophe
2118 3576 3105 3637 herbei. Er schießt die Treulose nieder und weist
2126 3617 3101 3682 dem Offizier den Weg zum Selbstmord. Trotzdem
2122 3665 3099 3740 wirft sich Marie dem Offizier an die Brust, sie will
2118 3730 3104 3788 an seiner Brust die erträumte Seligkeit genießen.
2118 3773 3102 3827 Der letzte Akt läßt Marie in könloser, an dem
2130 3813 3107 3872 Zwecke ihres Daseins verzweifelnder Stimmung er¬
2128 3870 3102 3923 scheinen, Der Anzt, ihr Freund, ### Balsam auf
2123 3916 3100 3978 ihr blutendes Herz. Er habe einen Zug weitlicher
2128 3968 3093 4023 Krankenpflegerinnen ins Schlachtfeld ziehen sehen.
2118 4008 3087 4082 Marie versteht und befolgt seinen Rat mit dank¬
2116 4066 3107 4106 erfülltem Herzen. — Die Darstellung stand auf be¬
