3248 4384
138 147 1591 221 27. Das Tagebuch der Redevonda
1785 149 2170 243 box 4/4
327 206 665 262 nieteretee uen n
669 206 1598 254 4  n dn an a an. an dn un g a an an En
334 318 1290 403 Büro-Ausstellung Wien 8.—19. November
642 385 1000 467 siehe Rückseite.
979 412 1384 510 Telephon 12.801.
363 507 422 639 2
421 429 1131 651 „OBSERVER“
1545 572 2549 649 ein Zweifel. Der Statthaltereipraktikant sitzt nicht
1552 634 2543 707 mehr da, und der Dichter ist allein. Der Statthal¬
258 644 1367 719 I. österr. behördl. konz. Unternohmen für Zeltunge-Ausechnltte
1547 676 2543 761 tereipraktikant auf der Bank war eine Halluzi##tion.
399 702 1239 786 Wien, I., Concordiaplatz 4.
1554 724 2360 782 In der Zeitung jedoch steht, daß er von der
2408 731 2556 797 esten
1551 764 2387 834 erschossen worden ist, wohl zum Ersatz si
590 770 1041 852 Vertretungen
1550 801 2302 863 sanderen, der schuldiger war als er.
2357 809 2548 867 immer
269 830 1363 894 In Berlin, Budapest, Chicago, Christlania, Genf, Kopen¬
1547 845 2552 919 korrekte un ein wenig einfältige Me##. den
261 875 1377 929 hagen, London, Madrid, Mailand, Minneapolis, New-Vork.
1545 881 1957 953 gelben Handschuhen.
314 934 1344 992 Parls, Rom, San Francisco, Stockholm, St. Pstersburg.
1626 926 2540 982 Nach dem „Leutnant Gustl“ bot Schnitzler no
605 964 1036 1020 (Quellenangabe ohne Gewähr).
1545 966 2546 1033 ein Kapitel aus dem „Weg ins Freie“, diesem Selbst¬
1555 1010 2551 1076 verhör eines hohen, entwurzelten und suchenden
254 1001 643 1097 Ausschnitt aus:
1550 1056 2553 1121 Intellekts, Leo, Heinrich und Georg in der sommer¬
1553 1097 2544 1158 lichen Landschaft, über das Judentum reflektierend.
466 1071 785 1169 -N011911
257 1107 400 1175 vom:
1630 1141 2552 1217 Das Publikum bereitete dem Gast eine Abschieds¬
373 1134 542 1225 S
1548 1170 1739 1240 ovation.
482 1217 1056 1318 ROHEMIA, PEA
1608 1240 2540 1324 Der Vortrag Jeau Richepin im Rudoldhinum
1542 1297 2544 1360 findet am 11. November um halb 8 Uhr statt. Der be¬
1546 1347 2542 1404 rühmte Conférencier wird das Thema „La Légende de
666 1345 1444 1449 Aus dem Vortragssaale.
1559 1378 2545 1436 Napoléon“ behandeln. Das allgemeine lebhafte Interesse
1567 1419 2535 1471 eranlaßt eine rege ?achfrage nach den Karten. Vorverkau
1589 1463 2548 1524 der Musikhandlung Mojmir Urbänkek, Palais Hlävka.
661 1430 1440 1531 Vorlesung Arthur Schnitzlers.
1603 1490 2545 1562 Deutscher Lehrlingshort. Der angekündigte
625 1499 1490 1596 (Erster Abend der „Coneördto.“)
1538 1516 2541 1602 Vortrag des Herrn Dr. Philipp Manuing für die
1552 1581 2540 1647 deutsche Jugend findet Sonntag, den 5. Nov. 4 Uhr im
635 1569 1542 1643 Im Spiegelsaale des Deuischen Hauses hat ge¬
1549 1616 2545 1665 Festschale des Deutschen Handwerkervereines, Smetschla¬
553 1633 1547 1687 stern, von einer großen Hörerschaft mit Spannung
1552 1651 2543 1717 gasse 22, statt. Der Vortrag ist allgemein zugänglich,
557 1686 2546 1747 erwartet, Arthur Schnitzler die „Concordia“=Vor= jsusbesor ders für die Schüler der gewerbl. und kaufm.
561 1723 2554 1767 lesungen dieses Winters begonnen. Mit drei Prosa=Fortbildungsschule, den humanen Waisen= und Fürsorge¬
571 1765 2550 1814 sachen hat der Dichter unserem Publikum, das wäh=instituten und allen Volks=, Bü und Mittelschulen.
560 1798 1561 1862 rend der letzten Jahre mehr als ehedem und nahezu
567 1807 1854 1902 restlos in die Welt seiner Dramen eingeführtman# Grädtee Pruhen.
572 1880 1566 1942 den ist, verstattet, sich auch außerhalb der Perspektive
567 1932 1570 1972 des Theaters in Beziehung zu ihm zu setzen. Und
2307 1892 2865 2000 Neues Wiener Journal, Wien
1875 1929 2264 2017 Husschnitt aus:
562 1955 1582 2022 schon als Schnitzlers markanter Kopf sichtbar ward,
569 1992 1583 2060 und als er mit seinem gedämpften, weichen Organ,
2224 2010 2537 2124 119511913
564 2042 1573 2110 ohne Künstelei pointierend, in raschem Tempo die
567 2077 1585 2147 ersten Worte vortrug, war im Saale die intensive
2142 2106 2741 2184 abend Leopold Kramer.!
577 2129 1585 2193 Bereitschaft zur Aufnahms, die dem Gebenden will¬
2188 2171 2279 2232 amm
572 2183 845 2246 kommen ist.
657 2201 1584 2284 Drei Prosasachen. Die umfänglichste war der
583 2264 1591 2344 „Leutnant Gustl“ die Meisternovelle von 1901, diese
584 2303 1592 2386 Seelenanalyse, hinter deren objektiven Befunden
585 2350 1595 2419 Todesangst und Lebensgier zittern. Mit feinster
586 2399 1586 2461 Tönung brachte Schnitzler aller Uebergänge, Lichter
579 2434 1592 2509 und Schatten des psycho=mechanischen Ablaufs her¬
578 2472 1600 2537 aus: die Nerposität des kleinen Offiziers im Konzert,
584 2520 1600 2601 die unsteten, trivialen Vorstellungen, die in seinem
584 2561 1585 2625 Gehirn einander folgen, die dumpfe Fassungslosig¬
587 2596 1587 2670 keit nach dem Konflikt mit dem Bäckermeister, die
584 2652 1592 2708 schlotternde Angst, die Wut, das Grauen, den Wahn¬
594 2700 1587 2765 witz und die Apathic des in der Frühlingsnacht
2032 2691 2175 2758 dem
591 2736 1594 2796 durch den Prater Irrenden, die Bangigkeit des
2012 2741 2205 2808 einer Nor
592 2757 1594 2861 sonnigen Morgens, das widerspenstige Lebensgefühl
1973 2796 2226 2855 onda“, der
595 2827 982 2905 und die Erlösung.
1923 2842 2248 2909 ugrunde liegt. J
673 2849 1597 2938 Mit dem „Tagebuch der Redegonda“ halte
1765 2887 2273 2954 ein tags vorher empfangen
594 2913 1602 2976 Schnitzler den Anfang gemacht. Erst ist es die ein
1760 2931 2304 3010 nären Lebensbilde. Er glauk
600 2972 1603 3030 wenig komische Erzählung, die der Statthalterei¬
1755 2979 2352 3058 einen Märihrer der eigenen P
601 3000 1606 3074 praktikant mit dem grauen Ueberrock und den gelben
1758 3026 2432 3096 gleichfalls nur in einer Illi sion t
598 3038 1599 3111 Handschuhen, auf der Bank im Stadtpark neben dem
1757 3087 2526 3140 mitteilt. Mit dem letzten Worte ihrer
600 3085 1598 3146 Dichter sitzend, zum Besten gibt: wie er in stummer
602 3126 1605 3186 Liebe täglich der schönen Frau des Obersten begegnet
1789 3172 2644 3245 die Gestalt, und der Dichter sieht Wahres
607 3170 1608 3229 sei und in seinen verborgenen Wünschen einen Leiden¬
607 3204 1616 3271 schaftsroman mit ihr erlebt habe. Dann wird aus
1793 3220 2697 3284 rätselvoller, unlösbarer Weise versponnen.
597 3257 1614 3313 dem platonischen Spiel auf, wie es scheint, spukhafte
1791 3261 2743 3338 stellung und Motiv war auch eine Skizze Molna
604 3291 1627 3354 Art scheinbare Wirklichkeit. Nachts, zu derselben
1791 3313 2777 3375 fiel aus dem Busch“, die dann folgte, spannend
609 3341 1610 3396 Stunde, zu der er die schöne Frau erwartet hat,
1798 3368 2811 3427 Ludwig Viros „Die Stimme des Blutes“, mi
607 3378 1618 3455 tritt leivhaftig der Gatte bei ihm ein, meldet ihm
1792 3401 2882 3489 Kramer eine ebenso starke Wirkung ausübte, n
610 3422 1621 3491 ihren jähen Tod, zeigt ihm ein Tagebuch, worin auch
1784 3439 2184 3521 der Geschichte
2186 3450 2932 3536 eines Originals von Braceo.
609 3464 1617 3529 sie über jenen Leidenschaftsroman als über ein reales
1788 3493 3065 3572 weiteren Verlaufe las der Künstler eine geistsprühende
603 3489 1621 3570 Geschehnis berichtet, und fordert ihn rächend zum
615 3571 690 3615 —
1788 3560 3062 3610 Studie Bahrs über das Zischen im Theater und einen der so
849 3598 932 3662 —
606 3598 815 3653 —
1787 3590 3081 3680 genial charakterisierenden Essays von Eulenberg, in welchem
1788 3654 3069 3716 Oskar Wildes Persönlichkeit in ihrer ganzen erschütternden Tragik
1813 3699 3065 3763 geschildert wird. Einen sehr scharmanten Reiz erhielten die in
1812 3736 3089 3812 ihrem Ton und ihren Motiven allerliebsten lyrischen Sachen von
1790 3794 3084 3854 Lilieneron, Salus und Hans Müller. Schönherrs groteske Satire
1790 3840 3079 3910 „Das Henkermahl“, Saltens „Der Sänger und der König" und
1789 3896 3073 3962 eine graziöse Geschichte von Bracco „Seelenheil“ gaben den Dar¬
1788 3949 3092 4010 bietungen den heitersten Abschluß. Der Vortragsabend gestaltete
1788 3982 3096 4073 sich für den Künstler zu einem neuen starken Erfolg auf einem
1788 4030 2134 4115 neuer Gehiete.
