3296 4384
168 168 293 256 27
364 174 515 245 Das
558 171 680 251 Tag
725 171 1357 248 buch der Rede
1431 172 1578 249 nd
293 188 1615 289 e enenenten d ine. Anenenenenenenenen n K .
391 1058 1369 1162 Büro-Ausstellung Wien 8.—19. November
716 1140 1066 1206 siehe Rückseite.
1053 1182 1440 1274 Telephon 12.801.
1040 1283 1232 1367 De
1216 1356 1272 1403 1
549 1324 1203 1424 „ODSLIIVER
323 1409 1419 1464 . Ueterr. behördl. konz. Unternehmen für Zoitunge-Ausschaltte
458 1458 1305 1554 Wien, I., Concordiaplatz 4.
652 1537 1085 1611 Verfrefungen
329 1591 1414 1646 in Berlin, Budapest, Chicago, Christiania, Genf, Kopen¬
315 1641 1419 1702 hagen, London, Madrid, Mailand, Mianeapolis, New-Vork.
366 1681 1383 1755 Paria, Rom, San Francisco, Stockholm, St. Petersburg.
658 1724 1078 1784 (Quallenangeherehme Gewühr).
308 1767 695 1844 Ausschnitt aus:
930 1753 1507 1887 ager Tanbian.
659 1849 957 1953 NOV 1911
310 1876 534 1957 7om 1
608 1903 711 1962 1
785 2007 1176 2099 „Vorträge.
558 1977 1424 2195 voldd en men tenter
599 2166 1498 2248 Die „Concordia“=Vorträge haben diesmal mit
505 2216 1474 2293 einem literarischen Ereignis eingesetzt, das dem Er¬
506 2276 1483 2334 öffnungsabend einen glänzenden Erfolg und das
500 2302 1478 2363 äußere Bild einer Sensation verliehen hat. Der
520 2348 1489 2412 Spiegelsaal war überfülli und es gab Scharen von
516 2392 1480 2471 Besuchern, die abziehen mußten, weil sie kein Billett
514 2435 1475 2507 mehr erhielten. Arthur Schnitzer gehört eben zu
511 2479 1483 2556 den Lieblingen des Prager literarischen Publi¬
504 2520 1484 2607 kums. Das letztemal, als er hier las, wars in
516 2572 1485 2641 stürmischer Zeit, als der Graben abgesperrt war!
522 2603 1483 2684 und nur einige wenige Verehrer sich 28 Kasino
504 2640 1492 2733 wagten. Für diese Versäumnis hat man sich gestern,
512 2698 1408 2785 an einem friedlichen Tage, reichlich entschädigt.
619 2729 1501 2806 Der Dichter las zunächst eine kleine Novelle
525 2784 1490 2853 „Das Tagebuch der Redegonda“ deren mystische
522 2828 1483 2892 Pointe der Verfasser selbst durch einige technische
508 2856 1488 2934 Bemerkungen zerstört. Also ein literarischer Auf¬
517 2908 1491 2974 sitzer. Nach dieser Probe, die übrigens bereits im
517 2959 1504 3040 Druck erschienen ist, brachte Schnitzler den „Leut¬
509 2999 1493 3073 nant Gustl“ zum Vortrag und aus dem „Weg ins
499 3044 1501 3113 Freie“ den politischen Dialog über die Judenfroge.
523 3088 1502 3167 Die feine und ruhige Art des Dichters verlieh der
524 3126 1485 3206 Vorlesung der populären und wohl einem großen
528 3153 1492 3243 Teil der Zuhörerschaft lange bekannten Werke einen
534 3221 1455 3280 intimen Reiz. Am meisten aber interessierte di
1235 3260 1458 3321 Schluß de
525 3258 1206 3338 Persönlichkeit Schnitzlers dem zu
524 3310 1463 3388 stürmische Beifall des Publikums entgegenschallte.
1807 178 2181 266 box 4/4
2371 366 2472 448 A
2151 420 3128 543 gungs=Komitee des Vereines Risender Rauftcute,
1958 435 2127 507 izlal in
2133 448 2552 534 „Hotel schwarzes Roß“.
2428 536 2819 661 Vorträge.
2815 548 3170 652 D• 7, E
3080 616 3126 667 S
1947 627 2010 669 er
1954 663 2123 740 rderung
3053 645 3167 728 ar
2188 616 3036 771 vorltesung von Arthür Schnitzler.
1942 698 2109 766 gialität,
1952 733 2097 786 glieder.
2209 686 3159 836 Die Coneorbia-=Vontrage haben diesmal mitsen
3052 731 3154 797 Ge
1949 761 2102 830 ten mit
2119 738 3150 881 einem literarischen Ereiquis eingesetzt, das dem Er= W.
1942 801 2100 852 n Ver¬
2109 781 3146 911 öffnungsabend einen glänzenden Erfolg und das un
1932 835 2092 886 nverein
2098 825 3146 962 äußere Bild einer Sensation verliehen hat. Deriten
1941 870 3143 1015 ereins= Spiegelsaal war üherfüllt und es gab Scharen von sof.
1938 897 3128 1039 Unter= Besuchern, die abziehen mußten, weil sie kein Billett zur
1955 972 2072 1026 ist es
1929 938 3136 1074 in eine mehr erhielten. Arthur Schnißler gehört eben zul Se
1928 1006 2084 1053 n Ver¬
2082 1001 3122 1136 den Lieblingen des Prager literarischen Publi##ter
1935 1045 3130 1169 für die kums. Das letztemal, als er hier las, wars in Se
1924 1117 2072 1160 genden
1929 1080 3117 1225 stau int stünmischer Zeit, als der Graben abgesperrt war we
1933 1149 2061 1196 ine ist
2078 1138 3019 1263 und nur einige wenige Verehrer sich 28 Kasino
1956 1178 3016 1304 allen wagten. Für diese Versäumnis hat man sich gestern,
3019 1216 3111 1270 erl
1928 1210 2071 1266 Ange¬
2068 1224 2925 1330 an einem friedlichen Tage, reichlich entschädigt.
1957 1251 2072 1302 und
3017 1254 3094 1315 ist
1918 1285 2072 1337 indtag
3009 1304 3116 1356 nu
2161 1266 3120 1392 Der Dichter las zunächst eine kleine Novelle Re¬
1922 1320 2058 1370 g mit
2065 1314 3111 1448 De Tagsach der Röbpontg“ derm mpsischesan
1923 1344 3100 1468 ungs= Pointe der Verfasser selbst durch einige technische aus.
1914 1396 3109 1521 etung Bemerkungen zerstört. Also ein literarischer Auf=lbest
1915 1424 3103 1553 u be= sitzer. Nach dieser Probe, die übrigens bereits im loke
1930 1494 2039 1545 Na¬
1914 1455 3101 1616 n des Druck erschienen ist brachte Schnitzler den „Leut= und
1954 1531 3106 1652 Ere nant Gust!“ zum Vortrag und aus dem „Weg ins unn
1902 1565 3075 1692 lossen. Freie“ den politischen Dialog über die Judenfrage. die
1896 1601 3099 1753 gaben Die feine und ruhige Art des Dichters verlieh der Bese
1895 1668 2022 1722 strich¬
1905 1632 2999 1787 Aus= Vorlesung der populären und wohl einem großen
1894 1702 3090 1820 esbei= Teil der Zuhörexschaft lange bekannten Werke einen[Mi
1893 1732 2993 1849 immt intimen Reiz. Am meisten aber interessierte die
1891 1770 2696 1879 wwae= (Personlichkeit Schnitzlers, dem z.
2726 1840 3106 1912 Schluß der niste
1871 1802 3083 1954 isdor stürmische Beifall des Publikums entgegenschallte. Inst
1875 1883 2761 2007 r.. e (Der Nortras Dunr miele e u
2855 1938 3095 2025 —Dien
2522 2207 2924 2299 Telephon 12.801.
1976 2284 2713 2442 „OBSERVER
1894 2418 2896 2510 sterr. beh. konz. Unternehmen für Zeitungs¬
2018 2477 2698 2541 Ausschnitte und Bibliographie.
1991 2539 2747 2611 Wien, I., Concordiaplatz 4.
2213 2592 2545 2670 Vertretungen
1833 2628 2905 2714 1 Berlin, Brüssel, Budapest, Chicago, Cleveland, Christiania,
1821 2701 2903 2741 Senf, Kopenhagen, London, Madrid, Mailand, Minneapolle,
1807 2731 2905 2786 New-Vork, Paris, Rom, San Francisco, Stockholm, St. Peters¬
2208 2770 2510 2824 burg, Toronto.
2151 2800 2558 2869 (Quellenangabe ohne Gewähr.)
1805 2855 2199 2932 Ausschnitt aus:
2247 2913 3007 3039 Deutsches Abendblatt, Prag
2036 2943 2447 3058 2 Nov 611
1810 2982 1976 3035 vom:
1920 3046 2813 3141 Konkordia=Vorlesung. Vorgestern Abend er#.
1862 3115 2831 3192 nete Arthur Schnitzler im Spiegelsaale des
1857 3160 2820 3226 deutschen Hauses den Reigen der diesjährigen „Kon¬
1864 3207 2834 3279 kordia“-Vorlesungen. Der Dichter, der von einem
1861 3261 2829 3331 zahlreichen, distinguierten Auditorium lebhaft be¬
1870 3318 2835 3383 grüßt wurde, las drei Prosaarbeiten, die durchwegs
1871 3357 2830 3440 sein markantes literarisches Profil trugen, das
1868 3433 2831 3516 Augeruich der Redegondas, „Leutnant Gustr= und
1870 3500 2834 3566 ein Kapitel aus dem „Weg ins Freie.“ In allen
1869 3547 2829 3612 Dichtungen macht sich die feine Beobachtung des
1868 3607 2827 3662 Dichters und eine seltene Mischung objektiver Rea¬
1867 3663 2844 3702 listik und sentimentaler Phantastik geltend. Die
1863 3693 2829 3755 schlicht und doch eindringlich vorgetragenen Erzäh¬
1858 3729 2847 3822 lungen übten eine nachhaltige Wirkung. Es gab einz
1861 3790 2709 3847 Abschiedsovation für den gefeierten Dichter.
1934 3833 2399 3894 Selhitmne  a
