3248 4256
164 148 1634 223 27. Das Tagebuch der Redevonda
1815 151 2223 248 box 4/4
366 196 1653 267 Das Tagebden der Redegenan
2772 1627 3136 1706 1921 3,900,020
2413 1626 2671 1705 1,340,55
799 1632 1500 1712 es zu eröffnen. Deltt gehöden Er
2758 1688 3138 1750 1922 3,195,635
2297 1667 2670 1750 916 2,072,702
92 1666 1977 1735 ### s das ist die historische Aufgabe, die der deutschen 1929 die Maßnahme voustänsig
2756 1729 3132 1788 1923 2,926,468
2287 1721 2659 1792 1917 2.371,434
81 1709 2240 1805 daß er Linken nun gestellt ist. Opposition gegen sein wird. In gleichem Maße wie die Aushebung
66 1760 265 1830 eitreten
2283 1765 2670 1831 1918 2,726,478
2752 1771 3144 1845 1924 2,865,979
252 1770 2254 1851 den Rechtshlock, das muß jetzt ihre Parole wird auch die Ausbildung der Mannschaften ver¬
2279 1798 2688 1875 1919 3,260,068
77 1820 1387 1881 mitglie= sein. Grundsätzliche Opposition gegen teilt.
254 1901 3230 1951 vertrauten Stoffes; meisterlich darin, daß der servanz aus der Zeit absondern, in der Ihr] (Ihre Meinung ist zwar hier, wie so vieles an¬
1233 1949 2089 2013 Ruhm sich unaufhaltsam durchgesetzt hat.
2208 1943 3224 2010 dere auch bei Ihnen, verschleiert und verhüllt
243 1941 1248 2004 Meister selber, der diese Gestalten geschaffen, sie
1263 1973 2237 2052 Nicht von den bekannten Werken sei hier die
2216 1988 3224 2050 angedeutet) die Sprach= und Tonlosigkeit einer
250 1981 1255 2055 vor unsern Sinnen in kaum zu übertreffender
2216 2037 3225 2091 großen Mehrzahl Ihrer Zeit= und Zunftgenos¬
1232 2015 2229 2093 Rede, sondern in kurzem Hinweis von dem einen,
250 2027 1248 2091 Lebendigkeit noch einmal gestaltete. Darum aber,
1231 2080 3233 2139 [unbekannten, das noch kein Ergründer sen, und wir sind mit Ihnen dieser selben Mei¬
263 2068 1249 2138 weil der bekannte Schnitzler aus der edel
1235 2121 3229 2188 Ihres Schaffens genügend beachtet hat. Und nung. Wir sehen, wie Sie, daß mehr Lippen be¬
247 2124 1241 2184 geschliffenen Novelle von „der dreifachen War¬
2214 2161 3230 2220 wegt als Worte gesprochen wurden, und wir
255 2157 1244 2220 nung“, aus der tief nachdenklichen Szene von der
1235 2155 2233 2221 doch enthält es sozusagen die Quintessenz Ihrer
66 2185 272 2265 * Doktor,
2222 2202 3231 2261 vermißten vor allem den Ton in mancher Rede
264 2204 1246 2260 „letzten Maske“ und der Geschichtswendevision,
1242 2202 2228 2261 Kunst und eine theoretische Darlegung ihrer
2217 2236 2581 2311 und Gegenrede.
56 2249 263 2315 Menschen
1239 2237 2232 2307 Grundzüge durch Ihre eigene Feder. Unter den
265 2255 1250 2313 die Sie in die Spelunke zum „grünen Kakadu“
2253 2273 3220 2356 Wort und Ton: Ihnen sind sie von jeher hohe,
59 2289 271 2357 n lange
255 2295 1248 2350 verlegen, zu uns sprach, wage ich es nicht, hier
1244 2287 2233 2349 vielen schönen und suggestiven Titeln Ihrer
260 2321 1249 2396 zu wiederholen, was so viele schon getan: die ge¬
2222 2326 3231 2403 ja in der Kunst heilige und nie zu trennende
69 2340 273 2396 ge Leben
1237 2331 2230 2399 Werke trägt es den eigenartigsten, es heißt:
65 2376 277 2450 bescheide¬
2223 2364 3224 2434 Wirklichkeiten gewesen. Sie wußten, daß es keine
262 2387 1251 2447 hörten Werke in eine gewisse innere Ordnung
1237 2390 2234 2441 „Ueber funktionelle Aphonie und ihre Heilung“,
2225 2424 3230 2484 Worte gibt, die für sich allein in der Welt be¬
272 2439 1249 2486 und Gesetzmäßigkeit, unter sich und in Ihrem
1245 2429 2234 2480 ist 1889 schon erschienen, und Sie haben die
66 2422 270 2486 n, gegen
2228 2461 3233 2524 stehen; wie der Mensch das Blut seiner Vor¬
1231 2462 2236 2542 Verfasserschaft daran, soweit mir bekannt, nie
267 2471 1241 2521 Gesamtschaffen, einzureihen. Sie lieben ja auch
87 2465 272 2531 Abnei¬
1244 2503 1491 2572 bestritten.
2213 2506 3230 2580 fahren in sich herumträgt, zu seinem Segen oder
272 2495 1242 2566 nicht über alles in der Welt diese Ordnung und
56 2514 276 2572 Emer sei,
2221 2554 3222 2612 Fluch, so tragen die Worte das Erbe ihrer Her¬
265 2556 1258 2611 Gesetzmäßigkeit; Sie wissen es und haben es
56 2553 279 2615 ter end¬
1273 2534 2223 2605 Aphonie: darunter verstehen Sie die Tonlosig¬
271 2596 1249 2654 hundertmal gezeigt, daß das Herz des Menschen,
59 2593 271 2658 Pand der
2218 2594 3227 2661 kunft. Auch sie haben ihre undurchdringlichen
1235 2594 2233 2657 keit oder, eine Folge davon, die Sprachlosigkeit.
58 2633 277 2701 chen; die
2214 2636 3230 2699 Hintergründe, die im Dunkel verschwinden; sie
268 2640 1257 2695 Ihr Spezialfall, verehrter Herr Doktor, nicht den
1243 2644 2232 2691 Sie zielten mit der Abhandlung selbstverständ¬
268 2670 1254 2745 Regeln der Ordnung und den Forderungen der
62 2671 274 2744 en Besu¬
2218 2682 3235 2746 haben die Keime der ewigen Mißverständnisse
1237 2681 2234 2740 lich in erster Linie auf das allgemein verbrei¬
81 2730 1246 2785 sich die Gesetzmäßigkeit gehorcht, daß in ihm ganz an¬
1237 2720 2238 2794 tete latente Leiden, das die Menschen in den
2230 2733 3223 2777 in sich als süßen Giftstoff, und sind so oft eher
1239 2765 2224 2824 Augenblicken befällt, wo sie ihrem Gefühl ver¬
266 2764 1251 2827 dere, allerdings im tiefsten Wesen auch gesetzliche
54 2773 281 2839 berlegten,
2223 2776 3221 2830 dazu da, zu verhüllen als zu entschleiern. Das
62 2806 282 2879 um Ihre
1245 2813 2234 2875 ständlichen Ausdruck geben sollten. Als Arzt, der
261 2815 1262 2874 Kräfte mächtig sind. Liebe und Haß, Anziehung
2224 2806 3229 2876 Geheimnisvolle im Wort, seine Kraft und seine
68 2846 280 2916 dem Sie
1239 2858 2233 2911 Sie ja waren und immer geblieben sind, haben
261 2843 1254 2905 und Abstoßung, Urkräfte, die Sie bis in die zar¬
2217 2863 3230 2906 Schwäche zugleich, ist das Wesen Ihrer Kunst,
59 2900 276 2956 fir in der
269 2903 1254 2954 testen Regungen hinein noch gefühlt und unter¬
1242 2901 2236 2959 Sie die Heilung dieser Sprach= und Tonlosigkeit
2217 2889 3222 2957 und Sie meistern diese Kunst, wie vielleicht kein
1243 2947 2232 2998 in unzähligen Fällen durchgeführt; Ihre drama¬
58 2944 1254 3003 Erfahrung sucht, aufgedeckt und dargestellt haben, auch wenn
2221 2950 3226 3011 Zweiter. Sie setzten das beredte Schweigen und
64 2981 276 3050 psis Un¬
267 2991 1252 3047 Sie stets den bezaubernden Schleier der Weh¬
1250 2976 2239 3047 tischen und erzählenden Werke stellen in dieser
2214 2990 3219 3049 die schweigende Beredsamkeit wieder in die
273 3024 1250 3084 mut und der Sehnsucht hüllend über Ihrem For¬
62 3019 281 3097 rken, von
1247 3023 3225 3098 Hinsicht das glücklichste Journal dar, das je ein Rechte der Sprache ein, weil Sie ein feines Ohr
81 3065 289 3135 So war
264 3075 1258 3130 schungsobjekt haben liegen lassen, jenen Schleier,
1252 3071 3231 3126 Diener Aeskulaps geführt hat. In zweiter für den Ton haben. Ihre Kammermusik schuf
56 3105 3223 3178 Hörer, als der Ihre Werke so entschieden und ganz von den Linie aber und im besondern, glauben wir, die schönsten Sonaten der Untertöne, die das
65 3167 3225 3234 ium schon polternden Aufklärungsschriften poetischer Ob= meinten Sie mit Ihrem Ausdruck Aphonie edle Instrument der deutschen Sprache spielen
1169 3288 2140 3483 Daa G
1567 3390 2264 3596 (00 Aast
