3296 4256
254 155 623 246 27. Das
654 161 1704 236 Tagebuch der Redegonda
1900 171 2289 267 box 4/4
466 214 1709 280 0
1200 601 2223 683 Sprungschanze auf dem Felöherg bernefacht hat.
1213 659 2351 766 /74 v. Arthur Schnitter, der bedeutendste Vertreter der
1634 725 1987 791 Jungösterreicher,
1202 790 2439 841 hat im Momberschen Literaturabend vom letzten Montag
1212 834 2432 871 im Paulussaal aus seinen eigenen Werken vorgelesen. Seine
1198 853 2428 920 zwanglos natürlichen, geistreichen, sprachlich fein geschliffe¬
1206 883 2432 951 nen, mit leichter Hand duftig hingeworfenen Skizzen und
1208 934 2408 975 Einakter gehören unstreitig zu den feinsten literarischen Er¬
1203 969 2431 1032 zeugnissen der letzten Jahrzehnte. Mit seinen beiden Stücken
1207 1021 2411 1065 „Liebelei" und „Abschiedssouper“ sind wir in der vergange¬
1207 1055 2423 1104 nen Spielzeit bekannt geworden. Die kleine Novelle, „Das
1214 1092 2425 1146 Tagebuch des Redeganda“, mit der er den Abend eröffnete,
1224 1137 2428 1181 ist von sanfter Zartheit, weiß Stimmungszauber zu erwecken.
1215 1165 2432 1226 In dem darauf folgenden Einakter „Die letzten Masken“
1222 1218 2429 1271 schildert er, die Atmosphäre des Wiener Krankenhauses
1214 1256 2415 1302 trefflich zeichnend, in ergreifender Weise, wie ein armer
1222 1294 2417 1339 Teufel von Schriftstel er in den letzten Stunden vor seinem
1225 1330 2418 1384 Tode einen früheren Freund und Kollegen, der aber im
1227 1364 2430 1423 Gegensatz zu ihm selbst von Glück und Erfolg begünstigt
1228 1411 2422 1460 worden ist, herbeirufen läßt, sum sich an ihm zu rächen.
1225 1447 2429 1493 Auge in Auge mit ihm kommt er jedoch zur erleuchtenden
1219 1492 2431 1538 Erkenntnis, daß aller Ruhm nur Scheinwert besitzt, und
1228 1526 2432 1580 so verzichtete er in Resignation auf die geplante Rache.
1217 1571 2428 1619 Schnitzler weiß dabei mit besonderer Feinheit psychologische
1226 1603 2434 1663 Jorgänge treffend und anschaulich zu entwickeln. Noch stärker
1211 1646 2428 1691 tritt diese seine Fähigkeit in der letzten Dichtung zutage,
1217 1681 2440 1736 die den Abend zum Abschluß brachte. Hier läßt er einen Blick
1222 1729 2443 1785 tun in die Gedankengänge einer Bühnengröße, eines Schau¬
1229 1770 2452 1825 spielers, der das Scheinleben auf der Bühne überträgt in
1227 1808 2447 1863 das praktische wirkliche Leben und durch Theatertriks und
1230 1849 2446 1898 Scheinwahrheit bis zur Lüge Gefahren aus eicht, die ihn
1222 1882 2443 1943 bedrohen. Die Vortragsweise Schnitzlers ist lebhaft undsfein
1226 1937 2437 1988 akzentuiert, das Sppachonjan war leider aber zu  schwach, um
2344 1971 2398 2031 3.
1217 1984 2190 2043 im ganzen Paulussaal verstanden zu werden.
1280 2026 2481 2123 Merdin her Gunhesnanune uns Bneihure und Umtebung.
1864 2182 1937 2272 a#
1489 2188 1821 2270 mbers Lite
1414 2193 1466 2271 N
1612 2252 1905 2325 . Arthur Schnf
1234 3745 1489 3808 frivol=grazissen
1244 3781 1762 3840 verweht — well nur die Fo
1237 3818 1809 3897 fauliger, unwesenhafter, kernloser
