3344 4256
258 122 453 211 27.
446 131 1699 202 Das Tavebuch der Redegonda
1883 132 2277 220 box 4/4
457 178 1709 223 1 d. Taeeteereeeereeeererere Aer e enenereente
1430 671 2380 720 Jüdische Presszentrale Zürich
3006 667 3210 728 Nr. 328
1904 779 3217 851 Lehnstuhl gesessen ist, und zu uns geredet hat, oder auch
485 798 1824 857 halten und bei der Betrachtung der einzelnen Momente, die
489 841 1820 899 das Schaffen des Künstlers beeinflußten und sich in der Art
1903 847 3208 905 geschwiegen, aber da ist sie gewesen, da, und sie hat
1907 892 3211 955 gelebt, gelebt!' Wenn sich ein Schnitzler’scher Mensch
491 888 1823 938 seiner Gestaltung äußerten, daran festhalten, daß diese
1906 944 3208 993 entschließt, freiwillig aus dem Leben zu scheiden, was aber
490 944 1821 1003 Gegebenheiten wohl vieles verständlicher machen, aber nichts
498 990 714 1068 erktoren.
1901 990 3219 1057 sehr selten geschieht, so ist das nur aus seiner Stimmung
1908 1040 3224 1092 heraus zu erklären, es ist nur eine Folge eines momentanen
498 1092 1812 1145 geboren, als Sohn des bekannten Larungologen an der
1910 1087 3216 1143 Affektes, keineswegs aber eine durchdachte Tat, keineswegs
490 1142 1831 1197 dortigen Universität. Er studierte Medizin, promovierte und
1904 1132 3223 1197 die letzte Konsequenz eines gereiften Gedankens. Sie lieben
491 1198 1820 1245 war zwei Jahre als Assistenzarzt im Allgemeinen Kranken¬
1910 1189 3216 1244 es ja überhaupt nicht zu denken, die Gestalten Schnitzler’s,
497 1239 1823 1297 haus zu Wien tätig, wonach er sich als praktischer Arzt in
1913 1233 3207 1297 denn denken heißt sich aktiv mit der komplizierten und
496 1285 1828 1332 seiner Vaterstadt niederließ. Bald widmete er sich jedoch
1910 1279 3213 1353 verwickelten Problematik des Daseins auseinandersetzen,
496 1327 1819 1385 ausschließlich literarischen Arbeiten. Seine medizinische Bil¬
1903 1334 3216 1382 denken heißt wählen und ablehnen, bejahen und verneinen.
491 1380 1810 1441 dung und Praxis haben nicht nur die Wahl seiner The¬
1899 1382 3225 1431 So schwach aber sind die Menschen, daß sie die endlose
497 1427 1824 1479 mata beeinflußt, sondern sind auch für seine künstlerische
1904 1433 3207 1486 Pein des Ungewissen, des nagenden Zweifels, der ein¬
496 1483 1817 1534 Distanz zum Leben ausschlaggebend gewerden. Weder be¬
1903 1485 3204 1541 maligen Gewißheit vorziehen („Anato?“). Soviel Kraft brin¬
501 1526 1819 1589 trachtet er es von olumpischer Höhe herab, noch verfällt
1908 1525 3217 1594 gen seine Menschen nicht auf, ihre Lebensenergie reicht
492 1577 1821 1628 er einem Taumel. Die Kühle des diagnostizierenden Arztes
1919 1579 3220 1641 knapp dazu aus, die passiv, ohne ihr Zutun entstehenden
495 1631 1826 1691 am Lager des Kranken ist für ihn charakteristisch; er bleibt
1899 1639 3201 1690 und vergehenden Stimmungen voll auszukosten und neben¬
492 1680 1452 1733 immer vornehm und wird niemals warm.
1901 1673 3220 1730 bei noch etwas zu ironisieren, ihre eigenen Gefühle und
588 1715 1820 1782 Seine frühesten Gedichte und Novellen, die er in der
1911 1724 3219 1781 die ihrer Mitmenschen zu glossieren. Und das ist wieder¬
511 1771 1809 1839 Wiener Zeitschrift „An der schönen blauen Donau'' ver¬
1900 1780 3216 1835 um ein für die Charaktere Schnitzler’s eigentümlicher und
502 1812 1819 1874 öffentlichte, lassen bereits die Richtung seiner Kunst ver¬
1904 1819 3210 1888 bezeichnender Zug, — sie sind in ihrem Innern dualistisch
487 1871 1816 1933 muten. In „Mlkandis Zied'’ seinem ersten dramatischen Ver¬
1906 1871 3215 1929 und sich dieses Dualismus stets bewußt. Ihr „Ich' ist
495 1923 1816 1978 such, beschäftig ihn der Zwiespalt zwischen Traum und
1905 1923 3208 1985 mit ihren Trieben nicht identisch, fällt mit ihren Leiden¬
498 1965 1832 2030 Wirklichkeit. Ein Thema, das er immer wieder aufgreift und
1914 1973 3210 2029 schaften nicht zusammen, vielmehr ist es etwas Autonomes.
505 2014 1831 2078 verwertet. Die Unfähigkeit seiner Menschen, Wirklichkeit
1908 2017 3219 2077 von ihrem Erleben Getrenntes, das dem innern Kräftespiel
495 2069 1819 2121 und Schein voneinander zu unterscheiden, ihr verloren
1907 2065 3213 2124 zusieht, ohne miteingreifen zu können und gewöhnlich nur
497 2119 1829 2182 gegangenes Bewußtsein der Realität sind Symptome, von
1907 2115 3203 2179 leise spöttelt. Die Wesen Schnitzler’s sind bewußte Be¬
493 2176 1804 2232 denen aus auf das Wesen ihrer Seelen und ihre Stel¬
1902 2185 3211 2235 obachter ihrer selbst und anderer. „Wir spielen immer
492 2205 1688 2269 lungsnahme zum Leben geschlossen werden kann.
1904 2215 2455 2285 wer es weiß, ist klug''.
591 2274 1828 2324 Der moderne Stadtmensch, der überkultivierte, der
1984 2242 3214 2327 Dieser Zwiespalt zwischen der rücksichtslosen Genuß¬
497 2311 1820 2377 überverfeinerte, steht im Mittelpunkt Schnitzler’schen Schaf¬
1898 2315 3216 2382 sucht und dem Hang zur Grübelei ist ein in fast allen
494 2364 1820 2424 fens. In jedem seiner Helden lebt das Gejühl der Müdigkeit,
1916 2366 3204 2423 Gestalten Schnitzler’s nachweisbarer Zug, für den er in
503 2412 1812 2455 welches einer gealterten und bis in ihre letzten Seelen¬
1912 2418 3208 2473 „Der Weg ins Freie“' das Judentum verantwortlich macht.
500 2460 1829 2522 möglichkeiten erschöpften Kultur eigen ist. Ohne Willen
1898 2461 3215 2527 In diesem rein persönlichen Bekenntnisbuche spricht sich
499 2529 1818 2575 das Leben zu gestalten, es zu bewältigen, zu lenken, um¬
1890 2527 3221 2575 Schnitzler's Stellung zum Judentume klar aus. Es seien
504 2563 1817 2615 zuformen, ihren Zielen und Zwecken dienstbar zu ma¬
1905 2566 3201 2622 hier einige Zitate aus dem letztgenannten Werke des Künst¬
505 2603 1826 2682 chen, handeln sie vielmehr stets aus einer Stimmung her¬
1915 2608 3211 2666 lers angeführt, die nicht kommentiert zu werden brau¬
501 2643 1813 2702 aus, dier nur allein noch die Fähigkeit besitzt, sie zum
1903 2653 3211 2712 chen. „Aber daß ich den Fehlern der Juden gegenüber
504 2701 1815 2751 Handeln anzuregen. Aber wozu auch kämpfen, wozu sich
1899 2706 3210 2767 besonders empfindlich bin, das will ich gar nicht leugnen.
497 2739 1820 2815 wehren, wenn man doch im tiefsten Innern davon über¬
1923 2751 3208 2814 Wahrscheinlich liegt es nur daran, daß ich, wir alle, auch
501 2795 1799 2859 zeugt ist, daß alles unabwendbares Schicksal, „Kismet',
1918 2807 3209 2862 wir Juden meine ich, zu dieser Empfindlichkeit sustematisch
501 2849 1819 2903 ist, daß es kein Entrinnen gibt? Sich den Verhältnissen
1914 2853 3212 2903 herangezogen worden sind. Von Jugend auf werden wir
490 2897 1813 2951 fügen, unterwerfen, immer wieder einsehen, daß alles Ge¬
1911 2895 3211 2961 daraufhin gehetzt, gerade jüdische Eigenheiten, als be¬
496 2947 1822 2993 schehen streng determiniert ist, daß menschliche Kräfte
1912 2946 3217 3008 sonders widerwärtig oder lächerlich zu empfinden, was
495 2996 1821 3048 zu schwach sind, um der Schicksalsmacht wirksam ent¬
1909 2992 3212 3054 hinsichtlich der ebenso lächerlicnen und widerwärtigen Ei¬
496 3040 1820 3109 gegentreten zu können, — nach diesen Grundprinzipien
1901 3047 3219 3106 genheiten der anderen eben nicht der Fall ist. Ich will
499 3100 1812 3162 gestaltet Schnitzler seine künstlerische Welt, diese Be¬
2499 3087 3211 3156 wenn sich ein Jude in meiner
1906 3103 2430 3163 es gar nicht verhehlen
496 3148 1825 3206 ziehung zum Leben ist seinen Menschen eigen. Die Folge
1905 3151 3209 3206 Gegenwart ungezogen oder lächerlich benimmt, befällt mich
497 3202 1828 3248 einer so gearteten Einstellung ist notwendigerweise eine
1905 3193 3211 3256 manchmal ein so peinliches Gefühl, daß ich vergehen möch¬
497 3248 1823 3303 lautlose Resignation, ein Verzichten ohne Kampf und Wi¬
1907 3249 3200 3298 te, in die Erde sinken. Es ist wie eine Art von Scham¬
500 3286 1816 3347 derstand. Aber die Helden sind doch zu starke Genießer,
1899 3292 3208 3356 gefühl, das vielleicht irgendwie mit dem Schamgefühl eines
498 3334 1827 3392 hängen doch zu sehr am Leben, das für sie Liebe und
1905 3337 3201 3408 Bruders verwandt ist, vor dem sich seine Schwester ent¬
500 3395 1815 3445 Lust bedeutet, daß sie sich nur schwer entschließen können,
1909 3388 2101 3453 kleidet.“
499 3437 1828 3490 ihre Beziehungen zu ihm völlig abzubrechen. Die starke
1990 3417 3207 3503 Dann weiter seine ganze Verachtung den ihr Juden¬
490 3487 1820 3530 Betonung des Lebens, des lebendigen Fühlens gegenüber al¬
1892 3482 3215 3546 tum verleugnenden Juden gegenüber: „Aber es gibt schon
489 3536 1816 3594 ier Abstraktion, aller Literatur, findet ihren Ausdruck in
1906 3543 3217 3602 Juden, die ich wirklich hasse, als Juden hasse. Das sind
497 3581 1824 3628 den Worten Hausdorfers in „Lebendige Stunden'': „Was
1911 3586 3213 3649 die, die vor anderen und manchmal auch vor sich selber
487 3635 1826 3691 ist denn Deine ganze Schreiberei, und wenn Du das größte
1899 3644 3205 3697 tun, als wären sie keine, als wenn sie nicht dazu gehörten.
499 3678 1820 3738 Genie bist, was ist sie denn, gegen so eine Stunde, so
1904 3691 3216 3741 Die sich in wohlfeiler und kriecherischer Weise bei ihren
495 3729 1821 3786 eine lebendige Stunde, in der Deine Mutter hier auf dem
1906 3721 3218 3808 Feinden und Verächtern anzubiedern suchen und sich auf
550 3859 1765 3933 Arznei und Stärkungsmittel zugleich
2188 3892 2919 3988 Jeleuchtungskörper
2365 3987 2746 4049 in reicher Auswahl
1093 3987 1211 4061 A
971 4005 1219 4094 VWAN.A
1244 4025 1479 4108 sS
2445 4042 3015 4113 ilagen und Rebaraturen
