3248 4256
160 249 955 323 27. Das Tagebuch
968 249 1622 324 der Redevonda
361 303 1631 354 I    S                 I   ereessteteseeesetee
940 1246 1574 1362 Dr. Max Goleschmiet
942 1309 1564 1413 Soro für Zeitungsausschnite
732 1329 1037 1417 BERLIN N 4
1283 1392 1731 1481 Telefon: Norden 3051
802 1421 1454 1537 Basder. Nachsichten
798 1456 1463 1607 Bacler d. 4, 1. 1925.
1036 1777 1583 1866 Arthur Schnitzler.
821 1829 1823 1907 Vierter literarischer Vortragsabend
1109 1892 1506 1950 des Quodlibet.
839 1933 1810 1991 Arthur Schnitzler ist nicht nur ein Meister der
794 1982 1810 2031 Technik, dem der souverän gehandhabte Dialog Gelegen¬
804 2022 1804 2075 heit zum virtuosen Spiel des Geistes gibt, er ist auch
803 2066 1804 2111 ein Gestalter, der es versteht, in seine Welt hinein¬
797 2096 1813 2149 zureißen und sein Publikum so in seinen Bann zu
789 2144 1802 2191 schlagen, daß es am Schlusse da ist, wo er es offensicht¬
790 2182 1812 2227 lich haben will: daß es nicht mehr weiß, ob das Leben
786 2224 1814 2271 eine Remödie oder die „Komödie“ das Leben ist. In
791 2250 1807 2305 seineta „Tagebuch det Redegonda“ bringt er es fertig,
786 2290 1813 2345 die Phantasio zur Wirklichkeit zu machen, im Moment
791 2332 1811 2385 aber, da sie zur Wirklichkeit wird, diese wieder in ihr
784 2367 1808 2418 Gegenteil zu verkehren. Die Macht der Phantasie im
797 2413 1807 2467 Guten und Posen, im eigenen Erleben und an andern
789 2447 1823 2498 erproht — d## wäre der verbindende Grundklang, den
797 2483 1812 2539 man etwa in den drei in sich geschlossenen Proben seines
806 2521 1809 2576 Schaffens herausbören konnte, die er am Dienstag
800 2568 1810 2617 Abend im #esrien literarischen Vortrags¬
794 2593 1831 2665 abend des Qnodlibet vor einer den Saal bis auf
787 2641 1716 2696 den letzten Platz füllenden Zuhörerschaft vortrug.
854 2682 1833 2726 Seine Stärke ist der Dialog, deshalb kleidet er seine
777 2722 1831 2769 Gesellschaftssatire, seine ironischen Lehren — dinn als
784 2762 1831 2808 scharfblickender, die menschlichen Schwächen un bittlich
785 2803 1837 2849 aufdeckender, aber auch verstehender Psychologe, er auch
1479 2833 1830 2889 Lehren, die man
784 2838 1483 2904 ein wirklicher Dichter ist, erte##
794 2874 1828 2926 nicht immer ernst zu nehmen braucht, die aber immer
799 2910 1824 2968 zum Nachdenken anregen — gern in die Form des leiht¬
789 2952 1831 3001 geschürzten Einakters. Und we findet er die große Welt
787 2997 1835 3044 der Widersprüche, in der er sich so gern bewegt? In
786 3028 1832 3083 den nie erschöpften Problemen, die die Beziehungen
782 3077 1827 3123 zwischen Mann und Weib aufrollen, aber auch im Reich
786 3106 1836 3170 des Mimen, wo, wie nirgends sonst, Phantasie und
793 3147 1826 3198 Wirklichkeit oft unentwirrbar ineinanderspielen. Mit
788 3192 1837 3247 Vorliebe läßt er das Problem ungelöst, manchmal wird
795 3235 1828 3278 es auch durch eine schlaglichtartige Pointe erhellt, nie
789 3273 1812 3319 aber von Grund auf geklärt. In der „großen Szene“
788 3303 1839 3357 dem zweiten Stücke der „Komödie der Worte“: der große
789 3344 1829 3397 Schauspieler hat seiner Frau eine Szene vorge.—lebt, die,
785 3385 1828 3431 man muß es ihr glauben, ihr psychologisches Verstehen
782 3422 1828 3472 in Ekel verwandelt — und doch, es ist nicht bloßes Mitleid,
790 3462 1806 3510 wenn sie ihm am Schlusse trotzdem wieder folgt. Und
787 3505 1835 3550 in der Tat, der Mensch war nicht schlecht, er hat nur selbst
779 3549 1840 3609 geglaubt, was er sich und dem Andern vorgemimt hat.
1793 248 2190 345 box 4/4
1807 1747 2828 1826 Seine Phantasie und sein Schauspielertalent sind größer
1823 1813 2831 1860 als sein Gewissen. Auch dem armen Rademacher, dem
1819 1846 2642 1899 Todeskandidaten im Schauspiel „Die letzten
1815 1891 2617 1945 schlägt die Phantasie ein Schnippchen — sei
1818 1934 2600 1984 die er sogar in einer Hauptprobe, vor einem
1821 1965 2597 2014 auf ihre Wirksamkeit geprüft hat, versagen
1830 2002 2513 2060 als es beginnt, Ernst zu werden. So
1826 2048 2467 2100 auf; andere mögen anderes herausg
1821 2083 2434 2130 Pointen nachgegangen, anderen G
1827 2123 2420 2170 sein. Das ist die realistische M
1829 2169 2389 2215 lers und wiederum seine Vielder
1819 2208 2441 2257 begrenzten Welt seiner Vorstellu
1826 2237 2550 2298 Kunst geistreichen Aufdiespitzetreibens
1826 2272 2557 2321 Widersprüche, die mehr ahnen, als erke
1828 2309 2578 2360 kühnen Mischens von Witz und Gefühl¬
1825 2344 2592 2402 ruhigen Hin und Her zwischen Ernft und
1828 2394 2631 2447 den Hörer von einer Stimmung in die andere
2714 2418 2839 2481 skunst
1870 2431 2684 2481 Die glänzende Vortrags= und Schattiern
2709 2459 2740 2497 97
2413 2463 2466 2495 ##
1818 2464 2841 2521 und die klare, scharf umrissene Dution Schnitzlers hoben
1820 2512 2823 2566 die Wirkung dieser geistreichen Sezierkunst ins Greif
2711 2545 2801 2593 r.
1820 2551 1942 2617 bare.
2593 2584 2762 2653 Gessase
