3296 4256
583 120 1412 193 Tagebuch der Rede
195 123 563 209 27. Das
1443 128 1639 197 onda
1818 124 2224 221 box 4/4
374 145 1667 241 — u   — — A u I. d   I a —FU
286 1150 1181 1279 # Dr. Mas Goldschmidt
472 1226 1171 1319 Bureau für Zeitungsausschnitte
788 1267 1257 1344 Telefon: Norden 3051.
369 1296 677 1377 BERLIN N. 4
268 1387 613 1466 Ausschnitt aus:
468 1393 1219 1504 tieue Bürcher Zeitung, Zürich.
595 1505 1028 1659 2 2 Jan. 1925.
1296 1629 3227 1715 rendes Verstehen. Der Hochgekommene legt eige= hinein, und wurstelnes so zu Ende im Wurstel¬
1309 1689 2272 1741 nen Kummer aus, und der Sterbende, was will er
383 1676 1272 1750 Der Arthur Schnitzler=Abend.
2264 1700 3230 1750 prater. Es ist eine ganz verfeinerte Parodie auf
1308 1726 2281 1798 tun, als ihm die Hand reichen. Er konnte die große
2277 1743 3231 1802 den alten Pickelhering, der in Wien auf eine ruhm¬
401 1762 1310 1811 E. K. In frühern Jahrzehnten, als man die
1316 1775 2277 1847 Szene der Rache nicht spielen. Aus Menschlichkeit.
2265 1781 3231 1845 reiche Tradition zurückblicken kann. Das ironische
355 1815 1311 1870 Dichter noch um eine Locke des wallenden Dichter¬
1314 1816 2258 1865 Alle Elemente Schnitzlers sind in diesem Einakter:
2269 1822 3235 1869 Spiel meisterte Schnitzler mit seiner fein gestuften
348 1857 1302 1900 plieses bedrängte, hätten im Geist die Verehrerin¬
1317 1862 2268 1921 Das Theaterchen im Theater, der Schein und das
2276 1863 3233 1931 Vortragsweise, so daß selbst die Bissigen, die bei¬
351 1880 1321 1954 nen ihre Scheren gezückt beim Anblick Schnitzlers,
1317 1899 2256 1960 Sein, Schauspieler und Arzt, Karbolgeruch und
2278 1907 3235 1968 ßen, wenn sie lieben, dem Meister, den sie in den
353 1940 1314 1992 dem eine einzige mächtige Lockenzunge bis zur
1309 1933 3229 2015 Sterben. — Schnitzler las bei seinem wilden Ka¬ hintern Regionen des Saales nur fragmentarisch
351 1974 1315 2036 Schläfe reicht — noch ungebleicht. Ein aparter
1311 1978 2267 2043 tarrh ausgezeichnet, aber auch so bedrängt, wie ein
2268 1994 2714 2052 verstanden, huldigten.
351 2028 1312 2075 Kopf! Arzt und Künstler haben ihn geprägt. So
1308 2027 2281 2093 Geiger, der merkt, daß seine E=Saite gefährdet ist,
2326 2028 3238 2114 Der Lesezirkel Hottingen hatte das Patronat
351 2064 1309 2124 erschien er der großen, harrenden Gemeinde. Mit
1314 2072 2112 2132 aber noch seine Sonate zu Ende kämpft.
2260 2067 2516 2143 des Abends.
351 2105 1319 2156 seinen Büchern, einer Teetasse und dem dazu kor¬
1346 2105 2269 2168 Während der Pause! Man fragt sich: Was
354 2152 1298 2200 respondierenden Katarrh. Was er nach der Pause
1312 2150 2271 2198 wird Schnitzler noch lesen? Wir sind doch schließ¬
347 2189 1300 2240 lesen würde, war eine Frage, die erst später die
1305 2197 2282 2249 lich kein Gartenlaube=Publikum? Er darf uns mit
358 2236 1305 2279 Stimmbänder entscheiden konnten. So las denn
1320 2239 2278 2289 den Werken seiner letzien Schafsenszeit kommen,
355 2270 1304 2332 Schnitzler zuerst das „Tagebuch der Redegonda“
1315 2280 2276 2332 denn sie weisen Vertiefungen auf. Aber der Komö¬
349 2301 1305 2375 keineswegs eine der besten, aber eine auf den Schluß
1315 2308 2279 2389 diendichter ließ sie in der Vertiefung und beschloß
349 2361 1310 2414 hin geladene Sache. Das könnten auch Schnitzler¬
1318 2366 2271 2422 den Abend luftig, duftig mit der Burleske „Zum
348 2400 1313 2455 Epigonen wie Salten geschrieben haben. Und
1318 2403 2271 2444 Großen Wurstel“ aus den „Marionetten“. Der
345 2441 1303 2494 dann aus dem Einakterzyklus „Lebendige Stun¬
1305 2446 2278 2511 brillante Vorleser (er ist es, auch wenn man ihn
344 2478 1310 2531 den“ die in Zurich aufgeführten „Letzten Masken“.
1304 2484 2275 2544 nicht hörte. Ein um so größeres Aergernis und
358 2527 1314 2571 Da liegt der arme Journalist Rademacher, der Zeit
1314 2526 2275 2581 Kümmernis für die, die seines Geistes kaum einen
348 2571 1302 2622 seines Lebens „Buckerln“ machen mußte vor den
1315 2568 2276 2638 Hauch vernahmen) war nun beinahe „bei Stimme“.
339 2615 1305 2660 Leuten im Extrakammerl des Krankenhauses. Sein
1316 2615 2281 2663 Auch hier wieder geht es im Theater ums Theater.
348 2653 1309 2704 Exitus ist gewiß, aber Rache will er noch nehmen
1311 2661 2286 2714 Das Bublikum spielt ohne Gage mit. Die Glossen
345 2698 1303 2744 in dieser letzten Stunde an seinem hochgekomme¬
1306 2694 2274 2768 verteilt das Kleeblatt des Bissigen, des Wohlwol¬
338 2746 1304 2793 nen Jugendfreunde Weihgast. Zuerst probt er das
1308 2739 2279 2784 lenden und des Naiven, die alle zu dem „süßen
353 2782 1299 2827 téte-à-tôte mit dem kranken Schauspieler Florian
1319 2784 2280 2846 Mödchen“ ihren Seim, wollen wir sagen, dazugeben.
349 2827 1295 2877 aus. Sein Keulenschlug gegen den Freund soll das
1312 2822 2268 2884 Der Bissige, der, wenn der Naive applaudiert, auf¬
346 2865 1305 2920 Bekenntnis sein, daß des hochgekommenen Dichters
1310 2867 2268 2928 braust: „Sie haben's aber eilig“; der Raisoneur
2222 2903 2281 2972 ,
340 2912 1310 2963 Frau zwei Jahre seine, des armen Teufels, Ge¬
1307 2908 2222 2959 des Stücks (der red't „entweder geistreich oder nix“
348 2946 1304 2998 liebte war. Vor dem Schauspieler legt. er los.
1304 2949 2282 3009 der Direktor, der noch während des begonnenen
351 2986 1314 3041 Aber das ist nur die Generalprobe. Jedoch wie nun
1303 2998 2269 3043 Stückes dem Dichter „Striche“ empfiehlt, die dro¬
346 3036 2277 3091 der Dichter am Krankenlager erscheint, wandelt sich hende Zuschauerin, die nicht im Theater bleibt,
345 3079 2281 3127 der Ernst des Spiels und der Begegnung in rüh=l wenn geschossen wird, alle sprudeln in das Stück
