3248 4256
421 117 1679 187 Das Tagebuch der Redegonda
1855 120 2249 221 box 4/4
212 131 1686 228 27. Sunugesucn uuf Reusgonda
781 275 1599 350 ier und Fadenzieher der deutschen.
2726 278 3145 356 Parisel Polize,
1983 314 3260 392 kun Malekials. Abgesehen von zen des Versuchs, s
778 322 1645 406 vor allem der Machtkreis um den beruck,
781 385 3250 438 Herrn von Holstein, scharf hervortreten. Wir] Marco Polo und einigen verwegenen Fran=sen Mann zu bringen, zu
778 433 3262 475 geben im folgenden ein originelles Stück aus ziskanern, die sich bis nach Peking wagten, war Das ist wahl ein charakt
774 462 1505 518 dem Buch wieder. Wolff schreibt:
734 542 3262 608 kann. Und Sie haben wahrlich nicht nur die nicht recht, das dieser Komponist bei so vielen! Das Trio von Pierné
735 589 3263 655 „Komödie der Worte“ geschrieben, sondern auch älteren Hörern auslöst. Gerade diejenigen, die seinen Musiker, es über
1727 624 2876 688 mehr der Vergangenheit zuneigen, sollten bei Takt.
735 641 1534 702 ihre Tragödie die Sie so gut kennen.
2736 650 3261 736 Den Veranstaltern gebü
779 676 2736 735 So haben Sie, ihrem früheren programmati= ihm mehr ihnen Vertrautes finden als bei vie¬
743 717 3263 777 schen Werk durch ein langes Leben des Schaf=len andern Modernen. Honegger erfindet nicht für die Hingabe, mit der
747 759 3263 826 fens hindurch getreu, wirklich die Heilung der nur Motive und Motivchen, sondern wirkliche Gegenwart vermittelt hab
742 809 3255 873 funktionellenAphonie durchgeführt und als er- ausgesprochen melodische Themen. Man braucht ssie an den folgenden Aben
743 842 2735 913 folgreicher Arzt die Sprache stets ohne gewalt= nur an das Hauptthema des zweiten Satzes
743 884 2734 961 same Eingriffe kuriert. Auch Ihre Vorlesung bei dieser Sonate zu denken. Dieses „Presto“ in sei¬
2982 889 3251 968 heinrich Ka
2576 925 2742 1000 1 auf¬
745 937 2465 1000 uns bewies uns dies aufs neue, und so war es ner straffen, nach dem Schema 1 —
2729 946 3253 1018 -c. Ein bei uns unbekann
738 966 2702 1048 vielleicht keine müßige Spielerei von mir, die Auf= gebauten Form hat's mir überhaupt angetan —
1732 997 3262 1070 es ist ungemein lebendig in dem äußerst wirk= abend aber wird man im Syn
738 1020 1738 1087 merksamkeit einer Ihnen ergebenen Leserschaft,
1725 1039 3252 1116 samen Gegensatz zwischen dem lustigen Hauptteilsstervereins Gelegenheit haben,
737 1058 1739 1133 die Ihre Werke kennt, auf das ziemlich unbe¬
1735 1089 3262 1166 und dem elegisch=wiegenden Zwischensatz. Dasszu hören. Der 1886 geboren
747 1121 1743 1181 kannte Schlagwort gerichtet zu haben, das am
1725 1126 3252 1207 ganze Werk atmet kräftigstes Leben. Es verlangt seinem Schwarzwälder Pfarrha
743 1168 1649 1240 Beginn Ihrer literarischen Tätigkeit steht.
1733 1168 3254 1250 allerdings von den Ausführenden sehr viel; Schaffen einer strengen Richt
1732 1215 3259 1286 wenn aber zwei Kjnstler wie Alphonse Brunszurückgeht. So ist auch sein
1734 1261 3261 1329 und Franz Josef Hirt sich mit soviel Liebe Orchester, das Dr. Nef am Sai
823 1258 1676 1355 Moderne Kammermusik im Großratssaal
1736 1297 3260 1378 drein versenken und es technisch und seelisch solzösischen Kirche zum erstenmal
1037 1328 1465 1391 Erster Abend
782 1363 3252 1432 di. Man hätte das Programm auf den Kopf ganz beherrschen, kann die Wirkung nicht aus= aus dem Geiste der absoluten
2700 1396 3252 1454 Modernisierung durch Reger)
1729 1414 1941 1471 bleiben.
744 1415 1746 1472 stellen sollen. Zu Beginn hätte das in der Er¬
1761 1438 3251 1504 Nach Honegger wollte die Cellosonate von De= das Werk dieses durch und d
751 1455 1751 1515 findung doch sehr matte und im Verhältnis zu
2706 1477 2993 1556 gespannt sein.
1732 1482 2725 1560 bussy nicht recht wirken. Im Prolog steckt
737 1499 1734 1565 seinem Inhalt viel zu weit ausgesponnene Kla¬
1730 1539 2736 1607 wohl etwas vom Meister des „Pelléas“, in der
738 1548 1737 1602 viertrio von Gabriel Pierné noch besser gewirkt
2976 1551 3251 1639 Zeitschriften
736 1567 2725 1644 als am Schluß nach Honegger und Debussy. Da Serenade und dem Finale aber spielt er geist¬
1727 1628 3263 1700 voll mit Effekten, seelisch gibt er nicht gar] Das englische (Januar=) He
736 1635 1374 1698 ermüdete es doch sehr stark.
777 1662 3262 1730 Honegger war zweifellos der stärkste viel. Auch Lorenz Lehr, der doch wahrhaftig erfreulicher Beweis dafür, daß
742 1718 3262 1777 Mann des Abends. Seine Geigensonate hätte das Seelische zu fassen weiß, konnte nicht mehr gebenden Kreisen Englands d
747 1772 3257 1822 ich am liebsten gerade noch einmal gehört. Hier geben als drin steckt. Am Zauberklang seines In= durch den Krieg abgebrochene
750 1802 3244 1875 ist alles sicher und bestimmt an seinen Platz ge= struments konnte man sich wieder herzlich er= neu zu bauen. Es sind die f
2684 1844 3262 1920 Englands, die in der Zeitschri
735 1852 1927 1927 stellt. Ich begreife das Geschrei des Entsetzens freuen.
2293 2395 2419 2468 Scila
1346 2432 2263 2522 HERN. MIULLER· OLTEN
2295 2453 2426 2523 töpf
1350 2492 2259 2578 Musikalien u. Versandbuchhandig., Neuhardstr. 22
2295 2508 2428 2566 serl.
2297 2549 2430 2606 Auc.
2306 2583 2434 2649 und
1772 2608 1903 2659 ERTR
2304 2633 2423 2696 Leo
1806 2659 1929 2709 7468122
1911 2653 2258 2735 Eigatettes-
2302 2674 2432 2735 SOfl
1376 2646 1901 2746 -Haldorf Astorig
2300 2716 2427 2777 don
1319 2759 2291 2838 ter e Die letzten Maskens zu sein, wo die e Gene¬
2305 2761 2434 2824 Hau
1321 2796 2299 2879 ralprobe; am Sterbebett und die fein beobachtete
2307 2805 2417 2866 die
1319 2853 2300 2919 Differenz zwischen Wille und Ausführung ihres¬
2299 2844 2440 2915 rich
2306 2897 2442 2957 Mas
1325 2883 2300 2949 gleichen sucht. Die Charakteristik der Figuren und
1326 2931 2297 2992 die Differenzierung in Sprechweise und Tempo ge¬
1325 2976 2304 3039 lung dem Vortragenden aussergewöhnlich drama¬
2312 2944 2445 3039 wer
1323 3013 2306 3094 sich. Hätte er das typisch Wienerische dem Vor¬
2309 3024 2432 3082 wur
1328 3049 2306 3136 Strag der Masken vorausgehen lassen und jene
2317 3071 2446 3122 gew
1337 3097 2310 3177 Szene im Allgemeinen Krankenhaus an den Schluss
2312 3111 2436 3171 die
1328 3140 2308 3208 gesetzt, so wäre der rauschende Beifall noch spon¬
2310 3153 2442 3209 bote
1328 3190 2305 3256 taner erklungen und sein Erfolg wirklich prächtig
2309 3195 2462 3270 Haut
1330 3228 2314 3303 gewesen. Denn Schnitzler ist und bleibt ein Kön¬
1341 3263 2306 3343 ner und ein Meister der Kunstgriffe und wenn er
1338 3305 2319 3379 nicht zu seicht und caféhausmässig, sondern tiefer
1340 3360 2320 3433 in die Menschenkenntnis vordringt, so ist er nicht
1347 3404 2315 3471 nur der Vertreter des lachenden Wiens der Vor¬
1343 3423 2465 3516 kriegsepoche, sondern kann eine Rolle in der  Stad
2176 3482 2464 3552 m. Stad
1337 3501 1916 3568 Weltliteratur wohl ausfüllen.
1340 3764 2483 3889 ALTNL
