3248 4256
208 165 381 254 27.
413 168 600 236 Das
612 166 1023 242 Tagebuch
1018 176 1186 244 der
1205 174 1675 249 Redegonda
1863 176 2253 265 box 4/4
407 221 1672 292 Snangeranaus Reusgenda
94 429 1312 497 is vor= Kämpfen um den Aufstieg erzählt, verstummt der Ster¬
1307 434 2382 516 der Liebelei. Und als Marionetten entgleiten diese
102 474 1322 538 n Ver= bende und bekennt, was habe er mit diesem Lebenden
1322 490 2391 555 Figuren dem Dichter, das Publikum mischt sich in ihr
81 504 263 574 Ar Arzt
269 523 1324 595 noch gemeinsam. Er schließt die Augen und nimmt
1314 546 2392 598 erwachtes Leben, Theater im Theater, ein Skandal, und
91 562 268 632 t, und
264 561 1315 613 sein Geheimnis mit hinüber — dem Dritten, dem eben¬
1313 578 2385 646 schließlich vollzieht an Puppen, Zuschauer und dem
261 609 1313 667 falls totkranken Schauspieler, der gleichsam in einer
1318 621 2389 689 Wurstl=Dichter ein noch größerer Puppenspieler das
91 623 262 699 Schnitz¬
252 654 1315 706 Probe zum letzten Spiele davon vernommen hat, ist es
1313 659 2394 724 endgültige Urteil. Mit Heiterkeit schuf Schnitzler eine
97 686 262 742 a“, den
257 695 1315 769 nichts anderes gewesen, als der Stoff zu einer Komödie
1306 702 2387 771 Burkeske voll leisen Selbstspottes, um sich und seine
91 718 268 785 benspiel
258 731 879 803 aus der drohenden Tragödie.
1316 750 2391 812 Welt verstummen zu lassen vor der Unerbittlichkeit aus
106 773 259 828 andere
290 769 1318 840 „Der Tod als Wurstl“ — in der Schweiz trägt der
1315 790 2388 851 dem Bekenntnis zum Determinismus. Se klingt das
104 816 261 870 nichts
264 821 1318 875 Wurstl den Namen Kasperli und damit ist gesagt, daß
1312 835 2381 909 lärmvolle, phantastische Marionettenspiel (das Leben)
90 855 263 918 ädeln“
255 865 1312 929 es sich um ein Marionettenstück handelt. Draußen im
1312 878 2384 934 in der Weltanschauung des Dichter=Arztes aus und
92 904 266 972 Brieben
261 907 1306 971 Wurstlprater ladet der Direktor das Volk zum Besuch
1317 920 2383 987 bestätigt zusammenfassend, was in den großen Einzel¬
91 945 255 999 chaffen
259 948 1316 1021 der Erstaufführung ein; man stelle sich am Ort der
1311 962 2389 1038 werken immer durchbricht: die in der oben erwähnten
117 979 254 1049 fragt
261 995 1309 1055 Handlung einen von Kastanienbäumen beschatteten
1306 1006 2381 1075 Parabel aufschreiend an den Weltgeist gerichtete an¬
105 1023 253 1087 Hohn¬
249 1034 1318 1105 Biergarten vor; im Hintergrund dreht sich das Riesen¬
1314 1049 2389 1094 klagende Frage: Wozu denn dieses Leben! Antwort:
93 1064 264 1128 rgrün¬
246 1081 1307 1145 rad, langsam und unerbittlich. Wer unten ist, wird
1308 1088 2383 1150 Das Schicksal spielt mit den Menschen wie ein Kind
100 1118 1306 1185 Nichte oben sein, um wieder zu versinken in der Tiefe, macht¬
1306 1128 2378 1200 mit den Puppen. Wir könnten auch sagen: Wir alle
98 1156 262 1219 n dem
248 1158 1312 1225 los preisgegeben der Kraft, die das Rad treibt. Da
1306 1174 2381 1263 fahren auf dem Riesenrad, das „sich so langsam draht“,
101 1201 253 1257 „Was
242 1208 1305 1267 haben wir eigentlich schon den Inhalt des Puppen¬
1302 1229 2122 1283 aber doch nach genauen Gesetzen bewegt.
93 1245 254 1304 kit den
246 1250 1319 1307 spiels. Die unbekannte Kraft, der der Jüngling in der
1334 1269 2380 1330 Haben wir also nicht einen typischen Schnitzler=Abend
106 1288 249 1349 r tritt
240 1292 1313 1362 Parabel Widerstand leisten will, legt uns alle, die wir
1310 1293 2382 1359 hinter uns? Hätte uns das Werk, die Art der Kunst
118 1331 253 1389 ihrer
252 1336 1307 1403 in ihrer Hand Marionetten sind, ins Gras. Der Un¬
1298 1349 2381 1415 des großen Wiener Dichters noch kräftiger gezeichnet
124 1371 254 1433 dem
242 1375 1302 1446 bekannte schwingt das Schwert, haut die Fäden durch
1304 1390 2382 1444 werden können? Und hat der Abend nicht da und dort
95 1421 1304 1490 bende, und in wirrem Chaos fallen Puppen, Zuschauer, Dichter
1299 1435 2375 1505 das Urteil über Schnitzler geändert und den vermeint¬
85 1456 1305 1524 gt ist, und Direktor zu Boden. Was in dem Spiele sich er¬
1293 1473 2383 1545 lichen Literaten der Café=, Ring= und Theaterwelt in
96 1507 1296 1577 chtung eignet bis der Tod eingreift, ist zusammengefaßt alles
1300 1519 2379 1595 den Hintergrund gedrängt, demit er ersetzt werde durch
103 1551 2375 1634 ich dir das, was Schnitzler, der psychologisch nachdenklich dich= die Ueberzeugung, daß ein die dunkeln Tiefen des
89 1586 253 1646 rebten,
241 1613 2370 1660 tende Arzt, in seinen Dramen und Romanen behandelt.; psychologischen Erlebens dringender Geist gesprochen
95 1639 250 1698 hntest;
247 1642 2382 1716 So will die Herzogin in dunkelroter Lüsternheit ver= habe — nicht aus der Welt des leichten Dahinlebens,
92 1673 252 1742 ger be¬
236 1678 2041 1740 sinken, ehe der Tod sie rührt; die Anatol=Helden gehen sondern aus der Welt der Tragödie.
2217 1710 2362 1766 St.
94 1721 1336 1802 kigenen über die kleine Bühne, das süße Mädel ist das Sviel!
1838 2079 3251 2139 Töglich, i Anwendung gebracht werden. Brunnerf zustreisen, N. 2as Kon
866 2098 3250 2177 2½ Rp. einen Ausfall von 800,000 Fr. bringt, sieht wurde ein enthusiastischer Verfechter dieser Idee Störend namentlich wir
1812 2225 3261 2281 noch als erfahrener Praktikus angesehen bleiben, nen Totentanzes stellt d
1084 2218 1651 2337 Feuilleton.
1821 2257 3235 2331 wenn die neuen Methoden durch noch neuere ver¬ lebendiges Phänomen
1833 2309 3261 2365 brängt sein werden. Er hat ja jenen gütigen, men= die weber alt noch neu
1826 2348 3260 2421 schenfreundlichen Arztblick, hinter dem sich kauf=nicht sein kann, ohn
909 2355 1791 2460 Arthur Schnitzler=Lesezirkelabend.
1834 2400 2971 2454 männische Talentlosigkeit in medizinischen Dingen mungen.
1840 2447 2793 2507 verbirgt. Jene sanfte Skepsis, vie mit einem Lä¬
2824 2426 3261 2513 Aus denselben Quelle
908 2421 1838 2508 B. Der Herr mit dem ergrauenden Malerbart
1839 2474 3261 2537 cheln und leicht geneigtem Haupt auf Neuigkeiten,sbuch der Redego
858 2488 1826 2554 und der Schmachtlocke, die bis zur freundlichen
1838 2528 3260 2593 Salvarsan und Insulin, Fritz von Unruh, Brechtlein Kunststückchen in je
868 2538 1830 2595 Brille herabhängt, ist uns kein Unbekannter. Auch
1837 2577 3260 2633 und Toller, schaut, mit einer Stirn, in die als Er=Tragödie auf einer Pa
863 2583 1837 2646 wer Schnitzler nie gesehen hätte, ist diesem Typus
1829 2618 2785 2677 kenntnis das „semper idem“ gemeißelt steht. Er
2780 2626 3261 2685 selbst, Zwischenspiel des
857 2620 1828 2680 an den Maler= und Schriftstellerstammtischen von
1834 2664 2787 2717 ist, wie sein Spitalarzt, der den seelsorgenden
2778 2657 3262 2720 wußtsein. Da ist dieser
872 2675 1831 2720 München, Wien, Paris und Berlin begegnet.
1740 2700 1819 2749 B141
1831 2702 2784 2762 Teil seines Berufs für den besten hält, vielleicht
2786 2706 3262 2766 der Dir des Nachts bege
858 2712 1829 2775 Diesem jovialen, halb eleganten, halb nachlässi¬
1845 2754 2783 2818 — weil er von ihm wenig versteht. Aber in den
2784 2754 3262 2815 wie er die Offiziersfrau
865 2755 1836 2808 gen Herrn von Welt, Betrachter und zugleich Mit¬
1839 2790 2792 2844 ewig gleichen Wechsel von „Werden — Sein —
2773 2797 3254 2859 liebt, gesucht, in Liebe
865 2804 1836 2869 spieler in der sonderbaren Komödie, genannt
1839 2840 3250 2906 Vergehen“ bringt nur die „Seele“ Abwechslung. loren habe, wie ihr Gat
869 2850 1831 2894 „Welt von heute“. Es gibt welche, die allen Ern¬
1826 2877 2779 2946 Inmitten der tödlich eintönigen Gewißheit des
2782 2880 3260 2948 kam mit der Meldung,
862 2893 1836 2955 stes behaupten, die Bühne Schnitzlers sei „Welt
1834 2916 2787 2984 Sterbens ist nur das Fragezeichen interessant.
2776 2930 3260 2985 hätte aber ein Tagebuch
867 2940 1835 2987 von gestern“. Vorderhand ist das noch Ueber¬
863 2959 2793 3036 schätzung des Heutigen. Die Anzeichen einer „Kunst Schnitzler spielt die Menschen=Masken meisterlich
2774 2978 3258 3034 größter Gewissenhaftigkei
1831 3019 2796 3078 zusammen, viel besser als er in der Parodie „Tod
2778 3027 3262 3079 Gewissenhaftigkeit über
859 3027 1836 3082 von morgen“, die es zweifellos gibt, genügen
1835 3069 3252 3123 als Wurschtel“ die Marionetten bewegt. „Die letz. mit dem jungen Herrn.
858 3071 1832 3124 noch nicht zur freien Aussicht ins gelobte Land der
859 3100 3261 3175 Zukunft. Vorderhand sind die „Fälle", die der ten Masken“ sind uns von der Bühne des Schau= Erkenntnis gepackt, bring
2785 3150 3251 3212 kennen, daß alle die
863 3150 2784 3206 Wiener Arzt literarisch=menschlich behandelt, so spielhauses bekannt. Sie wirken durch den Schleier
1830 3198 2780 3251 der Vorlesung noch transzendentaler, als von den
2781 3184 3263 3259 Träume seien, denn all
865 3192 1836 3267 „aktuell“ wie möglich, auch wenn etwa der eine
2774 3235 3255 3300 waren auch seine Fer¬
1830 3227 2792 3303 Brettern. Die Gegensätze der Situationen des
867 3250 1826 3297 oder andere seiner literarischen Patienten noch
1825 3288 2778 3345 nüchternen Lebens im vollen Gang — auch wenn
2779 3289 3260 3339 fühlt sich verantwortlich
864 3286 1841 3351 eben die k. und k.=Uniform trug. So einem Arzt
1827 3332 2786 3394 es nur Aerzte. und Krankenwärterfunktionen in
2772 3326 3260 3403 ten, die gedachten Handl
865 3320 1845 3379 in der Reife der Jahre ein X für ein U zu machen,
2776 3374 3239 3431 Duell ... Aber nun
1827 3376 2789 3427 einem Spital sind — und der tiefen, plötzlichen Le¬
861 3377 1835 3442 hält schwer. Die „Fälle“ lassen sich ja alle treff¬
2770 3419 3255 3483 seinem Sinnen und beme
858 3409 2785 3477 lich rubrizieren. Ausnahmen bestätigen die Regel.benserkenntnis, die aus der Stille zwischen Leben
2777 3459 3261 3519 gar nicht da ist, daß er
855 3466 2779 3526 Dr. Schnitzler hat sich frühzeitig die erotisch=patho= und Tod aufblitzt. Das seltsame Abgeschiedensein
856 3511 3261 3568 logische Abteilung als Werkstätte ausgelesen. Da des Sterbenden vor dem Tod von allem Leben sitzt, daß ihm des Mittag
870 3534 3260 3620 ist er denn nun zu Hause, wie wenige und wird und Lebenswichtigen. Die Bizzarrerie des moder= von einem jungen, nette
1030 3605 1851 3819 ad Gar
1198 3832 1741 3942 T01. 21—
