3248 4384
130 158 518 249 27. Das
529 166 1608 230 Tagebuch der Redegonda
1757 167 2172 261 box 4/4
344 185 1608 268 zus Tagebuen der Rensgunda
698 680 1742 746 Morgenzeitung und Handelsblatt Baden=Baden
2379 706 3029 785 Montag, 12. Januar 1925.
187 730 594 810 ungen aber — ais
613 736 1821 826 nen über ein Thema von Corelki von Tartint¬
191 794 600 848 und Schaffens¬
1853 764 3051 862 dals verzichtender, hald indränsig nach dem Leben Ver
609 804 1820 870 Kreisler, einen Walzer von Provaznik und ein Stück von
187 824 602 897 sicklung im Sinne
1823 818 3051 908 langender, dämmert und tagt leise, um dann wieder in spie¬
605 841 1816 916 Paganini spielte. Leicht, mühelos und wie selbstverständlich
193 873 601 927 nicht bloß körper¬
1824 855 3042 956 lerischen Sarkasmen ein teilweise ausgleichendes Gegen¬
607 877 1818 941 wird der Bogen geführt, die Finger der linken Hand irren
1820 900 2223 968 gewicht zu finden.
185 907 597 969 füchtigung unserer
610 917 1821 993 sich nie auf dem Griffbrett, auch wenn sie sich wie in tollem
194 952 597 1006 zt, das Höchste ist
1880 948 3025 1022 Schnitzler las hier meisterhaft. Man war fühlbar ge¬
611 957 1811 1022 Strudel auf den Saiten tummeln, jeder Ton ist Wohlklang,
196 978 592 1048 Heranbildung des
1829 976 3036 1067 bannt durch die bezwingende Anatol'sche Sprach= und Laut¬
601 990 1816 1057 Empfindung, Seele. Zündend ist sein sprühendes Tempe¬
1819 1021 2047 1091 prägung.
183 1017 601 1082 um Träger eines
606 1030 1806 1098 rament und lebhaftes musikalisches Empfinden, wenn er
187 1061 596 1130 Nühen und Lasten
597 1070 1495 1130 Tänze spielt. Da ist er geradezu hinreiße
1874 1065 3023 1144 Begeisterter Beifall einer aufmerksam lauschenden Zu¬
1512 1082 1823 1142 Er ist keiner
1819 1092 2462 1179 hörerschaft dankte dem Dichter.
605 1107 1817 1188 von denen, die mit einem großen Ton etwe#rotzen, sondern
611 1151 1819 1215 einer der ganz seltsamen Spieler, die den Ton luftig und
609 1186 1817 1260 schwebend zum Klingen bringen. Von aller Erdenschwere
188 1176 356 1254 wald.
605 1224 1813 1297 befreit, wie aus Ariels Reich stammend, steigt sein Geigen¬
181 1227 446 1301 Baden 022.
603 1264 1824 1350 klang in die Höhe hinauf, dort hinauf und zurück, von wo er
1947 1203 2879 1347 Letzte Nachrichten.
181 1287 518 1361 ellenvorletzten.
602 1308 1021 1364 zu kommen schien.
654 1337 1809 1406 Selten noch hat ein Künstler solche Beifallsstürme ent¬
2011 1351 2814 1431 Der Beschluß der Zentrumsfraktion.
599 1366 1810 1443 fesselt, so daß Vasa Prihoda zwei Zugaben — er tat es gern
188 1384 492 1461 m Murggan
1876 1387 3018 1484 Berlin, 12. Jan. Die Sitzung der Zentrumsfraktion
656 1419 1802 1495 spendete: einen böhmischen Walzer und den „Türkischen
183 1435 583 1516 igen mit 3 Punk¬
594 1430 1121 1520 Marsch“ von Beethoven.
1800 1434 3025 1537 des Reichstags war gegen 9½ Uhr zu Ende. Einstimmig
191 1478 587 1556 9. Rotensels mit
670 1496 1813 1560 So schloß dies denkwürdige Konzert mit dem Großen
1804 1490 3022 1580 wurde folgender Beschluß gefaßt: Die den Vertretern der
189 1526 348 1591 spiel.
600 1532 1801 1614 Meister, mit dem es eingeleitet worden war, mit Beethovens
1810 1546 3014 1627 Zentrumsfraktion am 11. Januar in den Verhandlungen
605 1578 1799 1647 1. Symphonie B=dur, die man von allen seinen Symphonien
1807 1600 3015 1678 mit Finanzminister Dr. Luther übermittelten Erklärun¬
595 1613 1806 1689 sonderbarerweise am seltensten zu hören bekommt. Schon
186 1613 418 1701 berg 4:2.
1805 1643 3014 1728 gen ermöglichen es der Zentrumsfraktion nicht, sich an dem
598 1654 1800 1722 hier zeigt sich Beethoven als Meister, als der kommende
185 1674 580 1744 ern vor sich ging,
598 1693 1806 1762 Mann unter den Symphonikern. Zur ernsten Größe ist er
1802 1691 3023 1777 vorgesehenen Kabinett zu beteiligen. Von anderer Seite
190 1719 579 1772 ervorragende Lei¬
595 1722 1796 1800 hier, ebenso wenig wie in der zweiten, noch nicht emporge¬
1802 1742 3007 1820 erfährt die Telegraphen=Union, daß es sich bei diesem Be¬
184 1760 589 1816 und führte Nabi¬
598 1769 1799 1840 stiegen, Themen und Thematik nimmt er von Haydn und
200 1802 572 1862 ist auch in erster
1813 1787 2992 1864 schluß anscheinend nur um die Erklärungen des Sonntag¬
592 1811 1793 1875 Mozart, aber die sonnige Heiterkeit, der Humor, die starke
206 1827 588 1894 N. war lediglich
1803 1838 3001 1916 handelt und daß sich das Zentrum zu weiteren Verhano¬
590 1845 1794 1926 gestaltende Kraft und schwungvolle Darstellung gehen doch
196 1869 585 1935 er Höhe, dagegen
590 1884 1512 1942 schon auch hier über das Hergebrachte hinaus.
1793 1880 3009 1973 lungen bereit finden würde. Das Zentrum hat Sonntag
194 1909 581 1975 nd raffte sich nie
635 1916 1797 1998 Der Dirigent Paul Hein bot das freundliche und leicht
1791 1933 3016 2016 den Deutschnationalen einige Anfragen zugehen lassen,
211 1948 572 2008 der alte Kämpe
596 1958 1791 2030 dahinfließende Werk mit großer Feinfühligkeit, prächtig un¬
193 1985 579 2057 lubstürmer ihrer
1799 1977 3017 2073 u. a. über ihre Stellungnahme zur Flaggenfrage und das
588 1999 1799 2066 terstützt vom Orchester, wofür das Publikum ungewöhnlich
192 2024 578 2094 segen gefürchtet
1794 2020 3015 2123 Verhalten des deutschnationalen Vizepräsidenten beim Be¬
587 2038 1792 2112 herzlichen Beifall spendete. Mit Interesse wurde auch das
203 2070 585 2141 rkem Nebel, der
586 2081 1797 2152 erstmals hier aufgefü e „Tanzspiel“ von Franz Schrecker
1805 2077 2951 2155 such des Reichstagspräsidiums beim Reichspräsidenten.
588 2117 1799 2187 ausgenommen, das Werk eines großen Könners, das aber
1860 2128 3023 2204 In parlamentarischen Kreisen nimmt man an, daß die
592 2159 1794 2223 zwingende Gestaltungskraft vermissen läßi. Paul Hein ent¬
1803 2160 3005 2251 Deutschnationalen den früheren Reichstagspräsidenten
589 2182 1794 2278 faltete in den einzelnen Tanzarten eine große Subtilität,
1804 2222 2920 2313 Wallraf als Reichsinnenminister vorschlagen werden.
589 2231 1478 2294 auch hier vom Orchester trefflich unterstützt.
177 2214 392 2333 erte.
641 2275 1793 2357 Der ideelle Erfolg entsprach dem materiellen in Gestalt
1856 2296 2946 2385 Die Deutschnationalen und die Regierungsbildung.
590 2292 1200 2380 einen ausverkauften Hauses.
1860 2368 3005 2445 Berlin, 12. Jan. Der Vorstand der deutschnationalen
172 2369 329 2439 Vien.
690 2365 1010 2455 Decker
1008 2360 1518 2476 ##uen
1790 2413 3001 2497 Reichstagsfraktion und der deutschnationalen Preußen¬
168 2411 586 2490 nliches offenbaren,
1005 2430 1356 2528 Vortrag.“
1491 2366 1770 2538 2%
167 2470 582 2531 nicht der Sänger,
1797 2469 3002 2531 fraktion schloß seine Sitzung gegen 8 Uhr abends. Wie die
151 2509 586 2565 ie begrenzt ist und
1801 2513 3003 2589 deutschnationale Pressestelle mitteilt, hat der Fraktions¬
767 2506 1607 2586 Morgenveranstaltung: Arthur Schnitzler.
165 2546 586 2608 n. Der Geiger ist
1793 2567 3004 2619 vorstand gestern nachmittag über die Regierungsbildung
621 2556 1790 2635 Sämtliche literarisch Interessierten unserer Stadt scharten
158 2577 583 2649 absolute Gebieter.
591 2597 1782 2668 sich am Sonntag Morgen um Artbur Schnitzler. Es war
1788 2607 3003 2682 beraten. Die von Dr. Luther bisher gestellten Fragen sind
153 2614 581 2685 les hinaus ist, was
579 2653 1787 2719 selbstverständlich, daß der Kleine Bühnensaal bis auf den
160 2663 575 2719 strument wie sein
1788 2660 3009 2737 alsbald beantwortet worden. Darüber hinaus konnten
583 2687 1784 2743 letzten Platz besetzt war. Literarische Morgenveranstaltun¬
165 2693 580 2770 Rusik seiner Seele
1788 2707 3003 2779 bindende Beschlüsse nicht gefaßt werden, da die Entschei¬
583 2725 1787 2778 gen, besondes jene, in denen bekannte Autoren aus eigenen
167 2737 572 2805 ihm an Gefühlen
1788 2756 3006 2835 dung immer noch bei der Zentrumsfraktion liegt, über
590 2768 1791 2822 Werken lesen, haben stets ihr spezisisches charakteristisches
172 2781 571 2853 ie weiß es zu sa¬
576 2801 1787 2887 Gepräge. So auch bei Schnitzler. Jeder kennt, jeder weiß
1786 2810 3004 2885 deren endgültige Beschlüsse den Deutschnationalen nichts
575 2834 1786 2899 um ihn; es gab eine Fülle des Interessenten und außer¬
181 2840 576 2910 einer, trotz seiner
1797 2850 3005 2936 bekanntgegeben ist. Wie die Telegraphen=Union erfährt,
578 2879 1793 2964 #rdentlich Bemerkenswertem. Schnitzler hat seine ganz be¬
164 2891 573 2954 mwart fast möchte
1788 2897 3006 2970 handelt es sich bei diesen Fragen Dr. Luthers um Vor¬
583 2927 1788 2992 sondere Note, auch im Vorlesen. Seine spielerische Art, die
164 2929 566 3003 Spiel auch nichts
1778 2942 3002 3003 fragen für die Beteiligung der Deutschnationalen. Reichs¬
572 2964 1784 3027 die feinsten Nüancierungen, Unterscheidungen zum aus¬
152 2976 574 3024 tung bedarf. Der
1790 2998 3001 3072 finanzminister Dr. Luther verließ, weil sich die Zentrums¬
577 3007 1785 3073 schließlichen Hauptfaktor seiner künstlerischen Aeußerungen
157 3014 565 3070 piels haftet nichts
164 3035 565 3108 nnte alles andere
577 3042 2998 3105 erhebt, leuchtet und erhellt aus seinem die Worte leicht, sitzung außerordentlich in die Länge zog, um 8 Uhr den
164 3081 562 3149 uweilen sehr gute
587 3081 2041 3169 graziös und flüssig sprechenden Vortrag. Man höre seinen Reichstag.
163 3128 564 3189 I nur etwas per¬
579 3127 1781 3189 Anatol, wie er spricht, wie er das Wesen, die Umwelt seiner
583 3163 1772 3233 süßen Mädels schildert und man hat den ureigenen Schnitz¬
165 3169 576 3238 tigen aber mit der
572 3198 698 3262 ler.
182 3205 567 3261 Ich kenne keinen
1893 3199 2993 3279 Verhaftung eines Geldfälschers. In einer Milchwirt¬
156 3236 571 3302 Hubermann, dessen
628 3232 1777 3306 Das Tagebuch der Redegonda las Schnitzler mit starker
1780 3231 3001 3297 schaft am Lastropweg in Hamburg wurde ein Mann angehal¬
160 3272 571 3341 seint wie bei Pri¬
1784 3285 2992 3339 ten, der einen falschen 20=Markschein verausgabte. Er ver¬
578 3277 1779 3352 innerer Anteilnahme, mit einer Feinhörigkeit für die ent¬
170 3315 568 3384 mit bezaubernder
1783 3313 2998 3382 suchte zunächst, zu entfliehen und warf unterwegs eine Brief¬
571 3327 1785 3383 legendsten Empfindungen andeutenden Ausdruck. Dann der
168 3360 580 3426 sang z. B. die G¬
1785 3364 2997 3425 tasche mit zahlreichen 20=Markscheinen der Hamburgischen
578 3365 1780 3427 Einakter „Die letzten Masken“. Hier zeigte sich in beson¬
158 3390 583 3463 t=Konzert, obgleich¬
1788 3397 3002 3446 Bank von 1923 von sich. Er wurde aber ergriffen. Es hau¬
572 3397 1777 3465 ders hohem Maße, wie Schnitzler feinste verzweigteste See¬
166 3431 568 3501 er ist, überhaupt
1777 3445 2989 3501 delt sich um einen 45jährigen Drucker einer großen Firma
567 3440 1769 3511 lenregungen durch geradezu wunderbar exakte Ziselierarbeit
152 3477 574 3548 Virtuose, zu eigen¬
1781 3479 2995 3551 in Eimsbüttel, der seit längerer Zeit im Betriebe seiner Ar¬
566 3478 1774 3542 künstlerisch verwertet und Gestalt werden läßt. Ist nicht die
1784 3516 2824 3577 beitgeberin 10= und 20=Markscheine hergestellt hat.
153 3513 574 3586 à Orchester z. B.
573 3518 1771 3601 Sterbeszene des alten herabgekommenen armen Journali¬
170 3552 565 3624 i Intentionen zu
578 3561 1299 3624 sten ein Musterbeispiel dieser Art!
166 3585 568 3651 Mozart=Prihoda,
619 3597 1771 3651 Zum Schluß die 1. Szene dieses Anatol. Darüber darf
2116 3609 2657 3696 Veranstaltungen.
167 3624 565 3701 m nichts weniger
571 3640 1772 3705 man nicht viel sagen, sonst verliert sich der Zauber, der die¬
160 3676 581 3741 mit Klavierbeglei¬
575 3683 1780 3749 sen Bildern bei der Interpretetion durch Schnitzler selbst
2110 3674 2643 3756 Montag, den 12. Jannar.
160 3708 572 3770 Solopunkte: Auch
571 3722 1783 3784 doppelt eigen wird. Beiches, Hindämmerndes, Wehmütig¬
1771 3716 2992 3816 6,36 und 8,30 Uhr: Aurelin=Lichtspiele: „Rositta, die Straßen¬
162 3743 581 3817 brigens in seiner
566 3767 1784 3833 Ironisches taucht auf, bewegt sich linde hin und her, taucht
1829 3778 2066 3832 sängerin“
160 3787 2822 3833 n), Variatios unter, schwindet. Die ganze traurige, düstere Melancholie F 8 Uhr: Kurhausbühne: „Der Meisterboxer“, D 17.
178 3839 1169 3931 25. Witheim Ernst Haeberle, Schlofser, und
1152 3876 2104 3935 5. Karola Elsa; V.: Waldemar Bender, Kauf¬
295 3909 1167 3969 Helena Schnurr, ohne Beruf, beide wohn¬
1210 3913 1735 3992 mann in Staufenberg.
429 3938 527 3985 1
1207 3955 1483 4011 # „
2112 3950 2202 4019 *
