3296 4256
176 150 1658 228 27. Das Tagebuch der Redevonda
1818 151 2221 242 box 4/4
397 195 1665 257 Das Augebuen der Reucgenda
3132 1728 3254 1802 M
273 1788 3257 1839 vertrauten Stoffes; meisterlich darin, daß ders servanz aus der Zeit absondern, in der Ihr (Ihre Meinung ist zwar hier, wie so vieles an¬
273 1835 1275 1882 Meister selber, der diese Gestalten geschaffen, sie
1276 1816 2125 1891 Ruhm sich unaufyaltsam durchgesetzt hat.
2240 1827 3253 1879 dere auch bei Ihnen, verschleiert und verhüllt
287 1861 1288 1924 vor unsern Sinnen in kaum zu übertreffender
1300 1849 2266 1927 Richt von den bekannten Werken sei hier die
2254 1863 3252 1934 angedeutet) die Sprach= und Tonlosigkeit einer
285 1913 1282 1967 Lebendigkeit noch einmal gestaltete. Darum aber,
1270 1910 2271 1968 Rede, sondern in kurzem Hinweis von dem einen,
2261 1905 3254 1973 großen Mehrzahl Ihrer Zeit= und Zunftgenos¬
278 1933 1292 2027 weil der bekannte Schnitzler aus der edel
1271 1941 2276 2023 unbekannten, das noch kein Ergründer
2252 1958 3262 2020 sen, und wir sind mit Ihnen dieser selben Mei¬
282 1992 1283 2057 geschliffenen Novelle von „der dreifachen War¬
1269 2001 2271 2063 Ihres Schaffens genügend beachtet hat. Und
2255 2009 3252 2060 nung. Wir sehen, wie Sie, daß mehr Lippen be¬
288 2042 1282 2097 nung“, aus der tief nachdenklichen Szene von der
1272 2034 3259 2089 doch enthält es sozusagen die Quintessenz Ihrer wegt als Worte gesprochen wurden, und wir
292 2082 1285 2141 „letzten Maske“ und der Geschichtswendevision,
87 2071 299 2139 r Doktor,
1282 2076 3257 2143 Kunst und eine theoretische Darlegung ihrer vermißten vor allem den Ton in mancher Rede
92 2123 303 2186 Menschen
2244 2113 2604 2180 und Gegenrede
291 2129 2259 2192 die Sie in die Spelunke zum „grünen Kakadu“ Grundzüge durch Ihre eigene Feder. Unter den
85 2172 1285 2230 hon lange verlegen, zu uns sprach, wage ich es nicht, hier
2276 2156 3258 2224 Wort und Ton: Ihnen sind sie von jeher hohe,
1266 2168 2279 2227 vielen schönen und suggestiven Titeln Ihrer
94 2213 2261 2268 ige Leben zu wiederholen, was so viele schon getan: die ge= Werke trägt es den eigenartigsten, es heißt:
2261 2190 3244 2274 ja in der Kunst heilige und nie zu trennende
93 2250 2268 2320 bescheide=hörten Werke in eine gewisse innere Ordnung „Ueber funktionelle Aphonie und ihre Heilung“,
2251 2251 3245 2318 Wirklichkeiten gewesen. Sie wußten, daß es keine
88 2299 1277 2365 n, gegen und Gesetzmäßigkeit, unter sich und in Ihrem
1279 2298 2277 2358 ist 1889 schon erschienen, und Sie haben die
2253 2303 3255 2370 Worte gibt, die für sich allein in der Welt be¬
92 2338 1285 2394 he Abnei= Gesamtschaffen, einzureihen. Sie lieben ja auch
1270 2342 2268 2417 Verfasserschaft daran, soweit mir bekannt, nie
2257 2345 3259 2396 stehen; wie der Mensch das Blut seiner Vor¬
87 2378 1276 2441 mmer sei, nicht über alles in der Welt diese Ordnung und
1272 2385 1554 2451 bestritten.
2246 2383 3248 2451 fahren in sich herumträgt, zu seinem Segen oder
76 2417 1292 2491 nter end= Gesetzmäßigkeit; Sie wissen es und haben es
1315 2427 2277 2498 Aphonie: darunter verstehen Sie die Tonlosig¬
2250 2431 3251 2498 Fluch, so tragen die Worte das Erbe ihrer Her¬
83 2454 1284 2532 Land der hundertmal gezeigt, daß das Herz des Menschen,
1269 2450 2267 2531 keit oder, eine Folge davon, die Sprachlosigkeit.
2264 2462 3261 2544 kunft. Auch sie haben ihre undurchdringlichen
82 2502 1286 2570 ichen; die Ihr Spezialfall, verehrter Herr Doktor, nicht den
1279 2501 2261 2568 Sie zielten mit der Abhandlung selbstverständ¬
2257 2520 3259 2573 Hintergründe, die im Dunkel verschwinden; sie
85 2555 1289 2625 gen Besu= Regeln der Ordnung und den Forderungen der
1267 2554 2261 2616 lich in erster Linie auf das allgemein verbrei¬
2255 2568 3260 2623 haben die Keime der ewigen Mißverständnisse
86 2590 2269 2666 ke sich die Gesetzmäßigkeit gehorcht, daß in ihm ganz an= tete latente Leiden, das die Menschen in den
2258 2610 3251 2657 in sich als süßen Giftstoff, und sind so oft eher
82 2650 3251 2695 berlegten, dere, allerdings im tiefsten Wesen auch gesetzliche Augenblicken befällt, wo sie ihrem Gefühl ver= dazu da, zu verhüllen als zu entschleiern. Das
90 2677 1287 2751 kum Ihre Kräfte mächtig sind: Liebe und Haß, Anziehung
1278 2687 3250 2749 ständlichen Ausdruck geben sollten. Als Arzt, der Geheimnisvolle im Wort, seine Kraft und seine
102 2730 1288 2788 dem Sie und Abstoßung, Urkräfte, die Sie bis in die zar¬
1277 2730 3245 2806 Sie ja waren und immer geblieben sind, haben Schwäche zugleich, ist das Wesen Ihrer Kunst,
79 2770 1284 2833 hir in der testen Regungen hinein noch gefühlt und unter¬
1276 2778 3247 2842 Sie die Heilung dieser Sprach= und Tonlosigkeit und Sie meistern diese Kunst, wie vielleicht kein
90 2812 1275 2875 Erfahrung sucht, aufgedeckt und dargestellt haben, auch wenn
1279 2815 3259 2896 in unzähligen Fällen durchgeführt; Ihre drama= Zweiter. Sie setzten das beredte Schweigen und
90 2849 1275 2916 kepsis Un= Sie stets den bezaubernden Schleier der Weh¬
1266 2856 3246 2929 tischen und erzählenden Werke stellen in dieser die schweigende Beredsamkeit wieder in die
90 2893 1279 2965 erken, von mut und der Sehnsucht hüllend über Ihrem For¬
1272 2903 3255 2966 Hinsicht das glücklichste Journal dar, das je ein Rechte der Sprache ein, weil Sie ein feines Ohr
102 2943 1291 3002 So war schungsobjekt haben liegen lassen, jenen Schleier.
1272 2935 3252 3027 Diener Aeskulaps geführt hat. In zweiter für den Ton haben. Ihre Kammermusik schuf
89 2982 313 3061 hörer, als
293 2998 3246 3057 der Ihre Werke so entschieden und ganz von den Linie aber und im besondern, glauben wir, die schönsten Sonaten der Untertöne, die das
91 3040 3252 3121 ium schon polternden Aufklärungsschriften poetischer Ob= meinten Sie mit Ihrem Ausdruck Aphonie edle Instrument der deutschen Sprache spielen
