3296 4256
241 136 438 232 27.
440 136 744 209 Das Ta
766 135 1180 211 ebuch der
1374 146 1432 213 e
1263 147 1314 210 R
1525 142 1674 211 nda
441 189 1659 231 —    d   e eteerete teetene e eeeen ie e e eee e een
426 634 590 839 2
715 770 1344 868 Dr. Max Goldschmidt
714 823 1343 928 Büro für Zeitungsausschnitte
512 858 812 932 BERLIN N 4
1059 910 1511 974 Teiefon: Norden 3051
483 987 1054 1080 Zicher Volksztg.
787 1058 1459 1167 Zirich. d. 23. 1.1924.
768 1228 1609 1289 Arthur Schnitzler=Abend. Sch. Der erste
657 1277 1603 1341 Abend der zweitelt Sékié der diesjährigen
662 1317 1610 1385 Lesezirkelabende für Literatur und Kunst ver¬
666 1366 1599 1438 mittelte am letzten Montag einer statt¬
665 1410 1603 1476 lichen Gemeinde die persönliche Bekanntschaft
658 1470 1610 1516 Arthur Schnitzlers, der uns allen
659 1496 1611 1558 namentlich als Dramatiker geistig längst ein
661 1529 1605 1607 wertvoller Besitz geworden ist. Der Dichter
664 1579 1605 1652 las aus seinen erzählenden Werken eine psycho¬
671 1643 1609 1685 logisch interessante Skizze „Das Tagebuch der
673 1663 1614 1730 Redegonda“, und hierauf zwei dramatische
671 1710 1620 1769 Stücke. Das erste derselben, „Die letzten
674 1775 1611 1813 Masken“, kulminiert in der Begegnung zweier
662 1797 1616 1863 früherer Freunde, von denen einer, todgeweiht
675 1844 1615 1913 im Krankenhaus liegend, am andern, in dem
674 1882 1609 1947 er ein Schoßkind des Glückes sieht, Rache
667 1928 1622 1993 nehmen will, statt dessen aber erkennt. daß
680 1971 1611 2041 der „Glückliche“ im Grunde noch bedauerns¬
676 2014 1614 2078 werter ist als er. Das zweite Stück, „Große
670 2060 1615 2130 Szene“, führt in ein Variété und wirft durch
674 2108 1611 2167 eine schauerlich=komische „Hauptaktion“, tiese
678 2139 1624 2213 Lichter auf Bühne, Publikum und Leben
684 2187 1624 2250 überhaupt. Leider hatte eine starke Indisposi¬
672 2239 1618 2313 tion des vortragenden Dichters zur Folge, daß
1492 2279 1613 2329 man
672 2285 1415 2334 namentlich den hinteren Sitzreiben
672 2332 1621 2394 kennt den kleinen Tonhallesaal! — vieles nur
682 2369 1623 2427 mit Mühe verständlich wurde oder ganz ent¬
678 2408 1618 2473 ging. Kein Wunder, daß deshalb auch der
683 2455 1631 2516 Beifall, den die gespendeten Gaben fanden, zur
682 2506 1623 2559 Verehrung, die Arthur Schnitzler auch bei
681 2543 1643 2605 uns in den weitesten Kreisen genießt, in
669 2591 1201 2666 keinem Verhältnis stand.
2326 1664 3290 1746 hade, endlich einmal eine ! dr der Ruge in nia)
2329 1733 3295 1796 zu haben und deshalb auszuscheiden, daß er
2318 1773 3301 1827 jedenfalls aber nur einem Kabinett beitreten
2313 1838 3301 1889 werde, dem die demokratischen Fraktionsmitglie¬
2574 1920 3052 2039 Feuilleton
2458 2069 3175 2160 der unbekannte Schnitzler
2413 2144 3203 2218 Eine imaginäre Ansprache
2357 2192 3301 2265 M. Sie ließen uns, hochverehrter Herr Doktor,
2318 2259 3301 2322 lange auf das Vergnügen warten, den Menschen
2317 2306 3259 2359 kennen zu lernen, dessen Werk uns schon lang
2316 2355 3275 2400 bekannt war. Sahen Sie wohl das geistige Leben
2321 2390 3301 2445 unseres Landes immer als in jenem „bescheide¬
2310 2432 3265 2490 nen Licht der Hängelampe“ ruhend an, gegen
2308 2474 3301 2523 das Sie mehrmals Ihre ausdrückliche Abnei¬
2308 2520 3286 2573 gung geoffenbart haben? Wie dem immer sei,
2309 2561 3275 2616 Sie folgten in diesem schneereichen Winter end¬
2311 2607 3286 2657 lich der Einladung, entschlossen, das Land der
2312 2649 3275 2699 Berge in seiner Winterpracht zu besuchen; die
2316 2688 3301 2749 sommerliche war Ihnen ja aus häufigen Besu¬
2307 2731 3300 2797 chen vertraut. Aber noch hier, als Sie sich die
2316 2778 3255 2824 Auswahl der vorzulesenden Stücke überlegtei
2317 2819 3286 2877 zweifelten Sie daran, daß das Publikum Ihre
2306 2864 3270 2922 Werke kenne. Der übervolle Saal, vor dem Sie
2316 2902 3276 2961 dann lasen, hat uns jedenfalls, die wir in der
2315 2951 3268 3011 Psychologie des Vortragssaals einige Erfahrung
2313 2995 3254 3049 haben, gezeigt, daß diesmal Ihre Skepsis Ur
2311 3041 3302 3097 recht hatte, sie, die sonst, in Ihren Werken, von
2315 3067 3288 3125 so charmanter Ueberzeugungskraft ist. So war
2306 3127 3279 3184 Ihre Vorlesung vielleicht für mehr Zuhörer, als
2314 3168 3292 3235 Sie denken, ein meisterliches Repetitorium schon
