3296 4256
217 156 596 239 27. Das
616 154 1702 227 Tagebuch der Redevonda
1846 171 2272 264 box 4/4
412 183 1702 269 Das ugeraun uenReucgenen
267 1715 636 1833 Goleschmie:
200 1764 627 1890 Testungsausschntte
354 1841 822 1965 Teleiont Worden 3081.—
263 1875 536 1984 cHaTT
224 1939 649 2066 4580.1, 1925.
3141 2158 3284 2243 me
882 2222 1950 2277 Dichter ohne weiteres als Arzt auf der Praxis vor¬
1928 2203 3250 2282 Kämpfen um den Aufstieg erzählt, verstummt der Ster= der Liebelei.
99 2209 818 2299 r Schnitzler in St. Gallen.
878 2262 1940 2315 stellen; seine Stimme und seine Augen geben Ver¬
1928 2266 2989 2324 bende und bekennt, was habe er mit diesem Lebenden
2987 2273 3234 2327 Figuren dem
102 2269 888 2353 kurte Cpifore, die hamals, als ich Teil¬
891 2294 1610 2361 trauen und wecken sofort Sympathie
1587 2296 1944 2359 — was für Arzt
1939 2311 2994 2375 noch gemeinsam. Er schließt die Augen und nimmt
2989 2315 3193 2366 erwachtes
105 2324 888 2381 ranur, bald wieder vergessen worden
879 2342 1948 2427 und Dichter sehr wertvoll ist; der Patient glaubt, und
1934 2351 2992 2406 sein Geheimnis mit hinüber — dem Dritten, dem eben¬
2986 2362 3279 2413 schließlich voll
98 2376 892 2433 ren, äußerlich stärkeren Eindrücken: In
878 2373 1490 2451 der Leser, der Zuhörer auch.
1937 2398 2992 2455 falls totkranken Schauspieler, der gleichsam in einer
2988 2397 3282 2452 Wurstl=Dichter
100 2416 897 2480 nen, ärmlich bestellten Buchhandlung an
915 2418 1947 2491 Im Kreise der Museumsgesellschaft las Herr Schnitz¬
1930 2438 3281 2499 Probe zum letzten Spiele davon vernommen hat, ist es endgültige Urt
91 2455 884 2516 n Nebengasse seitab des Stephansplatzes
884 2469 1939 2534 der die Parabel „Die dreifache Warnung“, den
1931 2490 3278 2561 nichts anderes gewesen, als der Stoff zu einer Komödie Burkeske voll
109 2502 892 2569 ich mir vor einigen Jahren zwei Bücher
882 2517 1940 2581 Einakter „Letzte Masken“ und das Puppenspiel
1929 2530 2555 2580 aus der drohenden Tragödie.
2982 2527 3244 2587 Welt verstum
99 2541 885 2599 chnitzler erworben. De Buchhändler, ein
871 2563 1947 2615 ] „Der Tod als Wurstl“ vor. Also ganz andere
1964 2556 2997 2617 „Der Tod als Wurstl“ — in der Schweiz trägt der
2981 2574 3271 2629 dem Bekenntn
108 2588 891 2666 r mit müden Augen, trug einen abge¬
872 2601 1940 2662 Arbeiten, als was vielleicht erwartet worden ist; nichts
1925 2595 3001 2681 Wurstl den Namen Kasperli und damit ist gesagt, daß
2987 2614 3260 2682 lärmvolle, ph
93 2618 894 2713 kock, in dessen Falten Antiquariatsstaub,
879 2651 1937 2704 aus dem Anatol=Zyklus, nichts von den „süßen Mädeln“
1922 2654 2994 2721 es sich um ein Marionettenstück handelt. Draußen im
2977 2662 3267 2718 in der Welta
105 2670 881 2737 stot sich versteckt hatten. Die Tochter des
887 2682 1942 2764 (als ob Arthur Schnitzler nur von solchen geschrieben
1932 2698 2986 2751 Wurstlprater ladet der Direktor das Volk zum Besuch
2974 2695 3251 2766 bestätigt zusa
105 2720 884 2785 schwindsüchtig hustend hinter dem Laden¬
880 2736 1931 2786 hätte!). Und dennoch zog das gesamte bisherige Schaffen
1935 2742 3003 2787 der Erstaufführung ein; man stelle sich am Ort der!
2984 2749 3217 2810 werken imn
96 2752 887 2825 ete Tanznoten; ein junger jüdischer Stu¬
883 2775 1934 2837 an uns vorüber. Nach dem Sinn des Lebens fragt
1931 2786 2995 2836 Handlung einen von Kastanienbäumen beschatteten
2981 2777 3175 2845 Parabel
99 2786 893 2866 einem Gestell und suchte sich irgend ein
874 2816 1936 2877 nicht nur der Jüngling, der zur Antwort das Hohn¬
1928 2833 2986 2888 Biergarten vor; im Hintergrund dreht sich das Riesen¬
2983 2834 3137 2892 klagend
109 2835 889 2914 er Buchhändler sprach: „Ich kenne den
876 2843 1931 2923 gelächter des Weltgeistes vernimmt und ins unergrün¬
1919 2862 2991 2930 rad, langsam und unerbittlich. Wer unten ist, wird
2975 2878 3087 2933 Das
118 2885 886 2961 ich habe ihn schon sprechen gehört.
877 2907 1931 2967 dete Dunkel fällt, in dem alle vergangenen Nächte
1928 2915 2986 2959 oben sein, um wieder zu versinken in der Diefe, macht¬
97 2923 891 2999 geschrieben hat, habe ich gelesen — der
871 2946 1922 3006 und noch alle kommenden enthalten sind; und in dem
1923 2945 2984 3021 los preisgegeben der Kraft, die das Rad treibt. Da
2973 2923 3079 3019 saht
102 2981 888 3035 schreibt gut und wissen S', so von den
871 2991 1925 3046 Einakter wieder die Erkenntnis des Sterbenden: „Was
1925 3001 2986 3055 haben wir eigentlich schon den Inhalt des Puppen¬
2966 3006 3082 3074 aber
91 3002 889 3088 rrschaften und auch von den einfachen
873 3033 1927 3087 hat unsereiner noch auf der Welt zu schaffen mit den
1930 3035 2991 3110 spiels. Die unbekannte Kraft, der der Jüngling in der
3004 3037 3108 3105 Hab
93 3067 880 3143 eben von Wien schreibt er, der Herr
878 3064 1932 3128 Leuten, die morgen noch leben werden?!“ Hier tritt
1919 3091 2984 3149 Parabel Widerstand leisten will, legt uns alle, die wir
2970 3080 3167 3147 hinter un
94 3100 333 3171 us allen.“
879 3124 1930 3180 zwischen Männer, die noch über einen Betrug an ihrer
1922 3129 2987 3192 in ihrer Hand Marionetten sind, ins Gras. Der Un¬
2975 3125 3188 3193 des große
89 3135 879 3225 ach vier Jahren hat sich der Wunsch,
883 3165 1923 3219 Freundschaft abzurechnen hätten, der Tod. Mit dem
1924 3169 2979 3229 bekannte schwingt das Schwert, haut die Fäden durch
2973 3175 3206 3232 werden kön
88 3202 882 3263 ler einmal sehen zu können, erfüllt.
874 3210 1929 3266 Spott des entronnenen Betrügers will der Sterbende,
1920 3210 2981 3265 und in wirrem Chaos fallen Puppen, Zuschauer, Dichter
2977 3211 3252 3277 das Urteil #s
101 3234 873 3299 einen großen, schlanken Herrn, im Stile
870 3236 1935 3315 der auf der Bahn des Lebens in die Tiefe gelangt ist,
1922 3260 2987 3313 und Direktor zu Boden. Was in dem Spiele sich er¬
2974 3264 3261 3323 lichen Literate
114 3271 883 3346 Theatereleganz; an den Lesetisch des
872 3279 1930 3347 dem Jugendfreunde, der in entgegengesetzter Richtung
1930 3303 2987 3360 eignet, bis der Tod eingreift, ist zusammengefaßt alles
2975 3305 3240 3364 den Hintergr
94 3326 887 3383 lle=Saales trat ein kleinerer, ergrauter
877 3335 1927 3393 aufwärts steigen konnte, vorwerfen: „Eines habe ich dir
1920 3338 2985 3396 das, was Schnitzler, der psychologisch nachdenklich dich¬
2984 3350 3253 3408 die Ueberzeug
101 3370 888 3431 doch ohne Hast; er verbeugte sich elastisch
869 3372 1930 3445 vorweggenommen; damals, als wir beide noch strebten,
1920 3381 2982 3451 tende Arzt, in seinen Dramen und Romanen behandelt.
2974 3382 3275 3459 pfychologischen
97 3408 891 3483 und erinnerte mich an den literarisch¬
868 3411 1923 3483 habe ich genossen, was du allein zu haben wähntest;
1920 3422 2982 3496 So will die Herzogin in dunkelroter Lüsternheit ver¬
2975 3440 3271 3494 habe — nicht
87 3459 1927 3523 ypus, zu dem z. B. auch Ernest Bovet deine Frau war meine Geliebte.“ Aber, als der be¬
1918 3462 3265 3551 sinken, ehe der Tod sie rührt; die Anatol=Helden gehen sondern aus d
115 3503 3009 3589 gehören. Wir können uns den Wiener trogene Freund am Butte erscheint und von eigenen über die kleine Bühne, das süße Mädel ist das Sviel
