3296 4256
274 94 454 197 27.
487 110 633 178 Das
691 113 1045 182 agebuch
1265 113 1665 185 Redegond
469 121 1704 218 Snen encen e n e enen Ge Kn. e eene de enen
966 398 1317 622 C
607 644 1222 733 Dienstag, 4. Oktober 1927.
792 720 1101 783 uegewurmalwevessimmmn
570 814 1729 926 Scherz, Galtre, Fronie
598 971 1737 1069 und liesere Bebeutung
688 1061 1631 1172 Der abgebaute Bankbeamte:
1298 2071 1413 2166 60
740 2032 1150 2299 □
1606 2491 1692 2575 □
693 2530 978 2633 U -MAN
1436 2588 1479 2651 7
649 2658 1736 2746 „Ich möcht' mich ja im Vorzimmer des
562 2729 1731 2821 Allina umbringen, aber der kommt nicht ins
574 2785 1725 2861 Bureau, weil er den Großbanken beim Herbst¬
572 2845 1060 2941 abbau helfen muß.
705 2945 1565 3060 Die Gendung der „Ravag“
748 3039 1447 3122 Und wenn die „Ravag“ Funken
746 3104 1280 3180 Und Telefunken sprüht:
753 3162 1391 3228 Den Dichter Schnitzler blitzen,
745 3218 1347 3296 Das war kein Schlagerlied.
744 3308 1397 3395 Und wenn mit ihrem Sender
753 3377 1380 3456 Die „Ravag“ gar so prahlt,
757 3435 1401 3502 Sie selbst hat eine Sendung:
753 3497 1417 3574 Gut Freund wird gut bezahlt.
1371 3539 1680 3620 Peter Zapfl.
977 3655 1328 3743 Thnat--
1691 3662 1787 3722 ri
1982 120 2173 209 OX 4
2496 154 3267 267 Boykott gegen Arthur
2688 235 3078 331 Schnitzler!
2452 326 3293 389 Ja, wer boykottiert denn Arthur Schnitzler!
2420 365 3302 437 Die Ravag, So, die Ravag. Das Ausland weiß
2422 427 3301 499 wer Arthur Schnitzler ist, aber das Ausland
2429 468 3290 536 weis wahrscheinlich nicht, wer die Ravag ist
2413 520 3302 585 Damit erledigt sich die Sache eigentlich von
2417 568 3293 636 selbst. Es kann sich, wenn Arthur Schnitzler
2419 609 3303 679 boykottiert ist, nicht um eine künstlerische
2421 666 3300 730 Schädigung Arthur Schnitzlers, sondern nur um
2417 702 3294 773 eine der Ravag handeln. Wenn die Werke
2410 744 3302 825 Arthur Schnitzlers künftighin nicht von Wien
2416 816 3294 872 aus gesendet werden können, weil die Ravag
2413 850 3303 925 auf Schnitzier bös ist, so fällt das auf die Ravag
2421 910 3302 967 zurück. Arthur Schnitzler ist heute der reprä¬
2410 958 3302 1021 sentative Dichter Österreichs. Nur sehr verein¬
2414 1003 3293 1054 zeit wagt die Literaturgeschichte hakenkreuz¬
2404 1046 3292 1106 lerisch-antisemitischer Tendenz das anzuzwei¬
2406 1103 3303 1168 feln. Wenn man die Programme der Ravag
2412 1150 3290 1210 durchsieht, begreift man allerdings, weshalb ihr
2404 1197 3302 1261 Schnitzler nicht gerade angenehm sein mag.
2415 1243 3302 1309 Allzu sehr fällt er aus dem Rahmen der Mittel¬
2414 1294 3302 1376 mäßigkeiten, die sich dort von 11 bis 21 Uhr
2422 1335 2689 1408 breitmachen.
2444 1409 3302 1467 Eine andere Frage ist, wieso die Ravag
2412 1449 3289 1505 dazu kommt, einen Boykott über Schnitzler zu
2404 1482 3293 1555 verhängen, wer sie ermächtigt, gegen Schnitz¬
2413 1546 3295 1600 ler feindselig aufzutreten, von wem sie die
2409 1598 3293 1652 literarische Legitimation bekommen hat, in
2403 1644 3293 1709 solchen künstlerischen Angelegenheiten, wie es
2400 1694 3302 1755 die Wertung eines Schriftstellers ist, Entschei¬
2410 1729 3301 1796 dendes zu sagen. Wie man weiß, handelt es
2410 1788 3292 1857 sich im Grunde um eine rein zivilrechtliche
2397 1846 3291 1895 Angelegenheit. In der Ravag wurden Novellen
2405 1884 3295 1938 von Arthur Schnitzler vorgelesen, und Arthur
2406 1939 3290 1991 Schnitzler hatte, wahrscheinlich nach Ansicht
2405 1987 3302 2048 der Ravag-Leute, die Kühnheit, für seine
2407 2043 3302 2103 Novellen Tantieme zu verlangen. Die Ravag
2395 2085 3302 2150 steht nun auf dem Standpunkt, daß sie Ge¬
2408 2130 3303 2200 drucktes vorlesen lassen kann, so viel sie will
2397 2176 3292 2236 und nichts dafür zu zahlen braucht. Die
2396 2219 3292 2284 Schriftsteller von Rang und Standesbewußt¬
2395 2272 3290 2341 sein sind der gegenteiligen Meinung. Man findet
2401 2329 3296 2380 im Programm der Ravag leider oft genug Vers
2403 2375 3302 2441 und Prosa, von der man annehmen kann, daß
2395 2421 3302 2489 ihre Autoren keinerlei Vergütung für ihr
2398 2487 3301 2537 geistiges Produkt verlangen. Wenn es sich um
2398 2518 3295 2573 irgendein armseliges, schwer um seine
2399 2565 3303 2634 Existenz kämpfendes Unternehmen handeln
2397 2618 3293 2676 würde, das Schriftsteller auf diese Weise blitzt,
2397 2670 3293 2726 fände man die Sache einigermaßen verständ¬
2399 2713 3290 2782 lich. Doch die Ravag steht dank ihrer Organi¬
2396 2745 3302 2824 sation, nicht so sehr dank ihrer Qualität, auf
2393 2811 3295 2873 gesunden Füßen. Sie müßte es sichs leisten
2399 2869 3301 2939 können, Arthur Schnitzler mit Stolz unter ihre
2402 2915 3295 2963 Autoren zu zählen. Sie tut es scheinbar nicht.
2399 2955 3301 3020 Im Gegenteil, sie versucht gegen Arthur
2394 3009 3302 3069 Schnitzler einen Boykott auszusprechen, über
2398 3058 2975 3123 den man nur lächeln kann.
2432 3109 3294 3166 Sänger und Sängerinnen, Schauspieler und
2389 3156 3291 3224 Schauspielerinnen, Professoren, Dozenten,
2405 3212 3289 3267 Wissenschaftler überhaupt, Kapellmeister und
2404 3253 3302 3323 Musiker, die mit der Ravag zu tun haben,
2387 3307 3290 3373 sagen, wenn man sie über die Ravag fragt:
2397 3352 3302 3412 „Ja, es ist halt traurig, aber man darf sich'e!
2389 3389 3302 3463 mit der Ravag nicht verderben.“ Die Ravag
2399 3454 3301 3514 beschäftigt täglich so und so viele geistige
2395 3488 3302 3558 Arbeiter, denen es in Österreich bekanntlich
2395 3562 3302 3608 nicht allzu gut geht und die das, was sie bei
2393 3600 3301 3655 der Ravag verdienen, in ihren Lebens¬
2395 3649 3283 3708 standard miteinrechnen müssen. Sie sind ge¬
2396 3688 3278 3749 zwungen dort über ihre sonstigen Gewohn¬
2392 3747 3277 3801 heiten hinaus „Küss’ die Hand“ und „Dank'
2392 3777 3288 3846 schön“ zu sagen. Denn die Herren, die bei der
2388 3824 3302 3905 Ravag das große Wort reden, sind allmächtig.
2387 3882 3277 3959 Sie können tun, was sie wollen, sie können
2995 4009 3194 4090 A. B. C.
2674 4041 2780 4106 Kra
2506 4047 2559 4105 e
2579 4052 2626 4114 ul
