3296 4256
256 132 864 230 35. Therese
964 139 1360 239 box 6/2
509 183 875 245 erese
140 1601 2766 1653 würdiger zu gestalten“. Wohl die chronikartige Aneinanderreihung der Le=[Grotes, Studentinnen“ (Carl Reiß¬
149 1644 2772 1719 chschnittsmädchen, nicht hübscher bensstationen der einsamen Erzieherin, deren ei=ner, Dresden). Als Problemroman sehr auf¬
157 1696 2777 1748 cht extravaganter als ihre Kol=genes Dasein über den Anforderungen des frem=lschlußreich, drückt es sein Niveau durch den
165 1735 2768 1817 unterscheidet sich von den mei= den verkümmert. Auch wenn der Roman nicht Mädchenschuljargon, in dem es geschrieben ist,
164 1774 1774 1828 dadurch, daß sie deutlich emp= den tragischen Ausgang durch die uneheliche
1768 1786 2774 1858 so weit herab, daß die großen Gesichtspunkte
151 1818 805 1887 hrem Glück fehlt. Alle Seiten
798 1830 2768 1898 Mutterschaft Theresens besäße, wäre er ein Werk nach und nach unter einer Fülle von Einzel¬
137 1872 2767 1927 enproblems werden von Lewis echter Tragik. Stofflich stehen ihm nahe die schilderungen verschwinden, die bedenklich an die
139 1906 806 1977 er tief freilich als durch die
785 1908 2787 1963 Lehrerinnenromane Clara Viebigs und verflossenen „Pensionsgeschichten“ erinnern. Das
139 1944 2775 2036 mmierung glänzend beobachte=[Grete von Urbanitzkys. Viel ernster zu ist um so bedauerlicher, als Gertrud Grote zum
143 2006 2769 2061 nleuchtend. Das Buch ist Weih= nehmen als Grete von Urbanitzkys schwüler, im erstenmal und, wie man auch in der wenig glück¬
137 2044 2783 2112 er dem Titel „Der Erwerb“ Gartenlaubenstil die Geschichte einer unglaublich lichen Form noch erkennt, mit sicherm Empfin¬
152 2094 1776 2147 deutsch erschienen. Daß es viel weltfremden Wiener Oberlehrerin erzählender
1769 2076 2779 2160 den die besondere Problematik des Studentin¬
786 2121 1779 2180 Roman „Der wilde Garten“ (Hesse &
144 2133 804 2206 darauf läßt der etwas kolpor¬
1773 2141 2776 2188 nendaseins literarisch erfaßt hat. Der „liebe¬
172 2167 792 2225 schließen. Der heutige Lewis
787 2170 1764 2243 Becker, Leipzig) ist das Buch Klara Viebigs:
1772 2180 2775 2243 leeren Routine“ des Berufs entspricht bei der
801 2222 1765 2280 „Die mit den tausend Kindern“
158 2219 802 2279 nden gordischen Knoten dadurch
1771 2222 2781 2275 Studentin die Trockenheit des wissenschaftlichen
156 2271 2766 2321 die kleine Stenotypistin zu ei= (Deutsche Verlagsanstalt, Stuttgart). Klar und Lernstoffes und die Schwunglosigkeit des gan¬
137 2293 1774 2362 häftsfrau werden und gleichzei=scharf sieht die Verfasserin das Doppelgesicht des
1776 2318 2763 2370 zen Universitätsbetriebs. Was den erotischen
142 2342 805 2424 iebe wiederfinden und heiraten
792 2354 1776 2410 Junggesellinnendaseins, warmherzig, lebendig
1773 2354 2773 2423 Konflikt betrifft, so erhält er seine besondere
777 2376 1787 2442 und interessierend weiß sie es zu gestalten. Wenn
1774 2399 2773 2446 Nüance durch eine gewisse Weltfremdheit der
792 2433 2769 2507 dem Roman trotzdem die letzte Vollendung fehlt, Studentin, eine theoretische Voreingenommen¬
154 2423 791 2505 von Romain Rolands
792 2480 2775 2536 so ist es weil er einer Gefahr nicht ganz ent= heit gegen das wirkliche Leben. Eine Aus¬
141 2477 788 2551 te Seele“ (I. Band 1922,
155 2532 1779 2584 Wolff, Leipzig, 1924) ab, weil gangen ist, die typisch für diese Art Noman zu
1758 2529 2777 2591 nahme=Studentin ist demnach die stud. chem.
133 2566 1770 2625 lin nicht als Typ, sondern als sein scheint. Der Wunsch nach eindringlicher Ge¬
1761 2555 2764 2634 Helene Willfüer“ der Vicki Baum,
134 2623 2763 2675 erfall darstellt, so ist der Jung=staltung des Seelenlebens der Heldin hat un= die als lebenstrotzendes Geschöpf ihren blassen
792 2649 1779 2715 merklich den Horizont des Romans verschoben,
1761 2658 2760 2725 Schwestern gegenübergestellt wird. Sie versteht
142 2649 812 2714 kerst in den letzten beiden Jah¬
137 2687 1777 2762 de gekommen; heute aber liegt und schließlich steht man unter dem Eindruck,
1771 2705 2758 2766 es, trockene, rein sachliche Arbeit mit Begeiste¬
134 2744 2760 2812 dezu in der Luft. Den Reigen daß die Verfasserin nicht mehr mit ihren eige=rung zu tun, und ihr Liebeserlebnis wird nicht
191 2781 2765 2853 rSchnitzle mit der aue nen weitschauenden Augen sieht, sondern nur durch theoretische Hemmungen zersetzt. Was sie
135 2824 2761 2899 ndrucksstarken Lesenschronik der noch mit denen der gewiß sympathischen, aber durchzumachen hat, ist ein durch äußere Fakto¬
151 2897 2761 2939 erese“ (Fischer, Berlin). Die doch ein wenig engstirnigen und kleinbürgerli=Iren bedingtes Schicksal, das vielleicht bis an die
147 2910 1490 2981 Kargheit des Buches würde ihmschen Berliner Volksschullehrerin.
1744 2909 2757 2984 Nerven, nicht aber bis an die gerade in ihrer
829 2968 2772 3024 Noch stärker beeinträchtigt wird durch diese Unkompliziertheit starke und unzerstörbare Seele
141 2967 801 3034 ne farbigere und-gelöstere Dar¬
153 3014 1894 3086 ium das Zwingende gehabt wie Verengung des Horizonts das Buch Gertrudjgeht.
