3436 4256
302 216 532 319 35
529 208 866 286 Therese
1015 207 1377 305 box 6/2
527 265 853 323 #  en en an
1352 927 1625 1015 No. ssssed
898 1044 1586 1173 6i Iniemational de la Presse S. A.
861 1142 1426 1237 Rue du Rhöne - GENEVE
841 1174 1610 1285 Conpüres-Geneve — Tel. Stand 40.05
776 1270 1596 1374 4 International de coupures de journaux.
747 1334 1521 1431 Traductions de et en toutes langucs.
659 1435 1610 1556 Correspondants dans toutes les grandes villes.
840 1577 1748 1715 Hamburger Nachrichten
854 1667 1796 1804 Awschalt au der Ranmer von Z. Uisl 1928
1136 1763 1871 1954 Schnitzler¬
919 1948 1904 2025 Arthur Schnitzler: Therese Chronik
860 2019 1627 2081 eines Frauenlebens. Verlag
1737 2018 1892 2085 ischer,
864 2046 1066 2111 Berlin.
782 2111 1894 2202 Hier herrscht kein Zwielicht, hier klingt es nicht von
701 2184 1897 2248 melancholischen Untertönen noch von ironischen Humoren.
697 2225 1888 2294 Noch nie war Schnitzler so unschnitzlerisch wie in diesem Buch.
700 2270 1890 2341 Was sonst den besondern Reiz seiner Kunst auszumachen
698 2326 1892 2389 pflegt: die Grazie, die auch die subtilsten Dinge noch umflog,
693 2359 1885 2426 die Verhaltenheit, das Fluidum heißer Leidenschaftstöne, da¬
705 2404 1483 2467 von findet man nichts in diesem Buch.
782 2461 1898 2524 Schnitzler gibt hier die „Chronik“ eines Frauenlebens:
707 2503 1885 2572 nüchtern, sachlich, ohne viel Sentiments. So erzählt er fast
706 2553 1900 2610 eintönig vom Leben Thereses, wie es freudlos und alltäglich
704 2586 973 2654 dahinrauscht
1052 2599 1891 2654 ein rechtes Gouvernantenleben, mit der
694 2644 1898 2698 Tragik ewig ungestillten Liebesbegehrens. Therese ist die
688 2674 1895 2744 Tochter eines pensionierten österreichischen Oberstleutnants,
698 2733 1878 2780 der im Irrenhause stirbt, und einer aus kroatischem Adels¬
700 2780 1882 2835 geschlecht stammenden, zwischen Exaltiertheit und Passivität
702 2818 1887 2878 schwankenden Mutter, die schließlich als Fabrikantin von Fa¬
687 2856 1892 2913 milienblattromanen ihre Befriedigung findet. Ihr einziger
697 2910 1886 2962 Bruder verliert sich ganz in eigensinnig dogmatische Partei¬
687 2962 1889 3015 kämpfe. Sie selbst flüchtet nach einem frühen, mit mehr Neu¬
698 3002 1879 3065 gier als Liebe ausgekosteten Verhältnis mit einem jungen
695 3046 1890 3102 Offizier aus der freudlosen Familienenge in Salzburg in
699 3087 1886 3153 die vermeintliche Freiheit: in ein Gouvernantenleben in Wien.
784 3137 1890 3202 Nun geht es von Haus zu Haus, von Familie zu
684 3187 1880 3243 Familie. Nichts enthält uns der Chroniker vor. Auch das
694 3224 1893 3292 unscheinbarste Pöstchen fehlt nicht in diesem Mosaik. Wir
696 3258 1888 3328 folgen ihm in Bankiershäuser und in armselige Beamten¬
690 3314 1877 3380 wohnungen. Fast hundertfach entrollt er — und mit welcher
685 3363 1877 3433 Meisterschaft! — die kleinen Skizzen menschlicher Zustände,
696 3406 1876 3464 schildert er Familienverhältnisse des Alltags mit unentrinn¬
682 3432 1886 3501 barer Ode und Zerfahrenheit, die unter dem Deckmantel
689 3497 1885 3562 banalen Glücks trostlos dahinvegetieren. Und mitten hindurch
680 3541 1877 3591 wandelt Therese ihr sonnenloses Frauenleben. Dann und
689 3585 1880 3648 wann treibt sie ihr dumpfer Trieb irgend einem Mann in
691 3630 1882 3698 die Arme. Immer sind es schale Minuten, dem Glück ab¬
683 3667 1911 3747 gerungen. Nie ist es ein tiefes Gefühl, in dem sie Anker
2553 1827 2644 1893 7
1924 1850 2573 1960 „Cherese
1916 1963 3104 2032 fassen könnte. Von einem der Geliebten, dem sie wie allen
1923 2033 3104 2092 blindlings folgte, ohne seine obskure Existenz zu erkennen,
1922 2082 3107 2129 von diesem empfing sie ein Kind. Vergeblich hat sie sich da¬
1918 2127 3104 2182 gegen gewehrt, vergeblich des Vaters Spuren gesucht. In
1913 2169 3116 2227 trüber Dumpfheit gebiert sie das Kind, und ihr erster Wunsch
1909 2211 3108 2255 ist, das Kind möge unter ihren Händen sterben. Aber der
1919 2260 3108 2309 Knabe wird groß draußen auf dem Lande bei Bauersleuten,
1907 2304 3107 2345 und sie selbst zieht wieder weiter ihre einsame Lebensbahn
1916 2349 3099 2401 durch fremde Häuser, als Behüterin fremder Kinder, und nur
1912 2394 3094 2448 an ihren seltenen Ausgehtagen erlebt sie zweifelnd und sor¬
1912 2440 2994 2493 gend ihr Mutterglück bei dem Knaben auf dem Lande.
1986 2487 3091 2545 Bis es sich erweist, daß dem Knaben eine verhängnis¬
1902 2524 3099 2585 volle Erbschaft von Vaters Seite her innewohnt. Er wird ein
1901 2571 3092 2627 Tunichtgut, lügt und stiehlt, gerät auf die Straße, in die
1906 2617 3098 2667 Gefängnisse. Mutter Therese erträgt all das in verbissener
1912 2651 3103 2725 Stummheit. Ihre kärglichen Versuche, irgendwo in einem
1901 2705 3101 2774 kleinen Glückshafen zu landen, zerschellen alle, teils an
1903 2741 3106 2789 äußeren Umständen, teils an ihrem inneren Trotz, und ihren
1909 2792 3095 2843 eigenen Hemmungen. Langsam stirbt sie ihr sinnloses Leben
1906 2842 3097 2903 weiter. Ein Leben, dem jede Perspektive, jeglicher Sinn fehlt.
1906 2877 3089 2940 Und sie stirbt es wirklich zu Ende — fast an den Händen
1897 2930 3091 2984 ihres Sohnes, der sie bei einem Raubversuch tödlich verletzt.
1905 2980 3105 3018 So realistisch eindringlich und wahrhaftig überzeugend wie
1905 3012 3091 3068 ihr Leben ist freilich ihr Sterben nicht. Sie stirbt literarisch.
1905 3060 3096 3115 Mit einer dichterischen Geste: um den Jungen vor der Strafe
1901 3103 3088 3173 zu befreien, zitiert sie ihren eigenen Mordwunsch in der
1897 3152 3085 3208 Stunde seiner Geburt, der alle bösen Keime in ihn hinein¬
1897 3193 2170 3258 gelegt habe.
1982 3214 3093 3309 Grau, in tiefstem Grau ist hier ein Frauenleben nieder¬
1902 3285 3087 3356 gelegt, das, wenn es auch in seinem fast banalen Ablauf kaum
1900 3332 3091 3400 irgendwie über das Alltägliche hinausragt, uns dennoch er¬
1897 3378 3093 3446 schüttert. Es ist die aus der subtilsten Beobachtung seelischer
1895 3422 3091 3489 Vorgänge und Zusammenhänge erwachsene Darstellung eines
1906 3459 3085 3538 Frauen=, eines Menschenlebens, dessen Sinnlosigkeit in den
1892 3511 3083 3578 tiefsten Unerforschlichkeiten der Natur begründet liegt. Wie¬
1898 3552 3083 3617 viele solcher Existenzen, die dumpf in sich selber gefangen sind,
1893 3597 3096 3672 ohne Auftrieb, ohne Zielrichtung, — wieviel Theresen treiber
1895 3644 2992 3717 wohl in der Flut des Tagaus, Tagein an uns vorüber?
2652 3696 3050 3778 Otto Schabbel.
2660 3739 2827 3809 A
