3436 4256
484 151 833 223 Therese
270 145 837 266 35. Jud. u
959 151 1357 245 box 6/2
1521 880 2096 985 Tnende
1456 988 2109 1081 Chronik eines Frauenlebens
1719 1072 1853 1152 Von
1513 1143 2062 1239 Arthur Schnitzler
933 1220 2643 1304 (Sochnitzler! Der Name versetzt uns weit zurück in die Vorkriegszeit. Nach Wien, wie Oskar Walzel
926 1298 2643 1348 sagt, „in die Stadt der Stimmungsmenschen und Raunzer, der überzähligen Hofräte und der süßen
943 1331 2642 1391 Mädel, des Walzers und des Heurigen“ und gern blickt man zurück, besinnt sich und erzählt, was
937 1366 2647 1429 Schnitzler einem persönlich bedeutete. Das war um die Jahrhundertwende. Mkan geriet in den
950 1415 2640 1476 „Anatol“ und man las den „Leutnant Gustl, die Monologerzählung, amüsierte sich köstlich und genoß
935 1441 2638 1497 mit allen Nerven die Atmosphäre leichtsinniger Melancholie, charmanten Geplanders und verständ¬
944 1485 2638 1550 nisvoller Menschlichkeit: Man erlebte die „Liebelei“ (stärkster Erfolg im Burgtheater 1895), Frauen
937 1538 2629 1590 vergoßen Tränenströme, Männer schlugen zerknirscht aus Herz, man gruselte und behagte sich atem¬
930 1575 2633 1627 los beim damals, ach, so fernen Revolutionsgeplänkel des „grünen Kakadu“, man verschlang heim¬
932 1606 2642 1656 lich den „Reigen". Man las und vernahm unbekehrt die gräßlichen Flüche und Verwünschungen,
945 1640 2652 1710 die sich von sittenrichtender Seite über das Haupt des Dichters ergossen. In Schnitzlers produktioster
935 1691 2642 1746 Zeit, da Novellen, Romane und Bühnenwerke in rascher Folge einander verdrängten, da die Gesamt¬
938 1736 2641 1779 ausgabe um 1006 bereits sieben Bände umfaßte, ward manches Werk übersehen oder verpaßt; aber
942 1760 2640 1812 siets blieb man der Erscheimung und dem Werk des Dichters gegenüber sensibel, interessiert, gespannt,
941 1814 2646 1862 man gontierte außerordentlich, besonders vor dem Schlafengehen, die kurze intensive Novelette, ein
930 1860 2645 1905 damals in Deutschland selten ausgeübtes Geure, man lieh sich die Romane, bemühte sich um die Pre¬
941 1881 2647 1923 mieren. — Was Schnitzler uns gab, was ihn uns wertvoll machte, war mehr als schriftstellerische
931 1930 2643 1979 Qualität, mehr als ästhetischer Genuß und Lust am geschliffenen Dialog, an Ironie und Gescheitheit,
946 1973 2645 2024 am Wissen um Weibes Art, an gedämpft gewagtem Farbenspiel: mehr als psychologisches und
947 2010 2643 2079 psochoanalytisches Interesse an Entrollung und Deutung verworrener Gefühle, schwieriger Geeien¬
935 2047 2636 2105 geschichte und Eheprobleme, wie es geschieht im „Zwischenspiel“ im „Einsamen Weg“, in „Frau
943 2088 2633 2142 Prate und ihr Sohn": er gab uns mehr als das Erlebnis wirklich poetischer Augenblicke. Man lese
953 2125 2631 2168 z. B. die Stelle in „Casanovas Heimfahrt", da Casanova und seine Begleiterinnen das Nonnen¬
929 2164 2639 2216 kloster verlassen wollen, da es vom Gitter her erklang wie eine Frauenstimme: „Casanova“ — nichts
942 2195 2632 2258 als der Name, doch mit einem Ausdruck, wie ihn Casanova noch niemals gehört zu haben ver¬
946 2252 2640 2299 meinte. — Rehr als das gab uns Schnitzler, nämlich sein tiefes sachliches Verstehen, sein Wissen um
942 2288 2643 2340 den Menschen, um Menschliches überhaupt und um den Zustand einer Generation, besonders um die
945 2320 2646 2363 Generation aus den achtziger Jahren, die, wie Jakob Wassermann sagt, es schwer hatte, weil sie die
936 2361 2646 2411 Fragwürdigkeit, Brüchigkeit, Götzenhaftigkeit der ihr überlieferten sogenannten heiligsten Güter bereits
942 2395 2647 2451 zu spüren begann und darob der Verzweifiung nahe war. Und die Wut der Jungen auf den ganzen
934 2434 2648 2486 Schwindel, ihr Ressentiment, ihre Verwirrung, Scham und Skepsis, ihren Kampf gegen das Her¬
935 2483 2647 2536 kömmliche, ihr Suchen nach neuen Möglichkeiten und Gestaltungen des Lebens und der menschlichen Be¬
945 2523 2643 2577 ziehungen, die hat Schnitzler begrifsen, er hat dies alles miterlebt und dargestellt. — Es kam der
939 2557 2638 2616 Krieg, und Schnitzler verstmnnte, der bewegliche und gescheite Mensch verurteilte sich zum Schweigen.
939 2601 2647 2659 Nach igis erschienen einzelne Rovellen („Spiel im MNorgengrauen“, „Traumovelie“, „Fräulein
943 2633 2644 2675 Else") und r92ß der Roman „Therese“, die Chronik eines Frauenlebens. In der Nachkriegsdichtung
931 2666 2643 2733 vermeidet es Schnitzler geflissemlich, die politischen Geschehnisse irgendwie zu berühren, gleich als
937 2721 2640 2762 ginge dies seine Kunst gar nichts an, als würde ihr Lebendiges durch den Zeitwandel überhaupt nicht
931 2750 2635 2811 berührt. Konzessionslos bis in die Kostümfrage hält Schnitzler diesen Stil durch: Therese und Fräu¬
940 2802 2627 2854 lein Else tragen bestinnnt lange Röcke, Theresens erster Geliebter ist ein Leutnant, ja, ein „Zwockel“,
935 2835 2647 2875 die Rovelle „Spiel im Morgengrauen“ versetzt uns in Offizierskreise. Aber in einem wesentlichen
938 2868 2634 2929 Dunkte ist Schnitzler aktuell: in der Haltung zum Menschen und in seinem Widerspruch, in der Auf¬
948 2922 2655 2967 fassung, daß gerade die gegensätzlichen, scheinbar feindlichen Elemente in der Menschenbrust das eigent¬
941 2955 2642 3005 lich Lebendige, auf jeden Fall zu Bejahende sind, in dem Bemühen, das Spiel und den Ablauf der
945 2992 2637 3049 Gegensätze, „den schwankenden Charakter der Gefühle“ wie Thomas Mann es nennt, sachlich, un¬
942 3036 2640 3088 pathetisch, ohne ethische Tendenz, ohne Werturteile darzustellen. Aktuelle Betrachtungsweise mensch¬
941 3075 2647 3118 lichen Begebens auf der Bühne von gestern ist die Voraussetzung des neuen Romans „Therese“.
969 3142 1787 3230 Urme Therese! Kaum sechzehn Jahre alt,
1796 3145 2700 3237 gebens, sich durch die Naturschönheiten Salz¬
884 3218 1779 3284 Kund schon hängt dein Frühlingshimmel
1790 3216 2694 3286 burgs über die jüngst erfolgte Pensionierung
882 3270 1783 3331 voll unheildrohender Wolken! Noch scheint die
1802 3261 2694 3337 trösten zu lassen; sein Ressentiment wuchert über
887 3320 1779 3390 Sonne, aber gleich stürrit und schneit und ha¬
1802 3320 2699 3396 ihn hinaus, entarket in Größenwahnsinn, er
880 3375 1781 3444 gelt es in die Blüten. Die Familienverhältnisse
1792 3375 2700 3443 kommt ins Irrenhaus und stirbt. Die MTama,
886 3435 1792 3501 sind gräßlich, du weißt es selbst! Der Vater,
1807 3425 2699 3499 eine österreichische Baronesse, gänzlich lebens¬
890 3488 2720 3568 Herr Oberstleutnant von Fabiani, versucht ver= unfähig, wirr und zerfahren, verloren ins Lesen
