3436 4256
291 138 797 226 35. Theres
516 139 1367 265 „ Se box 6/2
716 1689 949 1740 —
1129 1696 1624 1755 —
576 1730 1610 1789 TIVkOIIVNAdExI En assins #9nn!
827 1789 1395 1839 Di: LA PRESSE S. 4.
716 1822 1501 1895 23, rue du Rhöne- GENEVE
579 1868 1630 1952 IAdr. telegr.: Coupure-Genève — Tél. Sland 40.051
575 1964 1632 2019 (Bureau International de coupures de journauxi
733 2019 1478 2069 Traductions de et en loutes langue
1201 2060 1429 2116 ——
621 2129 1602 2202 Correspondants dans loules des grandes villes
1318 2186 1613 2238 WM
893 2200 1108 2256 G
642 2196 805 2258 KILT
666 2225 1482 2341 Vossische Zeitung, Berlin
841 2302 1295 2391 Morgen=Ausgabe
648 2377 1290 2458 Ausschnitt aus der Nummer vom:
1230 2372 1514 2469 aon. 19287
1085 2617 1314 2693 Ze
635 2799 1572 2872 Taxe d’inscript. 1.50 — Tarif 0.40 p. coupure
584 2845 1017 2915 Tarif reduit, paye¬
1025 2852 1582 2917 par 100 coupures Fr. 30.—
583 2897 1021 2957 ment d’avance sals
1109 2897 1225 2949 250
1460 2895 1624 2951 67.50
1105 2930 1223 2985 500
583 2935 1010 2997 période de temps
1438 2931 1600 2985 130.—
578 2966 773 3040 limitée.
1087 2967 1309 3043 1000
1444 2976 1584 3033 250.—
584 3017 1619 3108 On traile à forfait, au mois, an trimestre, à Tannée
2103 810 2657 886 Soh a 3
2715 910 2959 991 1928
1756 930 2441 1020 nt. " 29. April
2558 971 2619 1063 —
1780 1107 3002 1241 (Arthur Schnitzlers „Therese
1860 1215 3027 1298 Diese „Chronik eines Frauenlebens“ (erschienen bei S. Fischer,
1825 1298 3033 1342 Berlin), ist eines der stärzsten Bücher Arthur Schnitzlers. Die
1833 1319 3038 1388 große Einfachheit in Aufbe# und Führung, die scheinbare Kunst¬
1826 1376 3033 1429 losigkeit der Erzählung köhnen dazüber nicht täuschen, daß hier
1836 1423 3031 1479 ein Meister Menschenschicksale steht und darstellt — es gibt
1827 1470 3024 1510 eine Meisterschaft des Sehens, sie ist fast seltener noch als die
1829 1512 3027 1554 Meisterschaft der Darstellung, sie verlangt Sachlichkeit, Charakter,
1827 1541 3035 1600 Wahrheitsliebe: dieser Dichter besitzt sie — darstellt als neutraler
1825 1592 3035 1645 Berichterstatter, der nichts dazutut, nichts unterdrückt um irgend¬
1831 1643 3030 1686 einer „künstlerischen“ Gruppierung und Wirkung willen, der aber
1840 1672 3038 1726 bei äußerster Knappheit der Mittel noch Gestalten scharf zu um¬
1838 1715 3033 1777 reißen, fest auf beide Füße zu stellen weiß. Da ist eine lapidar¬
1839 1778 3037 1818 Daseinskonstatierung, ein Mensch steht da, sonst nichts, ohne
1845 1807 3034 1862 Heben der Stimme, ohne unterstreichende Gestikulation ist seine
1844 1858 3037 1908 Existenz gegeben, und das bloße Dasein wird Anklage gegen eine
1838 1897 3040 1944 ungreifbare irdische oder göttliche Instanz, um so eindringlicher,
1833 1948 3037 1991 als sie gänzlich unpathetisch, ohne den Schatten einer Tendenz ist.
1865 1984 3036 2037 Es ist das Leben einer Frau, die, ein Mensch, wie tausend andere,
1829 2036 3030 2090 zu schwach, das Leben durchzukämpfen, nicht schwach genug, sich
1839 2079 3028 2127 fallen zu lassen, in einem ganz unglückseligen Zwischenstadium
1841 2121 3034 2172 steckenbleibt, wie sie die moderne soziale Ordnung für die vielen
1840 2170 3041 2210 Menschen ihres Schlages bereit hält. Erzieherin, halbe Sklavin,
1846 2199 3039 2262 die einem bestimmten Lebenskreis nur scheinbar zugehört und
1839 2253 3044 2300 um so stärker empfinden muß, wie sie nirgends zugehört.
1842 2283 3030 2348 Ihre Geschichte wird die Geschichte von der Heimatlosigkeit, der
1846 2345 3036 2386 trostlosen Einsamkeit des Menschen werden, der Fluch der Ein¬
1838 2368 3032 2427 samkeit, selbstverschuldet wie auferlegt, wird über ihrem Schick¬
1840 2413 3035 2471 sal stehen. Hier gibt es kein Entrinnen, es ist immer die gleiche
1841 2469 3043 2519 Enttäuschung, ja das Vorauswissen der gleichen Enttäuschung in
1841 2493 3032 2554 allen menschlichen Beziehungen, Beziehungen zu Zöglingen, Liebes¬
1849 2539 3042 2603 beziehungen — überall die gleiche Ferne am Grunde der schein¬
1846 2597 3039 2643 baren Annäherung, zu tiefster Fremdheit, ja Feindseligkeit ge¬
1844 2625 3045 2692 steigert in dem entscheidenden Verhältnis ihres Lebens, dem
1849 2680 2358 2731 Verhältnis zu ihrem Sohn.
1870 2705 3042 2768 Provinzielle Enge, zweifelhafte Atmosphäre hat sie früh zur
1845 2764 3032 2815 Flucht aus dem Elternhaus gezwungen. Der Vater wahnsinnig,
1834 2825 3043 2859 die Mutter halb Kupplerin, halb Schundliteratin, der tückische
1842 2843 3043 2898 Bruder, der öde Jugendfreund, das erste Verhältnis mit dem
1840 2888 3030 2944 Offizier — wie typisch diese ganze Kläglichkeit ist, und doch wie
1828 2928 3040 2986 unschematisch, weil alles lebendig, weil es wahr ist. In der Groß¬
1838 2978 3036 3035 stadt ist bald eine „gute“ Stellung gefunden, hier wird ihr zum
1833 3029 3043 3075 erstenmal ihre Beziehungslosigkeit zu aller Umwelt bewußt. Ge¬
1839 3059 3036 3111 fühl der Einsamkeit treibt sie in die Arme des lächerlich=phan¬
1832 3119 3040 3157 tastischen, schwindelhaften und zugleich rührenden Menschen, der
1843 3156 3043 3205 der Vater ihrer Kinder wird. Die Geburt des Kindes wird ein
1845 3190 3043 3250 Höhe= und Angelpunkt der Erzählung: die elementare Auflehnung
1823 3232 3035 3308 soder gepeinigten Kreatur gegen das ungewollte Leben, der Todes¬
1845 3276 3044 3333 wunsch gegen das Kind, in dem sie vielleicht dunkel den zukünfti¬
1836 3320 3038 3380 gen Feind schon ahnt — ein entscheidender Liebesentschluß hätte
1839 3366 3031 3419 ihr vielleicht in ihm den zukünftigen Freund geschaffen. — Nun
1842 3405 3039 3474 folgt eine Zeit des Irrens von Familie zu Familie, jede ist
1844 3450 3042 3500 mit wenigen Strichen angedeutet, charakterisiert, überall ein an¬
1835 3508 3033 3558 deres Elend, überall das gleiche Elend — eine Zeit des Irrens
1835 3545 3024 3602 von Liebesbeziehung zu Liebesbeziehung, eine ärmer als die
1849 3579 3044 3651 andere, während das Kind am Lande in Pflege ist. Das anfangs
1852 3625 3036 3685 gute Verhältnis von Mutter und Sohn beginnt bald sich zu ver¬
1853 3683 3037 3726 dunkeln, das Kind entwickelt üble, fast verbrecherische Anlagen,
1850 3714 3036 3769 es wird vom Land in die Stadt, von einem Haus ins andere ge¬
1839 3750 3041 3822 bracht, schließlich nimmt die Mutter, ihre Lebensverhältnisse um¬
1850 3794 3035 3857 stellend, den Sohn ganz zu sich. Es ist umsonst; ohnmächtig, durch
1834 3848 3045 3908 Einfluß oder Gewalt die Entwicklung zu hemmen, muß sie einen
