3296 4256
435 86 1241 140 #nonvelles, deffrage la chronique des hor
430 128 895 191 bourgcois de Nevers.
501 157 1298 241 A Paris, on vit le romancier, Edith
430 219 1292 273 inene une existence ingnense et sans sol-
428 273 1291 325 cis; mais cependant elle doit s’avoner
429 313 1290 366 qu'elle n’est pas parkaitement heurense;
439 349 1302 422 c’est qu’eile a eté transplantée brusque¬
423 401 1292 453 ement et sans transition dans un milien
425 445 1294 501 tres différent de ccl: dans lequel elle a
434 490 1297 547 passé sa jennesse e anquel elle n’est pas
422 538 1296 593 tarrivée à S’adapter entierement, en vertu
424 574 1290 635 d’un atavisme inst montable. La tran¬
433 619 1288 671 quille vie de Nevers ini manque Autant
417 649 1281 736 que la presence de sa mere; aussi des
423 705 1291 766 que la jenne femme sera réconcilice nvec
432 742 1292 807 sa mère, elle répondra comme jadis (Qul.
419 806 1296 852 Unamans a tous les conseils que Mmne
424 832 934 909 Dambue Jui prodiguera.
496 878 1286 954 Ce livre éclaire d’un jour un pen spe¬
430 935 1282 995 cial l’äme si complexe des jennes filles
417 987 1289 1052 provinciales. Un style léger, badin et
418 1021 1288 1105 soupie rend la leciure de ce livre plus
430 1073 824 1139 attrayante encore.
467 1157 1197 1287 · THERESE
476 1258 1250 1349 chrovigie Gune vie de somme
531 1334 1179 1413 roman par Arthur Schnitzler,
468 1405 1234 1467 traduit de Fallemand  Clauser
590 1454 1114 1523 (Albin Michel, editeur)
473 1496 1296 1565 Ce roman du célebre écrivain viennois
418 1522 1286 1618 mals decrit In vie dramatique d’une jenne
423 1602 1278 1657 fille antrichienne, qut moralement aban¬
426 1636 1279 1697 dennée des sa première jennesse finira
413 1687 1284 1754 par déchoir de plus en plus; d’un de ses
429 1731 1289 1790 innombrables amants eile a eu un enfant
429 1780 1285 1835 qni deviendra un malfaiteur et au moment
424 1818 1280 1881 ou Thérese, Phérofne du roman, croit en¬
417 1859 1281 1916 Iin pouvoir reprendre une vie normale et
414 1903 1293 1966 reglée, ie Destin s’oppose à elle, car ce¬
418 1948 1268 2002 in qu'elle devait épouser meurt subite¬
419 1994 1277 2043 ment; quelques temps après elle meurt
421 2040 1047 2109 aussi, assassince par son fils.
476 2087 1278 2160 Edifié sur des bases solides, ce ro¬
417 2135 1276 2198 man est une peinture pittoresque des
406 2182 1282 2245 mocurs viennoises, vnes par un des mai¬
418 2222 1277 2299 tres de la littérature allemande contem¬
420 2272 613 2343 poraine.
630 2380 1052 2459 COLOVINE
583 2446 1106 2523 par Jacob Wassermann
431 2505 1251 2572 traduit de Pallemand par H. Chandoi
656 2557 1037 2642 (Librairie Stock)
485 2615 1269 2687 Voici un nouveau livre de l’écrivain
408 2677 1272 2737 antrichien J. Wassermann dont le public
415 2721 1276 2786 français a déja apprécié l'Affaire Mau¬
408 2758 581 2819 ritzius.
481 2807 1265 2876 C’est le roman d’une dame russe, Ma¬
417 2858 1276 2922 ria Jacovlena au moment de la Révolu¬
415 2906 1280 2948 tion. Cette temme dont tout le monde ad¬
416 2953 1280 3005 mire Ia beauté morale cherche à rejoindre
408 2993 1283 3048 à letranger, accompagnée de ses quatre
415 3037 1280 3098 enfants, un man qu’elle aime profondé¬
409 3085 1277 3147 ment. Ala frontière les fugitifs sont arré¬
412 3119 1287 3188 tes par Golovine, un matelot promn di#
410 3176 1281 3234 tateur. Entre ce dernier et Maria Jacov¬
407 3212 1262 3272 iena s’engage une lutte terrible, dont Ma¬
405 3264 1286 3318 ria sortira physiquement indemne mais
401 3298 886 3357 moralement andantie.
479 3342 1278 3421 Lorsque le lecteur arrive à la fin du
405 3407 1270 3475 roman, il voit se dresser devant lui l'’an¬
406 3455 1269 3509 goissant probleme qui de tous temps a
404 3491 1282 3560 hanté P’esprit des hommes: ie problème
406 3538 875 3612 de la valeur de la vie.
412 3592 1289 3671 ##naummmmmmonummmnminge
466 3662 1258 3738 Es ist unedlich mehr wert die Hochach¬
413 3718 1270 3782 tung der Menschen zu besitzen, als deren
400 3756 702 3826 Bewunderung.
682 3799 1215 3878 Jean-Jacques ROUSSEAU.
2671 135 2978 221 box 6/2
2162 130 2488 209 Therese
1933 140 2472 242 35. 1
2023 512 2898 596 CASINOS IN ÖSTERREICH
2131 587 2811 648 Baden SalzburgSemmering
2031 635 2887 676 Roulette — Baccara — Chemin de fer
2023 698 2898 758 Österreichische Casino A. G.
2022 747 2888 805 Wien III, Schwarzenbergplatz 5a
2028 861 2532 939 JOBSERVER“
2309 934 2884 979 österr. behördlich konzessioniertes
2259 967 2895 1013 Unternehmen für Zeitungs-Ausschnitte
2268 1012 2890 1047 WienI, Wollzeile 11, Telephon R-23-0-43
2349 1120 2646 1237 BRATIS
2010 1164 2378 1239 Ausschnitt aus
2222 1222 2757 1317 Prager Presse. Prac
2024 1386 2171 1446 Vom:
2250 1421 2527 1519 2400
2020 1522 2913 1603 X Der Erzähler Max Brod erweist in seinen
1993 1591 2915 1648 „Novellen aus Böhmen“ und in dem Roman
1990 1637 2912 1698 „Annerl“ (beide im Verlag Allert de Lange,
1996 1683 2914 1741 Amsterdam) die gleichmäßzige Meisterung
1992 1727 2911 1788 durchaus verschiedener epischer Gestaltungs¬
1989 1774 2918 1816 methoden, die jeweils dem darzustellenden Ge¬
1994 1816 2923 1854 schehen angepaßt erscheinen. Aus dem Novel¬
1988 1857 2924 1899 lenbuch ragt „Menschliche Gemeinschaft“,
1996 1905 2912 1958 die „Geschichte einer kleinen Seele“ herver,
1999 1944 2916 2001 eine Prager Vorkriegsnovelle, zur Zeit der
1994 1987 2901 2046 Flaubert-Studien Brods entstanden, ganz ein¬
1993 2030 2897 2076 fach erzählt, im übertragenen Sinne an Flau¬
1992 2073 2918 2131 berts „Coeur simple“, aber auch an Gogols
1986 2120 2918 2174 Beamtennovellen gemahnend und durchaus
1984 2150 2914 2216 das Niveau einer an keinen Zeitzusammenhang
1988 2207 2922 2254 gebundenen epischen Prosa wahrend. Von der
1985 2248 2922 2311 im Theatermilieu verhafteten Novelle „Be¬
1997 2295 2909 2348 schneite Spinnweben“ führen Fäden zu dem
1979 2321 2903 2386 Roman „Annerl“, allerdings zu dessen zwei¬
1996 2375 2916 2439 tem, nervöser stilisiertem Teil. Der erste, die
1978 2422 2911 2476 abgekürzte Chronik eines Frauenlebens (man
1978 2466 2910 2538 denkt an Schnitslers „Therese“), weist ein
1990 2510 2902 2558 geradezu filmisch rasantes Erzählertempo
1978 2548 2902 2605 auf, der weit umfangreichere zweite bringt
1987 2603 2901 2654 mit der Einführung des medisierenden männ¬
1975 2622 2907 2696 lichen Gegenspielers Annerls eine entscheiden¬
1984 2678 2902 2733 de Wendung auch des Stils mit sich. Annerl
1978 2723 2913 2784 ist die beharrlich unverstandene, von ihreni
1987 2762 2904 2826 Partner unverstandene Frau, ein Elementar¬
1988 2810 2915 2849 wesen, das eigentlich keines ist, sondern ein
1988 2847 2903 2908 auf die „abschüssige Bahn“ geworfenes schö¬
1988 2902 2914 2940 nes Erzgebirgsmädchen, das einem alternden
1991 2940 2922 3018 Wiener Anatol zunächst zur- „Liebenzweiten.
1985 2980 2898 3051 Ranges, dann beinahe zum Schicksal wird.
1984 3025 2902 3091 Max Brod bevorzugt diese Art Männer, die,
1982 3087 2904 3130 weil sie mit einer Leidenschaft nicht fertig
1992 3112 2904 3173 werden können, in eine andere hinüberwech¬
1990 3161 2890 3214 seln und auch sie, in Gedankenmonologen und
1984 3202 2893 3264 Beratungen mit andern Männern, durch „Klä¬
1982 3249 2887 3294 ren“ zerdenken und zerreden. Es sind gleich¬
1984 3289 2894 3349 sam im Bürgerlichen verhaftete Künstlerna¬
1980 3334 2899 3392 turen, die nach einer einem Teil ihres Wesens
1993 3366 2900 3439 ungemäßen Symbiose lechzen und dem Ganz¬
1977 3408 2893 3472 heitsverlangen der Partnerin naturgemäßz
1973 3466 2890 3523 nicht zu genügen vermögen. Was sie als erlö¬
1980 3514 2894 3559 sende Tat in Szene setzen, endet, wenigstens
1978 3561 2905 3626 hier, mit einer beiderseitigen Selbstbefreiung.
1980 3593 2891 3643 Dem Rätsel dieses sich jeglicher Gesetzmäßig¬
1982 3633 2892 3697 keit entziehenden Wechselspiels spürt Max
1982 3687 2924 3731 Brod auch diesmal mit denkerischer und ge¬
1961 3712 2619 3796 staltender Energie nach. (o. p.)
