3296 4256
524 134 847 204 Therese
300 135 861 239 39. 1
1008 129 1381 209 box 6/2
1718 441 1985 524 9, 1929
1676 540 1825 595 ent in
1687 583 1832 627 1 buck
1920 568 2666 663 TW·0 GERMAN NOVELS
1681 612 1825 663 berty.
1685 646 1818 709 lling.
1847 699 2713 748 Thenesa: Tur Cnnosenn or A Woaax’s
1723 712 1831 784 and
1903 746 2723 813 ## Dtonstable.
1913 782 2159 832 78. 6d. net.)
1699 797 1828 860 glish
1855 819 2711 893 STEPrENWOLF. By Henzars Hesst. Trans¬
1742 868 1801 920 1111
1916 875 2720 939 lated by Basn. Cancros. (Secker.
1760 913 1803 957 01
1913 911 2165 975 78. 6d. net.)
1699 952 1807 1003 re¬
1848 952 2723 1010 TFone wantedto give a mame to thie type of
1702 989 1822 1038 T·S 01
1847 1003 2732 1066 novel Arthur Seimitzler has been writing
1845 1041 2727 1094 dwlirg the lnst few veurs, it would be possible
1706 1070 1823 1117 und
1853 1086 2724 1128 to lind a less deseriptive label than
1898 1111 2718 1178 ienlese.? It is from Viemm Uimt we get
1696 1129 1830 1203 Sleile
1852 1163 2723 1208 ost of our ideas abont psyelneannlgsis; and
1705 1186 1821 1247 fun.
1847 1205 2731 1252 it is fromn psycho-annlesis Umt Schmitzler
1691 1219 1818 1280 Zunat:
1850 1244 2728 1292 appears of lateto have got lns siens abont
1689 1257 1815 1316 antt.¬
1841 1281 2730 1332 people. Not that a novel like“ Fräulein
1688 1292 1827 1361 Dttren
1847 1324 2736 1360 Else, for instance, contnins a grent amount
1677 1334 1822 1394 100 0f
1847 1356 2731 1418 of psychologieal exposition. Tht is not
1671 1382 1816 1429 iliglit
1850 1402 2717 1451 Sehnitzler’s wag: he is an achmrable story¬
1683 1415 1822 1470 57 Mr.
1849 1439 2729 1481 teller, and he seldomn fails in this respect in
1679 1455 1821 1511 #bing
1834 1477 2718 1518 lis regard for the reäder. But it lins been
1670 1498 1817 1551 uller
1838 1517 2719 1560 evident for some tine thiat his opinions and
1680 1538 1821 1582 at ine
1837 1560 2721 1610 his interest in people have alike been deeply
1689 1585 2727 1665 singl Wrolgred by the cemelusions of Freudin
1838 1628 2091 1693 Dehology.
1687 1653 1823 1701 nd of
1914 1667 2731 1746 Theresn, which eriginally appenred last.
1679 1691 1824 1739 20 Ole
1851 1725 2722 1779 gear, is n preeise und dehente study of
1669 1726 1819 1780 Snn I1
1673 1762 1813 1827 Imost
1842 1763 2730 1805 charaeter, se unpartial in manner as to scein
1675 1810 1810 1863 Sechnt
1846 1804 2726 1863 rather eynieal fromn beginning to end. The
1845 1840 2725 1894 novel is by no means à short one, but it is
1851 1883 2726 1923 written ahnost as coneiselgns a elinical report.
1854 1920 2725 1964 Theresn Fablami, whien we first meet her, is
1851 1960 2726 2001 n girl of sixteen, living in Salzburg with her
1851 1998 2725 2050 parents. Her father, a retiretl Army oflicer,
1849 2045 2716 2091 is slowig becoming insane; her mother, a
1677 2052 1816 2120 PARD.
1843 2073 2717 2116 silly, dissolute creature, is exchunging the
1835 2114 2718 2166 part of a reader of sentimental novels for timt
1681 2150 1823 2214 der in
1838 2158 2722 2200 of a writer of thein. Theresa’s parentage, it
1704 2194 1822 2248 His
1843 2196 2723 2257 is al onee clear to the render, promises
1841 2237 2730 2281 hötling good. She beeinnes mnore or less
1694 2246 1813 2297 How,
1849 2268 2724 2323 engagedto Alfred Nuellheun, a goung inedieal
1720 2277 1806 2322 No
1833 2315 2728 2361 student, withont feeling the slightest passion
1705 2315 1823 2374 this
1843 2354 2715 2403 for Rün, und is inmnenselg relieved when he
1704 2357 1808 2406 us-
1837 2392 2726 2448 goes 10 Vienna, It is not long, however,
1700 2394 1823 2458 10 in
1841 2431 2725 2482 before sle is also boredl and lonely; and in
1842 2476 2722 2516 tns framie of mind she meets u Foung officer,
1713 2480 1819 2529 and
1847 2508 2724 2549 is innnedintely attracted to himn und almost
1715 2517 1814 2568 n¬
1838 2550 2719 2602 innnediatelg seduced by him. This, the first
1712 2553 1814 2607 For
1846 2591 2714 2633 of her love nflairs, is hamddlled wich the coolest.
1722 2600 1768 2645 1
1841 2628 2729 2675 detachnent; one is persunded of thie truth
1715 2626 1786 2684 #
1846 2666 2721 2720 olthe entire episodle, however, Dy thie way in
1843 2699 2707 2745 Which dhie girl, althongh slie loses ber tender¬
1707 2719 1808 2765 all¬
1838 2737 2723 2779 ness for her lover, retains her passion for hiln.
1838 2783 2713 2831 Finallg abandoned, she runs nwag to Viemimn
1836 2817 2718 2875 and gets work as a governess. Agnin she is
1836 2861 2713 2911 betraged bra sellish. Tentrienl, rendv-witted
1716 2873 1778 2925 10
1837 2895 2726 2939 fellow, Kasinur Tobisch—an acute charncter
1848 2941 2719 2982 study-—wlio becomes the father of her cluld.
1847 2980 2728 3020 Thenceforth Theresa flits from jobto job and
1845 3019 2719 3068 lover to lover with painful regularity; she
1839 3054 2728 3107 abnost appeurs at the und to have exhausted
1851 3098 2724 3135 thie possible minnber of lovers available in
1843 3127 2715 3180 Viemma. And through it ull, Schmitzler main¬
1837 3182 2719 3228 tnins, his heroine is at heart a shpple, generous,
1830 3216 2722 3266 affectiomte, und essentially innocent young
1837 3256 2709 3313 wroinan. Que has no wishto quarrel withts
1841 3293 2729 3341 mttn abentt ine faets; it. 18 vensonable #
1829 3326 2699 3378 üsstine Uimt Theren smstamtte Pieleis her¬
1828 3367 2721 3406 sell'to mnen forno worse renson ihn Chat site¬
1833 3409 2719 3454 is innde like that. But dhie einpliasis on
1836 3445 2714 3483 seximi unpulse is tireseme, however sigmiticant
1832 3470 2713 3523 ##inng be for the psycho-umalgtie nund. The
1838 3511 2710 3572 Whlole thing rends to0 mitteh like the noteboole
1825 3549 2707 3612 or a mechieal practitioner or socinl worker;
1832 3598 2713 3638 euch case has a distinetive featureesthere 18
1840 3636 2712 3691 rooin for varlety even in these matters—but
1830 3672 2712 3728 ihe tenth on the list means y little more
1834 3708 2714 3748 Uhan the first. Still, thiere is u gennine note
1840 3752 2702 3799 er tragie druind at tiie close. Theresa’s meet¬
1826 3782 2710 3843 ing. aster several gears, with Alfred, und, Feurs
1831 3831 2709 3871 later, with Kasnmir deepens thie logie of the
1834 3872 2717 3920 storg; und the conelusien to her relntions with
1841 3903 2706 3957 her son Franz, a precocions, corrupt vouth,
1837 3939 2658 3997 brinigs terror and pitg inte the ihml pages.
1868 3990 2711 4046 If Sehmtzler’s work is Viennese, Hermann
1827 4025 2690 4089 Hesse’s is echl Deutsch."Der Steppenwolf.
1821 4087 2708 4137 published in 1927, was enomonsiy sureesstul
1906 4118 1993 4153 terln
1704 3725 1801 3824 95
1700 3919 1780 3985 Nr.
