3436 4256
455 139 808 213 Therese
967 138 1329 232 box 6/2
248 133 831 251 35 41 22
1289 1410 2923 1512 THE NEW YORK TIMES BOOK REVIEW, JULY 22, 1928
420 1460 467 1494 Au
2386 1497 2458 1527 Sseee
276 1472 985 1558 and Goethe. The famous episode
3044 1483 3337 1558 Müselli Wor
273 1531 979 1595 of the second part of Faust“ sym¬
3041 1544 3338 1601 the director
266 1577 982 1635 bolizes the highly desirable union
3043 1579 3341 1647 Museum and
268 1616 985 1672 of classic benuty and the modern
3047 1628 3341 1687 two cionths o
1055 1568 2970 1739 A New Novel by Arthur Schnitzler
261 1668 975 1728 spirit. What a symbol, this Helen!
3055 1669 3339 1732 100 institution
264 1714 975 1759 More resplendent by far than some
3056 1717 3335 1772 and Canada.
262 1750 966 1807 insignificant reality! It little mat¬
3059 1760 3339 1815 lication, runn
980 1726 3048 1821 THER.TSE. A Novel. By Arthurconsblate, weary volce murmurs: and even attempts to do so, and
1023 1797 1672 1842 Schniteler. Berlin: S. Fischer.
264 1794 973 1864 #ters, therefore, whether or not she
3058 1799 3353 1870 only, but Dr.
1675 1802 2352 1862 All is vanity! Do you not see how
2360 1801 3053 1858 yet she lets it live. Thus Therese
977 1799 1663 1891 GEWALT UBER DAS FEUER
262 1819 845 1892 actually lived in the flesh.
3052 1841 3339 1898 a good deal in
2369 1850 3044 1899 slips through her drab life, until
1670 1854 2355 1915 every one of these bourgeois fam¬
1038 1863 1593 1917 (The Conquest of Fire).
290 1860 986 1951 Meilhac, Halévy and Offenbach
3066 1880 3351 1944 The compet
1028 1891 1198 1941 Novel.
2354 1889 3052 1962 she is strangled by her worthless
1210 1872 1664 1948 Bu Hans Friedrich
1674 1896 2356 1954 ilies has been undermined? Even
261 1927 974 1983 made a charming operetta of La
3038 1923 3340 1989 books is mor
2348 1933 2478 1985 son.
1023 1942 1659 2004 Blunck. Jena: Eugen Diede¬
1673 1941 2358 2004 the best of them have neither a
1031 1967 1189 2026 richs.
262 1961 978 2022 Belle Hélène;“ and it really is no
3047 1969 3355 2027 their authors
2372 1949 3050 2033 In the end this most subtly ar¬
1662 1978 2354 2045 heart nor any sense; even when it
268 2010 971 2060 less respectful than the scene
3045 2011 3334 2072 have now, for
1449 1998 1646 2068 BERLIN.
2352 1996 3038 2077 tistic description of the soul of an
1646 2003 2349 2084 is their intention to be kind they
259 2038 957 2108 of Aristophanes' Thesmophories.“
3045 2040 3345 2107 ton-Smith's
1044 2034 1654 2114 NEW long novel by Arthur
2360 2058 3001 2118 inferior character leaves only
1662 2070 2350 2133 forget it immediately for selfish
261 2094 957 2149 Jules Lemaitre produced a Bonne
3038 2091 3340 2154 London“ (Kn
969 2072 1662 2163 A Schnitzler is quite a literary
2353 2102 3041 2156 dull impression of decay and the
1660 2102 2340 2162 interests. Everything is putres¬
264 2130 965 2186 Hélène'' which is even more of a
1054 2134 1666 2196 event, for this subtle, prolific
2363 2136 3345 2215 musty odor of a crumbling class of lars of the ##
1663 2154 2345 2203 cent and wretchedly Involved in
266 2180 961 2230 parody and satire, but is written
2353 2186 2524 2252 society.
976 2187 1666 2234 novelist and dramatist has pub¬
3014 2179 3345 2233 Thouses, incluc
1661 2201 2357 2260 paltry little vices and apathetic de¬
266 2219 964 2280 in Alexandrine verse. Verhaeren's
3023 2231 3341 2281 their manager
973 2228 1669 2285 lishec only two long novels so far.
1663 2240 2351 2304 sires. Not one of these dignified
266 2255 957 2323 Hélène de Sparte“ is more serl¬
976 2273 1656 2330 And—let us be honest—they have
2429 2261 3351 2321 THILE the Austrian authorof their deco
1668 2281 2361 2342 masters refrains Trom annoying
261 2309 964 2366 ous. Hugo von Hoffmansthal wrote
966 2307 1662 2368 revealed no essentially unknown
2380 2293 3339 2382 VV concerns himself with in- dishes and th
1657 2322 2363 2392 the poor governess; not one of her
262 2341 963 2410 a Helen of Egypt.“ after Eurip¬
974 2358 1656 2401 aspects of his character. Despite
2472 2347 3345 2408 dolent grace and vague sym- tele. Anothen
1668 2365 2353 2414 mistresses manifests the slightest
254 2395 957 2450 ides, which Richard Strauss set
976 2396 1663 2455 some beautiful passages in Der
2353 2388 3340 2450 pathy with the decline of a onceFreeston's.“
1669 2412 2344 2467 trace of human understanding. Oe¬
270 2431 964 2501 to music, and which has just been
965 2435 1666 2495 Weg ins Freie,“ despite his deli¬
2346 2445 3338 2489 lovable and cultured nation, thei for the Motor
1662 2450 2339 2510 casionally the children become at¬
259 2462 683 2548 played in Dresden.
962 2473 1657 2540 cate dissection of a feminine soul
2354 2485 3341 2550 North German Hans Friedrich is crammed #
1656 2485 2343 2552 tached to her—but she is forgotten
3033 2520 3333 2582 most wanted
950 2530 1664 2584 in Frau Bertha Garlan,“ the ef¬
2358 2530 3048 2585 Blunck boldly attacks the first be¬
1665 2540 2347 2600 almost as soon as she leaves the
347 2528 967 2618 T ME. GERARD D’HONVILLE
3037 2561 3336 2616 ably through
2341 2565 3037 2630 ginnings of human civilization. In
968 2566 2340 2627 fect of his pessimistic view of lifehouse. As for Therese herself—
256 2570 956 2659 IVI naturally admires Helen, and
3044 2606 3349 2664 cars can trave
2335 2614 3038 2668 this last novel of his trilogy of
973 2609 2341 2684 here is, on the whole, not tragic,alas! she is a pitiful but most un¬
365 2630 964 2699 is very sympathetic toward
3035 2646 3335 2701 most popular
963 2652 1329 2715 but depressing.
2347 2654 3040 2722 prehistoric times he goes back to
1644 2655 2338 2725 pleasant creature. The author as¬
260 2661 971 2732 her; but not without some most
3033 2688 3333 2743 Jeclares that
988 2676 1648 2758 Therese,“ the story of a poor
2353 2698 3039 2766 the earliest ages, accessible only
1661 2708 2349 2775 sures us that she is beautiful,
261 2723 955 2781 piquant irony. Helen herself is
3036 2732 3341 2788 hairpin bends
973 2733 1650 2789 governess wandering from position
2343 2746 3034 2796 to the imagination. It is a most
1649 2755 2345 2816 faithful to her duties, and capable
252 2758 950 2818 supposed to be telling the story of
3034 2772 3342 2831 the exquisite
963 2782 1659 2850 to position, is a study in unrelieved
2345 2783 3033 2844 curious literary phenomenon, the
1644 2801 2337 2845 in her work. We find it hard to
250 2794 956 2866 her adventures to her young at¬
3040 2813 3340 2871 from the Tyrol
953 2825 1091 2882 gray.
2337 2828 3036 2886 manner in which tbis healthy man
256 2846 962 2914 tendant Erato. Hidden behind a
1644 2841 3027 2927 believe the latter statement, for of the present lets his fancy play
3023 2854 3336 2920 printing had
970 2853 1658 2931 In Schnitzler’s short storles the
1645 2864 2354 2953 even in her middle years her head
249 2881 950 2957 curtain is Telemache, who has
3029 2899 3345 2967 for he is doon
963 2907 1644 2969 magic of his style, his weary ro¬
2343 2904 3023 2964 about these still animal-like hordes
1656 2921 2341 2980 is still full of her innemerable love
259 2929 961 2988 come to ask Menelaus for news of
3028 2945 3339 2993 stay at home.
2344 2952 3030 3012 which, barely risen from slime and
955 2948 2335 3026 manticism and a certain vague, affairs. And unfortunately her in¬
257 2975 958 3039 Ulysses, as in the fourth book of
3035 2987 3348 3051 away into a de
2346 3001 3031 3063 mud, wander through the swamps
955 2994 2336 3065 fascinating mysticism weave a con-stinct in these matters is, from the
251 3015 554 3069 the Odyssey.
946 3039 1643 3099 cealing web about the author’s dis¬
2336 3033 3026 3093 and, apelike, seek refuge in the
1651 3047 2339 3110 very beginning, mistaken and even
282 3039 954 3122 The daughter of Zeus and Leda
961 3079 1641 3139 gust with life and mankind. In
2345 3082 3025 3132 trees at the approach of danger,
3032 3059 3346 3156 TTHIE Trage
1653 3088 2326 3148 morbid, making her always prefer
252 3109 955 3170 goes back to her early childhood
960 3117 1641 3177 Therese“' this disgust appears be¬
2332 3118 3025 3187 fleeing wildly through the forests,,
3092 3125 3335 3190 (Gollancz)
1642 3131 2321 3193 the ne’er-do-well to the fine, in¬
3060 3149 3106 3198 1
248 3139 949 3210 in an envirchment of pagan nature,
960 3160 1648 3223 fore us naked and unadorned.
2337 3168 3027 3233 swinging themselves from branch
3098 3175 3338 3227 tional titl
1646 3172 2331 3235 dustrious man. Poor Therese never
257 3193 961 3249 still full of demi-gods, satyrs and
956 3206 1644 3270 Schnitzler never shouts—he is far
2334 3214 3027 3269 to branch; forced to migrate con¬
3025 3201 3343 3271 book by Dr. W
1643 3205 2329 3275 knöws just what she wants. She
251 3233 954 3296 nymphs. Mme. Gérard d’Honvil:
956 3247 1642 3303 too civilized to give loud utterance
2340 3251 3028 3311 stantly from plate to place, they
3031 3258 3347 3317 will be a psych
1651 3264 2334 3308 sins constantly, despite her inten¬
253 3272 952 3336 paints a delightful pieture, which
952 3291 1658 3346 to his passions; but on every page
2330 3293 3012 3345 huddle together in mountain caves
3031 3299 3341 3352 a historical stug
1646 3299 2330 3365 tion to remain virtuous; she does
262 3320 957 3375 would have pleased her father,
2333 3336 3027 3411 to escäpe wild animals and the
3023 3341 3336 3412 In, Day Out,“
950 3333 2339 3405 of his new heck, behind every fig-not want a child, but gets one
257 3352 2367 3471 José-Maria de Heredia. What abure that is presented to us. a dis- none the less; she wants to kill lt.
2415 3386 2955 3468 (Contined on Page 17)
