3484 4256
491 129 847 210 Therese
952 124 1365 228 box 6/2
259 121 849 248 35. Lneen
539 790 1560 888 findung für noch umstrittene Leistungen die Za
1734 802 2917 924 K
541 863 1311 940 halben Million Reichsmark.
2863 881 3165 989 —
2401 898 2638 992 ENTAIIIIT
547 984 2993 1049 Reines und Unwiederbringliches, aber zugleich auch Mutter, um ihr höhnisch und brutal Geld abzupressen.—
545 1038 2974 1103 fühlt sie erschreckt, wider Willen, ein Neues. Häßliches, Immer wieder versucht Therese zu heifen, aufzuhalten,)
2963 1030 3154 1121 Ent
534 1097 2984 1145 kaum Eingestandenes aufkeimen: etwas wie Feindselig=obzwar ihr ein Instinkt tieserer Ahnung sagt, daß
2980 1102 3145 1190 gra.
1765 1125 2995 1182 alles umsonst ist und daß Stürzende meist den
542 1135 1772 1215 keit, Haß gegen das schuldlose, das noch ungeborene
1772 1170 2347 1230 Helfenden mit sich reißen.
2952 1152 3185 1253 het H.
546 1187 722 1271 Kind.
1857 1192 3188 1298 Eines späten Abends im ei läutet der FranzlPrä) 9##
1748 1256 2985 1329 wieder einmal an der Tür, verlangt Geld. Therese
2962 1270 3252 1355 empfa. S 6
643 1299 2981 1354 Diese böse, schuldhafte Regung sucht sie von der hat keines mehr. Da stürzt der Franzl auf den Schrank
552 1331 3238 1412 Stunde seiner Geburt angefangen demütig an dem zu, zieht aus der Tasche ein Siemmessen und sprengt d'Orsay, w.
545 1394 3268 1455 Franzl gutzumachen. Das Kind soll nichts wissen von die Tür auf. Er wühlt, su#t, findet nichts, und unterredung
551 1443 3277 1534 dem schweren, erbarmungslosen Dunkel, das die Mutter plötzlich wirft sich der Sohn aus die Mutter, packt sie Bahnhof, um
555 1498 2988 1543 hinter sich hat; dem Kind erträumt sie eine glückliche, am Hals und würgt, würgt, bis sie am Bett nieder¬
3054 1512 3288 1596 Außenm
1767 1531 2984 1594 sinkt. Dann nimmt er #in Taschentuch, knüllt es
553 1540 1783 1595 unbekührte Jugend, über der leuchtend und froh Sonne
1771 1550 3275 1648 zusammen, steckt es ihr in den Mund, nimmt ein Hand= Zusammenkur
552 1589 1772 1658 und Frühling liegt. Und ihr, der Mutter, soll das Kind
556 1621 2999 1694 der einzige Halt, das einzige zuverlässige Zeichen ams tuch, das am Waschtisch hauzt. bindet ihr die Hände
2971 1634 3272 1719 [Genfer T
1764 1670 2984 1723 zusammen. Nachbarn, die den Lärm gehört haben,
549 1685 823 1770 Wege sein.
644 1705 3286 1783 Auf dem Lande wächst der Franzl heran, bei kommen dazwischen, man schafft die noch röchelnde Punkt= du
547 1771 3284 1849 fremden, aber guten Leuten, und die Mutter kommt Therese ins Spital: die Aexzte konstatieren, daß einsheiten und
546 1806 2455 1884 ihn an jedem freien Tage besuchen. Der Bub gedeiht Kehlkopfknorpel gebrochen ist.
1849 1809 3276 1903 Therese weiß, daß sie sterben wird. Und der Augen= über die P
550 1870 1794 1942 prächtig, alles scheint gut zu werden, aller Grund zu
1777 1863 3282 1958 blick, da sie damals das noch ungeborne Kind ver¬ kriegspaktes
554 1920 1781 1975 heimlicher Angst scheint abfallen zu wollen. In
1775 1931 3285 2025 wünschte, der Augenblick, da sie Mörderin gewesen, punkt ist geke
550 1959 1784 2030 den Stunden, die Therese mit ihrem Kinde verbringt,
1781 2003 3284 2078 „lebte mit so völliger Klarheit in ihr auf, daß sie ihn befriedigt we
549 2004 1793 2090 ist es ihr, als dürfte sie, einer beklemmenden Enge ent¬
1780 2034 2990 2105 fast wie etwas Gegenwärtiges erlebte“. Es geht zu Ende,
556 2053 1780 2136 ronnen, tief aufatmend gleichsam unter freiem, be¬
3056 2057 3286 2139 Aus der
1772 2090 3002 2162 aber ihr ist, als hätte sie den Sohn, der ihr so lange ein
554 2093 1135 2186 stirntem Himmel stehen.
662 2106 3281 2206 Aber Menschen können aus ihren geheimnis= Verlorener war, gleichsam wiedergefunden in dem bei der näch
558 2192 3275 2253 vollen und vererbten Zusammenhängen im Tiefsten Augenblick, da er zum Vollstrecker einer ewigen Ge=gnlaßt w
1783 2231 2374 2299 rechtigkeit geworden war.
551 2241 1782 2308 und Unzugänglichsten der Seele nicht isoliert, nicht ab¬
2984 2237 3292 2321 Wege derdi
1876 2262 3002 2340 „Er ist unschuldig,“ flüstert sie in ihren letzten
548 2286 1036 2357 geschnitten werden.
3059 2293 3273 2380 Die he
667 2306 3006 2385 Der Sohn verliert sich allmählich, Schritt für Augenblicken dem Arzt zu „er hat mir nur vergolten,
2987 2348 3289 2445 Aussprache
1792 2349 3002 2448 was ich ihm getan habe. Man darf ihn nicht zu hart
555 2368 1792 2436 Schritt, Jahr für Jahr. Er begeht kleine Diebstähle,
1782 2421 2003 2501 strafen.“
556 2405 1800 2477 will keine Schule besuchen, treibt sich in anrüchiger
2988 2422 3249 2500 „Was den
1875 2439 2997 2540 Das Bewußtsein ihrer Schuld bedrückt sie nicht
568 2475 1795 2535 Gesellschaft umher, ist frech, verlogen, verschlagen, von
2983 2481 3267 2562 so kann sich
1785 2513 2376 2600 mehr — es hat sie befreit.
562 2517 1789 2579 einer grausamen, gehässigen Lieblosigkeit. Entsetzt
2957 2526 3274 2620 sinteressi
567 2563 1791 2632 erkennt es Therese: auch dieser letzte, erlösende Licht¬
574 2592 1804 2664 schein verglimmt, etwas Unheilvolles, Finsteres
1866 2598 3269 2702 Einen unvergeßlichen Klang, einen leisen und dochtauisch.
570 2656 1801 2718 bereitet sich vor, etwas Schreckliches das sie unsichtbar
562 2696 3283 2755 wie hinter einer Wolke fühlt. Es ist stets dieselbe Angst, unverlierbaren Abglanz nimmt man von dem Buche bundes gegi
564 2721 3250 2808 dieselbe Enttäuschung, dasselbe Weh, dasselbe Miß= Schnitzlers dankbar und ergriffen mit. Mit welcher ein= vention
1790 2760 3294 2845 dringlichen und doch lautlosen Kunst und mit welcher stehen. Der
572 2794 1803 2862 verständnis, alles Vergangene kehrt wieder: da war
1790 2822 3297 2893 liebenden Weisheit des Herzens und der Seele wird sommission i
574 2857 1801 2902 ein Mann, Therese hat ihn in ihren Armen gehalten,
580 2875 3013 2957 seinen Mund hat sie durstig geküßt, ein Kind von ihm dieses bittere Menschenschicksal, dieses flüchtige Licht¬
2990 2880 3285 2961 [Interven
1786 2913 3013 2984 und Schattenspiel der Vergänglichkeit an unsern Augen
573 2935 1807 2993 empfangen, aber er war nur ein Fremder und das
1791 2955 3284 3023 vorübergeleitet. Man spürt den Tod näher und näher den Völkerbi
568 2977 1795 3064 Kind war auch nur erwas Fremdes, ein Feind, ein Ab¬
1787 2991 3284 3086 herankommen, sein Schatten fällt dunkel über den Weg, abrüstung o
574 3035 990 3112 schied, der letzte.
3011 3064 3301 3139 deutungs
1781 3050 3011 3140 da scheint jedes Ding, jedes Leid viel von seiner grellen
666 3106 3008 3176 Aus dem Franzl ist ein verluderter Vagabund und gefährlichen Gewalt zu verlieren. Und das
3008 3108 3289 3199 sitzung, de
574 3155 3020 3238 geworden, ein Zuhälter und Einbrecher. Wenn er nicht Sterben ist nichts andres, als keine Angst mehr zu
586 3171 3276 3284 gerade von der Polizei gesucht wird oder im Gefängnis haben, keine Angst vor der Zukunft und vor der Ver=[Chamber
2473 3241 3285 3337 Moriz Scheyer. mit Briand
581 3266 2098 3347 sitzt oder dunklen Geschäften nachgeht, „besucht“ er die gangenheit.
