3484 4256
554 169 915 255 Therese
934 172 1431 280 box 6/2
322 171 903 283 35. Ls
653 925 743 1018 g1
1845 930 2031 1015 Oeehr
225 950 674 1042 dieer Kampagne Ist,
743 976 3018 1062 Es ist #e# esregs ausgeschlissen daß der Ausnutzung durch den Staut zu entgehen, . n sie zu
262 1026 3016 1077 große Ideen= man nach den Wahlen Poincaré wenigstens einem Mittel der Unterdrückung werden. Ich würde mich
219 1052 686 1135 Frankreich nach zwei
676 1069 3032 1156 für einige Monate einen neuen Kredit er= auch damit abfinden, wenn beim Alkohol dieselbe Regelung
223 1113 689 1177 Frennten, von welchen
669 1118 1849 1183 öffnet. Um jedoch ein Kabinett bilden zu können, wird er
1845 1132 3032 1183 wie beim Tabak erfolgte. In vollkommener Loyalität muß
226 1153 675 1214 gerliche Freiheit, die
666 1158 1839 1225 den Radikalen weit größere Zugeständ¬
1838 1177 3017 1232 ich gegenüber dem Kommunismus den Vorbehalt Ferdinand
227 1207 672 1271 s, die andere auf den
660 1191 1843 1261 nisse machen müssen als in der Vergangenheit, und
1842 1223 3021 1271 Buissons machen: „Es wird stets ein Rest von Eigentum
218 1248 667 1313 giösen Geist und auf
670 1251 1846 1324 die Annahme fällt schwer, daß nach dieser Wahlschlacht voll
1846 1270 3026 1321 übrigbleiben, den man niemals kommunisieren wird. Jeder¬
221 1288 677 1364 n Verteidigung basiert
670 1303 1843 1366 heftiger persönlicher Attacken die unbußfertigen Nationa¬
1833 1308 3026 1372 mann wird immer seine Lebensmittel, seine Kleidung, seine
211 1329 670 1401 keiseite, die ein klares
660 1337 1843 1407 listen vom Schlage Louis Marins die Zusammenarbeit mit
1844 1353 3033 1421 Möbel und seine Bücher für sich haben wollen. Warum nicht
228 1383 670 1458 der sehr verführerisches
672 1387 1842 1452 den Radikalsozialisten fortzusetzen vermöchten. Eine breite
1837 1404 3023 1462 auch sein Haus oder seinen Garten? Warum nicht auch die
237 1430 669 1511 t mehr scharf ab¬
667 1430 1843 1508 republikanische Konzentration wird sicher
1846 1448 3025 1502 Früchte seiner freien manuellen, geistigen oder künstlerischen
239 1477 664 1545 nur Nuancen.
661 1475 1840 1552 möglich bleiben, aber es wird nicht leicht sein,
1835 1483 3018 1554 Arbeit? Warum sollte er auf jenen Ueberschuß verzichten,
231 1528 677 1592 erklärt sich nun als
672 1528 1842 1598 die Nationale Union in ihrem ganzen Um¬
1831 1528 3020 1600 der nach Befriedigung der der Gesellschaft geschuldeten
228 1572 1387 1629 Bedingung, daß man #fang wieder herzustellen.
1834 1582 3034 1646 1 Leistungen ihm übrigbleiben würde?“ Ich unterschreibe diese
231 1672 666 1740 I zufolge, Frauen im
671 1672 1854 1740 hang: Franz hat sie getötet, weil sie ihn töten wollte, ein
1838 1674 3028 1755 Mordanwandlungen der Entbindenden begründet wäre,
215 1717 671 1785 als sich die Zahl ihrer
670 1721 1847 1790 Satz von unheimlicher Schlüssigkeit, der dennoch die Rätsel¬
1848 1738 3035 1786 welchen Sinn hätte es für Schnitzler haben können, die
224 1763 666 1825 ört man bei acht oder
660 1755 1843 1828 haftigkeit unseres Daseins außer Betracht läßt. Denn es
1841 1774 3034 1822 Chronik dieses Frauenlebens aufzublättern? Die Gestalt der
220 1812 662 1883 ur noch die Tatsache,
665 1810 1845 1870 mag wohl auch schon geschehen sein, daß einer, dessen sich seine
1842 1815 3029 1864 Therese an und für sich ist nichts weniger als interessant, soll
664 1860 1833 1912 Mutter im Kindbett hat entledigen wollen, später ein Erz¬
1844 1857 3040 1929 es nach Absicht des Dichters wohl auch gar nicht sein. Einige
228 1876 670 1961 dies ist künstlerische
668 1897 1848 1958 bischof geworden ist, ein Genie oder ein Heiliger. Wie immer
1849 1912 3032 1970 andere der eingeführten Figuren sind es in etwas höherem
213 1939 669 2012 es Oertchens, in dem
670 1942 1843 2000 es damit bewandt sein mag, steckt hier das Grundmotiv der
1840 1949 3030 2017 Maße und diese oder jene bewährt wohl auch die Meisterhand
220 1988 663 2055 ten untergebracht hat.
667 1993 1846 2051 Dichtung. Schnitzler hat es vor vierzig Jahren in einer
1847 2003 3040 2059 ihres Schöpfers: der hochstaplerische Tobisch etwa, bei dem
228 2035 673 2099 innt diese Oertlichkeit
657 2039 1850 2095 Jugendnovelle gleichsam nur zum Apercu verdichtet und jetzt
1847 2052 3030 2110 sich, wie bei jedem Hochstapler, am Ende seiner Laufbahn
232 2082 674 2139 r mehr an Bedeutung,
670 2088 1843 2149 erst, mit gereifterem Können, erzählerisch ausgestaltet. Daher
1849 2099 3032 2164 herausstellt, daß er nur ein gemeiner, kleiner Lügner war,
211 2135 673 2198 er auch Therese gerade
665 2134 1844 2192 wohl auch die eigentümlich naturalistische Behandlungsweise,
1842 2126 3038 2203 oder die anmutige Thilda, in deren Erscheinung Klugheit,
219 2180 668 2246 sie just ein Verhältnis
668 2179 1838 2239 die dem Einfall durch die zur Zeit seiner Entstehung waltende
1839 2176 3022 2238 Takt und Kühle eine sehr zeitgemäße Verbindung eingehen
212 2220 665 2283 us nach Enzbach, zu
667 2222 1840 2285 literarhistorische Konstellation innerlich vorgeschrieben
1846 2217 3033 2295 Auch Thildas Vater, Herr Wohlschein, gehört hieher, Theresens
210 2262 672 2322 Euf den die Pappelallee
671 2268 1844 2330 scheint. Es ist ein Stoff aus den Problembeständen des
1843 2280 3037 2340 letzter Liebhaber, der sie sogar geheiratet hätte, ihr aber, da
217 2316 666 2371 hicksal; und von dem
674 2315 1840 2372 psychologischen Naturalismus, zu denen seinerzeit Ibsen und
1850 2323 3033 2383 ihn unvermuteterweise der Schlag trifft, nur tausend Gulden
214 2359 671 2418 eser dieses im Anfang
669 2363 1845 2418 Zola den Schlüssel besaßen. Schnitzler, der Weiterbildner
1854 2374 3033 2426 hinterläßt. Schnitzlers Erzählung spielt noch im Oesterreich
215 2399 671 2464 twa im letzten Drittel
671 2404 1850 2483 Ibsenscher Gesellschaftsdramatik, hält sich auch in diesem
1846 2413 3029 2468 der Guldenwährung, der Krieg bleibt außer Betracht. Dennoch
223 2449 676 2523 kunstlos vorgetragene
665 2428 1842 2511 Falle mehr an Ibsen als an den frühen Zola. Das will sagen,
1847 2465 3027 2516 macht sich sein nachwirkender Einfluß fühlbar. Aus einem
218 2500 358 2554 end.
676 2496 1842 2558 daß er das wissenschaftliche Präparat mystisch umdämmert
1847 2501 3037 2570 metaphysischen Keimpunkt entwickelt, transzendiert der Fall
666 2536 1845 2590 und seine Rechnung mit einem Ignoramus, Ignorabimus ge¬
208 2522 670 2604 ie eine Giftpflanze in
1848 2556 3017 2604 der armen Therese zugleich merkbar ins Soziale, seine Ver¬
210 2575 679 2654 Artiges Neugebilde im
676 2584 1843 2649 heimnisvoll schließt. Franzens Untat kommt vor Gericht
1848 2592 3031 2663 allgemeinerung liegt nahe, und Schnitzler deutet sie einmal
667 2627 1843 2692 und auf Antrag des Verteidigers soll ein Sachverständiger
211 2623 670 2700 ürzen und kleinen
1846 2652 3033 2706 mit milden Worten an, wenn er von jenen „heimatlosen Ge¬
216 2662 664 2738 ird es schlimmer, die
659 2679 1838 2734 zugezogen werden über den von Therese in ihrer Tedesstunde
1842 2692 3022 2756 schöpfen spricht, die, ob sie nun Kindermädchen, Bonnen oder
219 2720 677 2784 derwertigkeit tritt in
667 2725 1836 2773 behaupteten, dem Jugendfreunde anvertrauten Zusammen¬
1838 2740 3038 2806 Gouvernanten heißen, in der Welt herumgestoßen werden, von
218 2761 670 2822 r, und da ihn Therese
664 2773 1841 2831 hang, der die Schuld aufhöbe. Aber da man sich nicht darüber
1832 2781 3036 2855 einem Haus ins andere, und die, auch wenn sie die Pflichten
237 2810 665 2875 in jene Untergründe
673 2811 1836 2882 einigen kann, ob in diesem Falle „ein Arzt, ein Priester oder
1840 2829 3029 2888 gegen ein ihnen anvertrautes Kind mütterlicher erföllen als
210 2850 673 2922 anäle ins Verbrechen
662 2844 1828 2904 ein Philosoph zu so verantwortungsvollem Amte berufen“
1844 2877 3031 2938 die eigene Mutter — ja, auch wenn sie ein Kind geliebt oder
659 2893 1839 2977 wäre, unterbleibt das sonderbare Gutachten und Franz er¬
214 2909 670 2969 ch empor, versteckt sich
1845 2924 3031 2996 mehr geliebt hatten als ihr eigenes, auf jenes doch nicht das
660 2929 1147 3010 hält seine zwölf Jahre.
213 2935 665 3012 verlangt Geld, erpreßt
1847 2969 2371 3026 geringste Recht besaßen.
2470 2963 3028 3032 Man kann das Thema
210 2990 679 3055 sTages, da sie sich
753 2971 1841 3051 Man hat Schnitzler manchmal den Vorwurf gemacht,
1844 2992 3017 3080 des Gouvernantenromans nicht großmütiger umschreiben, als
234 3032 676 3106 widersetzt, die Nach¬
669 3032 1842 3100 daß sein Werk nicht hinübergreife in eine höhere, unsinnliche
1845 3056 3031 3138 Schnitzler es in diesen Zeilen tut, und so scheidet man am
220 3066 676 3149 brückt er ihr rabiat die
669 3078 1839 3145 Welt, deren Vorhandensein der Denker in ihm nachdrücklicher
1845 3104 3011 3164 Ende seiner ergreifenden Erzählung mit einem leisen Be¬
222 3131 664 3182 Sie stirbt erst einen
673 3133 1843 3188 als der Dichter verneint. Hier, in diesem seinem jüngsten
1841 3146 3020 3224 dauern, daß der Dichter den Roman, den er umschreibt,
216 3156 668 3235 kungen, und bevor sie
665 3174 1845 3230 Buch, unterstellt er zum erstenmal nicht bloß die Möglichkeit
1841 3191 2382 3273 nicht auch geschrieben hat.
220 3216 676 3284 ität der Todesstunde,
673 3225 1849 3281 eines übersinnlichen Zusammenhanges, sondern scheint ihn zu
223 3257 1865 3332 n tieferen Zusammen= bejahen; denn, wenn die Ermordung Theresens nicht in den
2370 3253 2990 3353 Raoul Auernheimer.
