3296 4256
296 131 859 229 35. Therese
520 177 867 246 LAS A
968 137 1386 226 box 6/2
1012 887 1151 967 462
1423 893 2042 987 REVUE DES DEUX MONDES.
1018 961 2436 1068 des Juges, sous le sceptre de la Loi. Nous devons compte à
1003 1043 2441 1132 I’Eternel de nos moindres intentions. Et cela fait régner sur les
1001 1108 2443 1167 dernières pages du livre une terreur religieuse. Cette terreur,
1008 1170 2436 1215 chose singulière, ne regarde que la femme. Une des scènes sai¬
1015 1223 2436 1300 sissantes du roman est celle-ci. Un soir, pendant qu’elle vivait
1002 1276 2428 1374 comme flancée avec Wohlschein et l’accompagnait pour lui
1010 1351 2434 1427 plaire dans les boites de nuit, elle avait tout à coup reconnu
1009 1394 2428 1463 Casimir. C’était dans un beuglant, un triste caf’conc’ de fau¬
1006 1445 2429 1537 bourg; il était à l’orchestre, un peu déplumé, mais toujours le
1008 1513 2439 1578 mème; ihtenait le violoncelle et, comme il faisait chaud, buvait
1009 1567 2424 1659 de temps en temps une gorgée d’une chope posée sur le piano.
998 1629 2432 1716 Des lors, une pensée ne la quitte plus: ce fils qui lui ressemble
997 1689 2430 1752 et qu'i, ne connait pas, se doute-t-il qu’il existe? Longtemps,
1009 1764 2426 1825 elle débat avec elle-méme, & comme quelqu'un qui est au chevet
993 1811 2416 1885 d’une personne endormie et se demande s’il faut l’éveiller de
998 1868 2426 1934 son réve v. Elle retourne au beuglant, c’était un soir d’hiver,
997 1936 2422 2002 il neigeait; elle se morfond à la sortie des artistes. Elle le hele
1000 1990 2415 2055 au passage: & Cest moi, Thérèse. v Et elle découvre, en quel¬
1003 2050 2414 2105 ques mots de conversation, sa longue et lamentable erreur:
1004 2098 2416 2189 Casimir était marié, Casimir était un faux nom, il n’y a pas
1001 2161 2418 2237 de Casimir. II n’y a eu qu'un inconnu, un passant de hasard
999 2210 2422 2293 qui ne s’est joint à elle que pour jeter une étincelle de vie dans
999 2280 2426 2370 un instant de volupté et qui, sans se nommer, se perd dans
998 2321 1298 2398 les ténèbres.
1069 2385 2413 2476 IIya de vieilles sociétés ou la mère est la reine, comme
991 2462 2412 2535 chez les abeilles, et certaines théories semblent mème faire
996 2514 2412 2595 soupconner que le principe primitif est de nature féminine,
996 2567 2417 2639 que la création est femme, entrailles, sein maternels, océan de
989 2633 2411 2712 tendresse ou le monde baigne et respire. Michelet pensait
991 2703 2410 2776 ainsi; je ne serais pas éloigné d’attribuer à M. Schnitzler une
997 2752 2409 2828 vue du mème genre. La femme, pour lui, c’est toujours Eve,
990 2811 2412 2891 ce sont les puissances de l’instinct, c’est la nature: elle est
989 2866 2403 2922 tout à la fois la perdition et le salut, le bien et le mal, celle
985 2940 2408 3011 par qui l’amour, la vie, les délices et les crimes ruissellent
990 2971 1357 3050 dans le monde.
1043 3033 2398 3107 La vie n’est qu'un réve, etun réve de femme: des lors, le
986 3103 2412 3185 crime concu en réve est le pire des crimes, le plus affreux de
978 3170 2417 3241 tous, étant le plus läche et le plus caché, le crime contre
988 3209 2412 3281 T’amour qui se dissimule au fond des cchurs. Ainsi, comme ily
973 3284 2419 3372 aune logique des réves, ne sommes-nous nullement surpris
