3436 4256
366 80 1321 153 Correspondants dans loutes les grandes villes
320 161 1136 272 Ertratt du Journal=GESASZLIGER ZpminE
315 286 521 354 Adresse:
650 270 1135 412 18. JIN 1998
313 364 465 449 Dale.
751 615 1072 755 Therese
668 748 1165 837 Der neue Schnitzler!
1188 781 1310 872 2O
478 874 1391 949 Therese ist die Tochter eines strammen Offiziers
420 926 1386 974 der K.K.=Armec. Trinter, Spieler, größenwahnsin¬
432 972 1379 1042 nig geht er in einem Irrenhaus in Salzburg an
418 1007 820 1072 Paralyse zugrunde.
498 1038 1395 1105 Thereses Mutter ist eine nicht ganz einwandfreie,
430 1090 1393 1130 österreichisch=degenerierte Hausfrau, mit allerlei see¬
431 1127 1392 1187 lenschnüfflerischen, kupplerischen Allüren! Nach dem
430 1164 1381 1214 Tod ihres Mannes entdeckt sie ihr Talent zur Ab¬
420 1205 1395 1257 fassung von Kitschromanen, denen Therese oft gegen
421 1243 1384 1304 Barbezahlung Stoff aus ihrem eigenen Liebesleben
419 1273 1389 1326 liefert. Wie fremd steht Therese dieser Dame Ro¬
422 1325 1390 1389 manschriftstellerin, die zufälligerweise ihre Mutter ist,
423 1362 751 1425 doch gegenüber!
495 1396 1389 1455 Ihr Bruder Karl? Ein ehrgeiziger, kaltberechnen¬
412 1444 1387 1496 der Strebertyp, der es zu einer reichen Ehe alten
426 1481 1381 1524 Stils und zum — Herrn Abgeordneten bringt, und
421 1514 1387 1564 sich um seine Schwester nur kümmert, wenn sein Geld
419 1554 1386 1608 oder sein Ruf durch ihre Armui oder durch ihren
425 1598 1010 1660 Ruf gefährdet werden könnte.
496 1614 1395 1688 So ist der Kreis, aus dem Therese stammt. Und
418 1666 1393 1729 Therese selber? Es ist wenig Außerordentliches an
424 1711 1382 1755 ihr, es sei denn, daß man ihre Kraft im Ertragen
420 1743 1386 1791 eines ärmlichen Lebens, ihre Zähigkeit im Ueber¬
429 1789 1314 1853 winden ihrer Gefühlsenttäuschungen, der Stolz,
419 1815 1306 1867 dem sie ihre innere Selbständigkeit trotz allem
418 1861 1391 1909 bewahrt, zu den außergewöhnlichen Charakteranla, n
1327 1904 1391 1954 #e
424 1909 1335 1966 rechnen dürfte. Beinahe zu fügsam duldet sie;
434 1940 1378 1998 ##terzieht sich allem, revolutioniert nie... Darm
428 1982 1162 2031 ##ie wohl noch die Frau von früher.
597 2021 1393 2087 auch hätte Auflehnung gegen ihr Schicksal
699 2067 1394 2120 egibt ihren Jugendfreund preis, einen
621 2104 1387 2152 Fliebten, treuen Jungen — mit dem sie
432 2145 592 2194 später
785 2139 1359 2197 wieder zusammenführt — un
424 2176 684 2239 fällt einige
781 2178 1361 2245 # allabendlich einem smarte
415 2215 807 2277 Leutnant in Stul
868 2217 1401 2281 Herz. Natürlich ist er ihr
425 2262 1393 2312 „untreu“, geht von i###, wie jeder Mann im Lauf
428 2297 928 2351 des Lebens von ihr gehi
994 2297 1396 2356 Sie nimmt in Wien
524 2334 1015 2398 Stelle als Erzieherin an.
1014 2339 1385 2394 Mit diesem Schrif
584 2379 1378 2448 Dasein besiegelt — das Leben einer Ange
425 2368 524 2474 stef
532 2429 1389 2509 die erzieht, erträgt die Abhängigkeit und lebt dafü
421 2491 1389 2533 an ihren freien Nachmittagen und Sonntagen ih
422 2526 793 2581 eigenes Lehen ...
783 2532 1390 2580 Sie wechselt die Stellen minde
427 2569 1404 2625 stens so oft wie ihre Freunde und Geliebten. Si¬
438 2607 1396 2659 sieht in unzählige Familienverhältnisse hinein —
422 2646 1407 2704 wie reich ist Schnitzlers Kenntnis! Sie verschenkt ihr
429 2687 1404 2737 Herz an Kinder, die sie handkehrum vergessen. Sie
424 2727 1404 2780 verschenkt es auch einem losen Fabulierer, dem „Ma¬
422 2755 1406 2827 ler“ Kasimir Tobisch! Was ist er doch für eine pos¬
424 2803 1406 2861 sierliche, pfauenfedergeschmückte Hochstaplernatur!
427 2838 1397 2893 Wie rasch vergißt er Liebesstunden, wie klug weiß er
417 2876 1407 2930 zu verduften, als er hört, daß Therese in andern
423 2916 1398 2957 Umständen ist! Wie kann er doch schwindeln, und
425 2956 1402 3007 wie trefflich versteht er die Technik, eine Frau „ab¬
418 2995 639 3052 zuhängen“
679 2999 1404 3047 eine Fähigkeit, die bei allen Männern
417 3038 1309 3094 des Schnitzlerischen Buches hochentwickelt ist!
481 3061 1406 3137 Therese gebiert irgendwo in einer Pension ihr
424 3119 1403 3174 Kind, einen Knaben. Mit dieser Geburt ist ihr
431 3155 1401 3198 Schicksal zum zweitenmal festgelegt. Das Kind wird
421 3201 1408 3244 bei Bauersleuten untergebracht. Therese besucht es,
430 3232 1407 3295 sorgt sich um sein Werden und Wachsen, spart,
429 3275 1397 3327 schafft für sein Kostgeld; ihr Kind ist, neben den
419 3313 1408 3363 Männern, die sie im Lauf der Jahre kennen und
430 3353 1400 3415 lieben lernt, ihr zweites verborgenes Leben neben
413 3395 1048 3452 ihrem offiziellen als Erzieherin.
483 3425 1391 3482 Das Leben fließt weiter — wie ein breiter vol¬
424 3461 1406 3532 ler Strom läßt es Schnitzler an uns vorbeiziehen.
416 3499 1400 3547 Neue Stellen, andere Kinder, andere entgegenkom¬
428 3542 1400 3599 mende Hausherren, neue freundliche oder bissige Her¬
422 3584 1406 3640 rinnen! Im Ganzen ist aber doch eine Stelle wie
418 3612 1395 3662 die andere: Man wird bezahlt, man hat sich zu fügen
441 3663 1392 3729 — oder man kann gehen, die Türe ist offen. Dank¬
419 3697 1253 3768 barkeit der Zöglinge? Kinder sind Kinder.
482 3731 1407 3790 Und Männer sind Männer. Therese gibt Leiden¬
413 3780 1400 3814 schaft, Liebe, erhofft seelische Dauer — was sie er¬
428 3810 1398 3860 hält, ist meist flüchtige Lust! Die Türe ist offen,
423 3859 1405 3914 auch bei den Männern — man kann gehen. Und
421 3882 1398 3947 immer geht sie innerlich bochaufgerichtet von ihnen,
421 3928 1387 3976 nie demütigt sie sich — insofern hat sogar eine Er¬
416 3956 1402 4025 zieherinnenstelle innere Unabhängigkeit zu verschen¬
416 4006 1398 4053 ken! Weshalb kann sie keinen Mann auf die Dauer
412 4039 1411 4107 fesseln?= Weil sie zu anständig, zu wenig berechnen¬
1922 130 2239 199 Therese
2390 130 2763 215 box 6/2
1685 130 2247 233 35. T.  1
1381 634 3305 700 des Weibchen ist? Innerlich zu selbständig, zu ab= Lektüre findet man den Ton fast allzutrocken in
1396 682 2352 734 geschlossen, zu überlegen? Oder einfach, weil sie
2350 679 2762 740 seiner Sachlichkeit —
2754 679 3308 734 bis man sich den Untertitel
1394 711 2340 780 um die letzte, unabänderliche Einsamkeit aller Men¬
2350 726 3302 785 des Romans „Chronik eines Frauenlebens“ nochmals
1399 753 2011 816 schen weiß? Vielleicht auch das.
2356 760 2761 814 ins Bewußtsein ruft.
1450 773 2361 846 Sie schilt sich oft dumm, daß sie so heimatlos ist.
2407 782 3305 851 Eine Chronik, ja! Aber wie gepreßt voll ist sie!
1396 814 2345 884 Sie mietet eine kleine Wohnung, gibt Stunden,
2357 821 3308 878 Kein „moderner“ Roman, gewiß nicht, auch die Pro¬
1401 874 2347 920 schlägt sich schmal durchs Dasein. Sie liebt eine
2355 865 3315 923 bleme sind es nicht, falls man bei dieser objektiven
1394 907 2355 947 Schülerin — wie entzückend verhalten und zart schil¬
2351 916 3300 961 Schilderung überhaupt von „Problemen“ reden darf.
1400 952 2339 1003 dert Schnitzler diese Episode! Der Vater ihrer Schü¬
2356 955 3308 1019 Dafür aber bietet er in seinem unabänderlichen Ab¬
1391 982 2349 1035 lerin wird ihr Freund, ihr Bräutigam, will sie hei¬
2356 987 2991 1051 lauf ein erschütterndes Lebensbild.
1393 1027 2354 1066 raten — doch vorher soll ihr Junge nach Amerika
2404 1024 3305 1091 Und auch diese Erkenntnis weckt Schnitzlers Buch:
1391 1061 2344 1111 geschafft werden — sie wehrt sich dagegen. Ihr Sohn
2350 1075 3304 1124 der Naturalismus hat heute noch — oder heute wie¬
1405 1107 2351 1161 ist allerdings nicht so, wie er sein sollie. Scheu,
2353 1114 3309 1164 der? — größte Bereicherung zu verschenken! Und:
1399 1130 2348 1199 heimtückisch, verlogen von Jugend auf, keiner Güte
2363 1153 3316 1208 Detailmalerei kann, wenn sie im Rahmen des zum
1393 1181 2354 1239 zugänglich. Heute wohnt er bei der Mutter, morgen
2357 1188 3313 1242 Hauptbild Notwendigen geschieht, immer noch Offen¬
1392 1221 2338 1269 verschwindet er in übler Gesellschaft, übermorgen
2364 1224 3318 1279 barungen bringen. Schnitzler besitzt eine eminente
1406 1260 2352 1302 sitzt er im Zuchthaus. Er erpreßt ihr schwerver¬
2353 1260 3304 1318 Habe, Einzelheiten zu sehen, aufzufassen, sie wieder¬
1405 1296 2152 1339 dientes Geld, sie gibt ihm schuldbewußt
2179 1299 2331 1349 hat sie
2365 1301 3321 1360 zugeben, so schlicht und simpel, als ob diese Funktion
1392 1332 1747 1390 ihn nicht geboren?
1801 1333 2343 1390 ihre letzten Rappen. „Mical
2353 1334 3190 1398 des Gehirns zu den Alltäglichkeiten gehörte.
1395 1374 2349 1429 insanity“ konstatiert ihr Jugendgeliebter, der Arzt.
2425 1380 3309 1437 Spannung und Anteilnahme des Lesers lassen
1452 1418 2358 1479 Die Ehe, die endliche Geborgenheit, ist in greif¬
2366 1427 3315 1476 ährend den annähernd 400 Seiten kaum nach. Das
1401 1459 2352 1505 barer Nähe — da wird ihr Freund vom Schlag ge¬
2382 1469 3305 1520 mmt daher, weil das Leben so vor uns steht wie
1394 1504 2345 1547 troffen, sinnlos, dumm, wie der Tod so ist! Und
2363 1500 3307 1564 (ist: reich und arm, voll und leer, schön und häßlich
1393 1536 2351 1581 doch ist sie erleichtert denn liebte sie wirklich ihren
2358 1551 3311 1606 gut und gemein — letzten Endes aber doch wohl
1398 1574 2349 1624 Bräutigam? Liebte sie nicht seine Tochter? Wollte
2351 1591 3305 1639 grausam und dumm: Armut des Geists und Gemjts;
1395 1612 1902 1677 sie nicht bloß Versorgung?
2352 1617 3306 1677 Noi der Einsamkoit, die durchlitten wird; Häßlichkeit
1461 1646 2353 1717 Eines Tages erscheint ihr Sohn wiederum, Ver¬
2359 1668 3315 1707 des Eristenzkampfes — dunkel waltendes Schicksal,
1392 1674 2348 1743 langt Geld, bedrängt sie. Er will mehr, mehr...
2351 1703 3312 1757 das immer wieder stärker ist als bewußter Wille!
1405 1737 2347 1794 Durchsucht ihren Schrank. Sie setzt sich zur Wehr.
2349 1740 2896 1814 (S. Fischer Verlag, Berlin).
1452 1773 2356 1831 Und das einzigemal in ihrem Leben, da sie sich
2840 1778 3287 1861 Elisabeth Thommen.
1400 1810 2354 1874 handgreiflich und tatsächlich zur Wehr setzt, hat sie
1395 1847 2363 1901 auch verspielt: sie erstickt in den würgenden Händen!
1398 1895 2230 1946 ihres Sohnes — das Schicksal hat sich erfüllt
2279 1897 2369 1946 er,
1390 1933 2377 2005 den sie bei seiner Geburt töten wollte, hat nun sie
1396 1971 1565 2037 getötet!
1817 2002 1928 2075 II.
1444 2050 2360 2123 Schnitzler hat tief in das Leben hineingegriffen.
1396 2104 2364 2161 Nur ein Mensch, der weite Bezirke und Schicksale
1394 2146 2369 2194 übersieht und aus einer unerhörten Fülle schöpft,
1398 2188 2370 2257 kann ein solches Buch schaffen. Zu Beginn der
