3296 4256
474 223 839 295 Therese
268 222 836 338 35. J
967 220 1363 311 box 6/2
850 893 1296 982 Jeptember 20, 1028
2472 846 2643 985 8050
947 1052 2530 1142 From THE INNER SANCTUM o/—
2529 1069 2725 1191 G
956 1127 2498 1239 SIMON AND SCHUSTER
949 1239 1260 1310 Publishers
1300 1236 2499 1322 „ 37 West 57th Street „ Neu Fork
843 1365 1706 1449 ( 40. rhe Inner Saneium regards ine vuri¬
1724 1375 2595 1454 (220.2 Sambi, lor instance, would have
846 1449 1707 1515 ous functions of publishing in the following or¬
1738 1451 2582 1494 been a better looking book, had the green stripe
844 1485 1211 1547 dier of imporlance:
1733 1497 2366 1551 onthe jucket been a shade lighier.
883 1537 1711 1603 1. Editorial work (Securing and choosing
957 1578 1214 1630 manuscripts)
1725 1550 2594 1657 (20.40.2) The jucket on Shon Cirl came out
875 1610 1224 1672 2. Manufacturing
1738 1630 2413 1696 even better than we had anticipated.
885 1645 1424 1715 3. Advertising and Publicity
881 1682 1093 1742 4. Selling
877 1712 1508 1787 5. Accounting and Auministration
1734 1683 2619 1777 (2.D) one of ihe unnoticed advantages
1739 1767 2594 1816 of a successful book (that goes into further
1727 1796 2596 1859 printings) is that small mistakes can be cor¬
850 1782 1707 1878 Gchc Tolay ve have somie nevs on De¬
1738 1842 2599 1896 rected. The new jacket for Rambi will be im¬
862 1870 1453 1934 partment No. 2—Manufacturing.
1733 1877 2604 1930 proved. Booksellers probably noticed the im¬
1739 1921 2592 1966 provements on the Story of Philosophy that came
1730 1960 2604 2003 with almost each printing. Shom Gird we haven't
843 1930 1702 2010 4 When vour Correspondent Nas in
1729 1993 2598 2042 changed at all, except to add a narrow orange
863 2009 1710 2055 Vienna this summer he met the head of the
1732 2026 2605 2086 band containing some of the reviews. It snaps
856 2042 1721 2092 Manufackuring Department ol Paul Zsolnar
1736 2072 2591 2119 up the jacket physically, and the reviews quoted
857 2076 1713 2136 Ferlag. Henn ANpon Baaus. For a vear pre¬
1737 2112 2564 2170 make the book even easier to sell than before.
856 2119 1718 2172 vions to this The Inner Sunctum had been corre¬
860 2156 1713 2205 Sponding with ZsoLNar and BrauN in an en¬
852 2191 1710 2236 deavor to arrange for his joining us over here.
1732 2160 2593 2275 42. Non hmek 16 Uhnr Sales Depariment:
857 2233 1716 2284 This summer arrangements were made, and HERR
854 2272 1322 2330 BaauN arrived last weck.
1733 2249 2617 2344 (## rnis is written u lem days belore—
1739 2336 2586 2391 the publication of Theresa by Aurays Schnirz¬
846 2317 1703 2416 4The Inner Semeium dors vol pro¬
1733 2373 2594 2424 LER. The first edition of 4.000 copies is al¬
849 2397 1710 2454 pose to start a revolution in book formats. HE
1730 2408 2596 2465 ready sold out. Although we have not tried for
850 2445 1707 2492 BRAUN (Trom now on we shall call him Mister)
1731 2457 2598 2503 a large advance sale, this is 25% greater than
857 2477 1716 2523 will begin introducing some of the Viennese
1725 2485 2605 2544 the advance on any other Schnitzler hook we
848 2518 1713 2565 methods of book design and production, and we
1736 2525 2041 2579 have published.
850 2556 1606 2623 shall wait and see how they are received.
1741 2574 2584 2653 (A 20.2) The reuson for ihis is possiblg be¬
1743 2641 2592 2715 çause Theresa is the first full length novel of
852 2615 1715 2711 4 Wille Vour Corresprndent hus bieen
1730 2694 2410 2752 Schnitzler to appear in filteen years.
847 2698 1714 2735 in charge of Manufacturing, he will not alto¬
846 2727 1721 2791 gether relinquish the joh. But to be relieved
852 2776 1717 2819 of some of the details will mean more time for
1722 2750 2599 2834 4.2.2) The totnl sales to date on other
850 2816 1717 2862 Editorial, Advertising and Selling work, and also
1730 2824 2109 2879 Schnitzler titles are:
847 2853 1677 2915 a day off now and then and a good thing, 100.
1799 2838 2521 2906 Daybreak 7,235
1793 2890 2521 2956 Rhapsod, 8,205
1806 2937 2514 2992 None But The Brore 4,117
848 2917 1707 3001 404.2 Pleuse note ihe manufncturing job
1802 2969 2530 3033 Beatrice 7,825
851 2986 1708 3034 on The Twilight of the American Mind by
1809 3006 2533 3064 Fraulein Else 11,749
855 3032 1726 3074 Warren B. Pirkis. The jacket was fashioned
859 3060 1713 3109 on the design of our fall cataloguc. It is al¬
1730 3048 2595 3150 (A120.2) rhis is probabiz much less than
851 3105 1714 3144 most good, but a few minor changes will be
1723 3126 2586 3182 has generally been supposed. But small as they
850 3131 1706 3196 made on the second printing—which according
1726 3172 2595 3221 ##re, The Inner Sanctum is prond of the figures.
852 3173 1709 3237 to advance indications should be forthcoming
1741 3215 2584 3278 They represent a steady, vear in and vear out
1733 3257 2220 3315 interest in a great author.
848 3267 1701 3368 4 rhe inner Sameium wus partieularlz
1723 3297 2590 3394 (A202) we feel that verg possibly Therese
851 3346 1704 3410 pleased with the appearance of Dhe Friend of
1740 3381 2594 3428 may do much better than any of the predeces¬
859 3386 1712 3442 Jesus. This is said with an air of grateful¬
1738 3424 2599 3463 sors. If so, then ihe rather extensive advertis¬
852 3421 1708 3476 ness rather than smugness. No matter hon
1736 3445 2589 3509 ing we have done for his other books will have
855 3459 1717 3524 carefully a book is designed, the appearance of
1735 3489 2012 3558 been justified.
854 3497 1714 3559 thaf first copy that arrives from the Lindery is
2314 3519 2549 3588 EsSANpEss.
853 3537 1329 3604 75% a Thing of Destiny.
