3484 4256
502 135 838 208 Therese
282 134 836 241 30. 1
947 131 1357 224 box 6/2
1554 1499 1807 1669 72
821 1593 1478 1683 M.###mmmnnummnnnunmmnumsert
1462 1658 1667 1708 nnmnrungur
803 1684 1850 1771 JARGUS SUISSE ET INTERNATIONAL
1058 1744 1606 1804 DE LA PRESSE S. 4
954 1791 1722 1855 23. rue du Rhone. Gendve
818 1838 1843 1920 Adr. télégr.: Coupures-Genève — Tél. Stand 40.05
813 1920 1842 1994 TBureau International de coupures de journanx]
971 1981 1711 2039 Traductione de et en tontes langne¬
1610 2005 1859 2070 AE
850 2095 1822 2157 Correspondants dans toutes les grandes villes
826 2220 1252 2287 Extrait da Journal¬
1093 2174 1756 2346 annit ind 1n Un.
840 2318 1031 2385 Adresse
1151 2347 1610 2506 12.0l. 628
830 2425 1047 2487 Dute
1201 2565 1684 2642 Literarische Notizen.
993 2614 1938 2694 „Das Buch des Monats.“ Welche Bücher be¬
918 2675 1944 2729 reichern unsere Empfindungen, unser Wissen, unsere
917 2708 1948 2768 Ahnungen? Wer garantiert, daß man aus der Viel¬
925 2747 1944 2810 heit der sich jagenden Erscheinungen immer das wirk¬
919 2798 1941 2855 lich wertvolle, mit dem Geist unserer Zeit verflochtene
919 2819 1209 2882 beransgreift?
2040 1001 3094 1068 Solche Ueberlegungen führten zu einer Neugrün¬ni
1986 1054 3017 1109 dung, die sich „Buch des Monats“ nennt, und die vom
3026 1062 3101 1114 W
1985 1095 3010 1144 „Deutschen Buch=Klub“ in Hamburg geleitet
3022 1102 3093 1156 ob
1986 1123 3006 1187 wird*). Dieser Buchklub liefert seinen Abonnenten
3023 1139 3092 1187 ge
1984 1164 3010 1222 jeden Monat irgendein Buch irgendeines Verlegers.
3028 1179 3101 1229 sa)
1979 1209 3086 1262 Das heißt: es ist eben nicht „irgendein“ Buch, sondern ge
1987 1254 3020 1297 ein gutes, getstreiches, spannendes, künstlerisches Buch.
3016 1255 3081 1309 A
1980 1282 3077 1340 Diese Monatsbücher sind alle, obgleich sie aus verschie= u
1982 1321 3016 1377 denen Vetlagen stammen, gediegen und einheitlich
1976 1365 3012 1403 (ganzleinen) gebunden. — Außer den Monatsbüchern
1984 1403 3010 1453 stehen allmonatlich Ersatzbücher zur Verfügung,
1981 1437 3012 1499 die der Abonnent jederzeit statt des regulären
1984 1468 2535 1524 Monatsbuchs beziehen kann.
2041 1497 3022 1570 Ehrenpräsident des Buchklubs sint Dr. Prinzhorn,
1976 1536 2989 1607 N#d. G. Binding und Hugo von Hofmannstal —
1969 1588 3014 1648 Namen, die für eine wirklich gediegene Auswahl bür¬
1972 1617 3020 1686 gen. — Der Leser ist fkeptisch? Denkt an Thomas Mann.
1977 1662 3011 1735 der auch schon für eine Bücherfolge seinen ruhmum¬
1977 1703 2563 1748 strahlten Literatennamen gab?
2022 1738 3008 1787 Die bisher im Bücherklub erschienenen Werle be¬
1963 1780 3006 1834 ruhigen. Es sind folgende: Hamsun: Landstreicher.
1976 1818 3013 1876 Binding: Elebtes Leben. Däubler: l'Africana.
1969 1861 3005 1917 Carossa: Verwandlungen einer Jugend. Siwert:
1964 1899 3017 1954 Das große Warenhaus. Zweig: Dichter ihres Le¬
1972 1921 2098 1972 bens.
2102 1936 3013 1993 Schmidtbonn: Mein Freund Dei. Als
1969 1961 2438 2028 Julibuch erscheint Sich,
2650 1977 2863 2029 „Therese“.
2022 1989 3011 2071 Unter den „Ersatzbüchern“ flsden wir Werke wie:
1978 2046 3001 2107 Schickele: Blick auf die Vogesem Kollontay:
1963 2081 2999 2150 Wege der Liebe. Undset: Olav Audnnssohn. Pon¬
1960 2134 3008 2185 ten: Studenten von Lyonz (Wasbermann: Fall
1966 2169 3005 2234 Maurizlus. Gorki: Erinnèrungen. Hesse: Step¬
1966 2196 2893 2263 penwolf. Keyserling: Spektrum Europas.
2026 2233 3003 2304 So wächst dem Abonnenten im Lause der Monate
1955 2277 3004 2342 eine wirklich wertvolle Gegenwartsbibliothek ins Haus.
1952 2316 2995 2379 die einen Querschnitt durch die geistigen Strömungen
1955 2356 3004 2423 unserer Zeit gibt. Außerdem erhält der Abonnent
1964 2397 2722 2457 eine Monatsschrift mit Hinweisen gratts.
2811 2408 2966 2465 E. Th.
2001 2444 3003 2515 Encyclopaedia Judaica. Coeben ist im
1954 2480 2998 2547 Verlag Eschkol A.=G., Berlin der zweite Band der
1964 2528 2992 2594 „Encyclopaedia Judaica“ zur Ausgabe gelangt, deren
1948 2543 2991 2629 erster Band vor sechs Monaten erschienen ist. Dieses
1957 2610 2988 2671 auf 15 Bände berechnete, in seiner Weise einzigartige
1955 2646 2984 2707 Werk unternimmt, zum ersten Mal in deutscher Sprache,
1955 2684 2991 2763 den Versuch, unter Mitarbeit führender jüdischer und
2013 2759 2987 2826 *) Generalvertreter für die Schweiz: Dr. Oprecht
1963 2801 2993 2879 u. Helbling, Bücherstube und Versandtbuchhandlungen,
1957 2840 2378 2912 Rämtstraße 5, Zürich.
