3436 4256
489 209 816 285 Therese
957 217 1339 306 box 6/2
270 202 826 323 35. J n. 22.—
827 521 2389 683 AnrnUn SCHNTZLER: „THERESE‘
1007 674 1152 725 ENET
693 663 2485 746 In dieser „Chronik eines Frauenlebens (bei freiten, nun doch zu dichterisch. Diese Messer¬
655 741 2493 789 S. Fischer, Berlin) steigt Schnitzler, der gestem-Pspitze von waltender Strafe, diese zwangvolle
652 758 2483 841 pelte Darsteller österreichischer Aristokratie und l Auswirkung eines in höchster Not keimenden
647 800 2491 868 des Leutnants der Vorkriegszeit, in die bürger-Mord-Gedankens ist in einem Buche, das reiner
1566 836 2495 904 Bericht sein will, nicht am Platze. „Jeder hat
652 858 1574 925 liche Ebene. Er gibt Bericht, einen ganz ein¬
1572 869 2483 946 eine Mord-Ecke in seinem Gehirn“, hat kürzlich
657 887 1568 954 fachen Bericht, über das Leben einer Gouver¬
1570 916 2477 963 ein Gelehrter gesagt. Millionen kommen behag¬
657 928 1579 986 nante und Lehrerin. Man könnte ihn die Ge¬
1571 950 2482 1004 lich durch ihren Tag, von der Mord-Ecke un¬
2489 948 2636 1032 22
663 962 1570 1022 schichte einer Niete nennen oder einen Schlecht¬
1573 990 2498 1045 behelligt. Warum muß gerade die arme Therese
665 1004 1565 1074 weggekommenen oder das Dasein einer Ano¬
1586 1037 2376 1086 ihre Wunsch-Vision so schwer bezahlen?
668 1039 1564 1112 nymen oder Bilder aus dem Durchschnitt.
665 1085 1570 1155 Diese Therese. ungeschmeicheit und ganz un¬
1620 1065 2529 1143 Man lese das Buch, ohne sich um die meta¬
665 1109 1569 1187 pathetisch geschildert, ohne besondere Kenn¬
1575 1116 2616 1172 phiysischen Verknüpfungen groß zu kümmern. —
654 1158 1572 1226 zeichen, nicht schön, nicht klug, nicht tempera¬
1581 1164 2617 1218 Seine gewollte Schmucklosigkeit (es ist erstaun¬ —
659 1202 1571 1253 mentvoll, eine aus Hunderttausenden, die uns
1592 1201 2492 1255 lich, wie oft der Vortrag bei dem sonst so ge¬
667 1233 1576 1294 täglich über den Wegagehen, spult in diesen
1579 1237 2488 1298 pflegten Schnitzler banal und alltäglich klingt)
660 1270 1580 1343 400 Seiten ein armseliges Leben ab, hoffend,
1590 1268 2503 1338 wird stärker ergreifen, als schillernder Aufbau
656 1311 1579 1364 verstrickt, schicksal-umfangen, von Trieben ge¬
1579 1317 2505 1365 und jähe Dramatik es vermöchten. Strecken¬
2488 1321 2633 1402 20
654 1347 1570 1396 stachelt, von Verzicht umblaßt, vom Hunger ge¬
1583 1362 2495 1410 weise ist es trostlos nüchtern, ermüdend, dünn,
660 1381 1569 1449 führt, von Sehnsüchten durchzirkt. Nun liegt
1580 1395 2505 1457 es sickert langsam vorwärts, selten nur finden
664 1423 1580 1471 sie auf dem Friedhof, eine Namenlose, und in
1593 1430 2606 1488 sich die Schnitzler so geläufigen aphoristischen S
660 1459 1581 1512 zwanzig Jahren wird eine andere Namenlose die
1594 1473 2607 1529 Prägungen und jene flimmernden Stimmungen
671 1507 1164 1576 stille Kammer beziehen.
1582 1508 2500 1559 des Zwielichts, in denen er Meister ist. Das öde
1596 1543 2506 1601 Einerlei einer dienenden Existenz wird einem
718 1539 1579 1617 Ich weiß, wo der Dichter hinauswill. Schnitz¬
1584 1583 2506 1641 nicht geschenkt. Es gilt, Therese zwanzig- oder
664 1597 1573 1647 ler hat uns in seinen Büchern soviel Skepsis
1590 1607 2512 1681 dreißigmal auf der Suche nach Stellung zu be¬
668 1632 1577 1692 und Pessimismus ins Blut geträufelt, daß diese
1592 1658 2648 1723 gleiten, die graue Misere des Erwerbens zieht 4.
673 1673 1573 1735 einfache Chronik, von keiner Tendenz getragen,
1587 1704 2502 1748 durch die Chronik, eigentlich passiert nichts
671 1713 1574 1769 nicht mißverstanden werden kann. Zwischen den
1597 1742 2499 1792 Außergewöhnliches, auf ieder Seite klopft der
672 1753 1576 1815 Zeilen, zwischen diesen einfachen Feststellungen,
2510 1747 2627 1831 5
1585 1773 2498 1836 Alltag an. Ein Zug von Gestalten treibt vorbei,
671 1794 1575 1859 an jeder Wege-Markierung von Theresens
1598 1800 2502 1859 „gehen vorüber“, wie es im Theater bei kurzen
672 1826 1582 1893 Lebensfahrt, stehen die Fragen: Wozu das alles?
1585 1840 2499 1902 Episoden heißt, aus Häusern, in denen Therese
685 1860 1585 1932 Welchen Sinn hat das Dasein? Welche irdische
1597 1895 2499 1941 dient, von Kolleginnen in gleicher Lage, von Be¬
678 1905 1583 1959 Macht, welche überirdische Macht erzeugt
1591 1928 2505 1988 kanntschaften, die sie macht, von Männern,
677 1942 1583 1991 diese Fürchterlichkeiten? Warum ist Therese,
1598 1960 2511 2019 denen sie sich gibt, Schülerinnen gleiten durch,
665 1979 1577 2032 die nicht besser und nicht schlechter ist als alle
1601 2008 2518 2049 der verrückte Vater ist da, die schreibwütige
666 2019 1582 2086 anderen, verurteilt, immer wieder unter die
1595 2048 2517 2098 Mutter, der streberische Bruder, ein Freund und
669 2053 1585 2111 Räder zu kommen? Was vielen gelingt, warum
1593 2081 2522 2146 wieder Männer, Familien, verklafft oder gesam¬
680 2095 1589 2157 ihr nicht? Welche geheimnisvollen Kräfte welche
1607 2120 2593 2176 melt Brotherren, Hochstapelnde, Leutnants.
675 2130 1588 2191 Zufälle haben ihre Hand im Spiel? Wie weit
1598 2161 2515 2215 welch ein Gemisch, kurz und sicher skizziert mit
670 2171 1595 2236 geht Theresens Verantwortung und wo beginnt
1592 2195 2507 2249 Schnitzlerschem Stift. Zu sehen ist, wie Men¬
683 2209 1590 2266 die ihrer Mitmenschen, der. Gesellschaft? Folgt
1597 2227 2685 2294 schen sich von einander entfernen, grauenhaft, 8
674 2249 1598 2297 dieses Mädchen einem unbeimlichen Gesetz,
1595 2273 2517 2331 wie die Familie Theresens auseinandergeblasen
675 2282 1593 2351 nach dem sie angetreten? Warum erreicht sie
1606 2304 2519 2361 wird bis zur äußersten Fremdheit, wie sie sich
682 2327 1586 2384 keinen Hafen? Ach, mit dem Hafen wäre es
1607 2352 2508 2402 kennenlernen, lieben, untertauchen und ver¬
2505 2343 2655 2428 8
686 2356 1595 2416 nicht getan. Das Buch zeigt eine Menge von
1596 2398 2518 2447 schwinden. Hält man ime, so ergibt sich der
682 2398 1593 2454 Menschen, die im Haten Gestrandete sind.
2559 2416 2640 2462 —
1595 2432 2515 2475 Blick auf eine Großst dt-Straße mit ihrem un¬
689 2442 1596 2499 In allen Stuben klirren die Ketten. Ueberall ge¬
2072 2473 2532 2530 dern Einanderstreifen
1590 2466 2081 2520 ablässigen Gewühl 1
685 2485 1318 2538 spenstert der Irrsinn des Seins.
1594 2505 2514 2551 oder einer Trambahnfahrt mit unzähligen Halte¬
742 2510 1587 2580 Nun freilich: Schnitzler belastet das Kinder¬
1608 2535 2536 2610 stellen, mit dem Auf und Ab von Gesichtern,
671 2566 1599 2624 fräulein mit einer Schuld, die den roten Faden
1606 2585 2141 2648 die sich wieder verstreuen.
691 2608 1595 2677 abzugeben hat. Therese hat von einem nichts¬
1652 2617 2527 2697 Mittelpunkt dieser Begegnungen bleibt immer
688 2649 1599 2720 nutzigen Kerl ein Kind empfangen. In der Stunde
1609 2677 2524 2725 Therese, die Stellung- und Glücksucherin, die
680 2691 1598 2751 der Geburt wünscht sie dem Kinde den Tod,
1607 2716 2518 2759 vor unsern Augen altert und verbraucht wird.
690 2717 1599 2793 in halber Bewußtlosigkeit glaubt sie es erwürgt
1613 2738 2636 2827 Schnitzler hat sie, noch einmal sei es betont, f#r
691 2762 1596 2816 zu haben. Dieses Kind wird ihr zum Fluch. Sie
1618 2797 2524 2842 nicht geputzt: Durchschnittl scheint er zu sagen,
702 2807 1599 2861 tut es aufs Land. Sie liebt es und es ist ihr
1610 2828 2527 2880 er wirbt nicht für sie, ohne besondere Anlagen
703 2841 1609 2899 unbequem. Sie tastet nach seinem Herzen und
1615 2861 2541 2920 ist sie mittelmäßig, eine wie tausend, ist „in
694 2878 1600 2945 fühlt es als Hemmung. Mit feinster Kunst ist
1620 2889 2653 2975 Stellung“ denkt mitunter nach, warum andere es
704 2918 1607 2973 das An- und Abfluten der Gefühle dargestellt,
1619 2941 2539 2998 besser haben, weiß nicht, daß ein Mißverhältnis
696 2957 1612 3007 die Anziehung des Mütterlichen und das Grauen
1624 2984 2550 3034 in der Zahl der Forellen und Heringe, der Zobel- —
706 2991 1601 3037 vor dem Fremdling, dessen Vater Therese kaum
1610 2996 2646 3075 pelze und Kaninchenfelle, der Rosen und Gänse¬
700 3036 1604 3094 kennf. Der Junge ist entartet, er wird ein Tu¬
1623 3059 2534 3109 blümchen besteht, sie macht einen Vorstoß hoch¬
698 3061 1610 3125 nichtgut, Stromer, Verbrecher. Als Mahner und
1621 3084 2620 3148 zukommen, probiert berum, hier eine Torheit, dor 4
713 3112 1603 3163 Forderer erscheint er von Zeit zu Zeit vor der
1619 3140 2638 3189 eine, hier ein Anspruch gewölbter Lippen und e
717 3137 1608 3201 Türe der Lehrerin, höhnt und beschimpft sie,
1621 3179 2527 3227 reifen Schoßes nach Erregung und einem An¬
714 3187 1613 3242 erpreßt Geld. Er darf es wagen, denn die Mutter
1613 3206 2544 3268 teil Lust, dert einer, Rückfall, zages Tasten nach
717 3221 1612 3273 ist ja „so eine“. Zum Schluß ein Mordversuch.
1606 3243 2617 3323 dem Warum, Warum? Ein Dummerchen, durch-
714 3267 1054 3330 Daran stirbt sie.
1610 3286 2538 3352 aus zu begreifen, eine in der Herde. Ihr Schick¬
758 3298 1616 3361 Ein Sonderfall? Vielleicht. Es gibt uneheliche
1628 3329 2527 3381 sal, ohne Tragik und Größe, ist das von Unge¬
701 3356 1610 3404 Kinder, die prächtig gedeihen und ordentliche
1627 3369 2542 3410 zählten, die unsere Erde konsumiert, eines derer,
705 3394 1607 3455 Menschen werden. Aber jeder Leser wird als
1621 3395 2631 3454 die vom Essen nicht und in ihrer Seeie nicht 4—
719 3437 1609 3495 möglich und wahr unterstellen, was Schnitzler
1619 3445 2543 3505 gesättigt werden und die man eines Tages be¬
719 3482 1621 3530 von Therese und Franz erzählt. Gut. Nur:
1632 3445 2646 3537 gräbt, ohne daß sie erfahren hätten, wozu sie“4
721 3503 1621 3561 Schnitzler hätte den Bericht dieses Lebens
1631 3524 2209 3571 eigentlich auf der Welt waren.
1667 3547 1886 3607 Se Anee
715 3541 1628 3604 schließen können, ohne sich seiner dichterischen
716 3583 1629 3638 Sendung zu erinnern. Er konstruiert eine poe¬
722 3620 1624 3673 tische Gerechtigkeit: Therese stirbt verklärt und
714 3660 1636 3722 sieht in ihrem Tode die Sühne für den gewollten
720 3694 1635 3751 Mord an ihrem Kinde. Der Dichter zieht einen
722 3734 1631 3799 Kreis ven jener Nacht zu dieser. Es mag sein,
732 3775 1631 3833 daß manche Leser diesen „gerechten“, Schluß
731 3819 1628 3875 tiefatmend billigen. Mir scheint er, trotz aller
703 3840 1643 3931 psychologischen Begründungen, die ihn vorbe¬
