3296 4256
330 48 1006 95 r. .  .
312 85 961 139 of what goes on from moment
315 122 932 175 moment in her mind and heart.
552 168 800 235 ATheresn."
332 206 1035 284 In manner and effect“Theresa' is
325 267 1028 310 quite other. A rather bard, dry, eir¬
327 289 1028 341 cumstantial account, truly a “chron¬
315 329 1031 376 icle“ of a life in which one is able to
312 361 1023 401 discover little charm or dignity. On
321 392 1021 426 the whole it is a chronicle of middle¬
314 425 1036 458 aged frailty by one who has outlived
317 459 1023 500 even middle age. Schnitzler is sorry
314 491 1031 535 for his Theresa as a person and as a
315 524 1025 576 symbol, but his heart doesn't bleed
316 559 1031 598 for her, his interest is chiefly scien¬
315 581 1037 624 tific; her pathos and her futility are
312 620 1024 657 fragments on the slide, to be serupu¬
317 653 1027 692 lously examined and meticulously
319 688 1029 725 noted. Perhaps the mood and method
317 701 1035 769 of a" Bertha Garlan'' are no longer
313 742 784 788 possible for this writer.
341 765 1033 818 Meanwhile youth and the abounding
317 816 1025 861 pitality of youth still express them¬
322 851 1027 887 selves through Baltie genlus. Franz
318 865 1036 913 Werfel, Frank Thiess are but two
316 909 1030 943 among the spokesmen and interpreters
314 940 1029 975 of the new generation. About a veur
322 967 602 1015 ago appeared
625 974 1023 1017 he Gateway to Life,“
321 1007 1019 1040 a version in English of"Das Tor Zur
315 1035 1028 1085 Welt.“ by Frank Thiess. It was, we
310 1071 1030 1117 heard, a member (not the first in
312 1101 1024 1143 point of time) of a tetralogy in which
309 1138 1017 1173 the younger generation of after-war
308 1165 1028 1214 Germany was to be presented. These
307 1203 1025 1244 four volumes were to deal with fairly
315 1230 1020 1270 clean-cut phases, infancy, adolescence,
309 1260 1031 1308 vouth and maturity. The Gateway t0
318 1306 1033 1338 Life“ covered the second phase. Now
322 1327 1035 1371 he third is set forth in“ The Devil’s
325 1363 1036 1402 shadow.“ The franslation apart from
318 1395 1031 1441 any question of accuracy is remark-
321 1430 1036 1469 ably spirited and flexible, without a
308 1459 1034 1507 trace of allen idiom. It is the kind of
308 1495 1031 1540 translation that makes you wonder 11
305 1525 992 1571 the original really does justice to it.
346 1555 1023 1602 But Frank Thiess perhaps lends
312 1584 1028 1639 himsef uncommonly to an English ren¬
2466 127 2555 190 eS
2268 122 2427 191 The
2139 125 2516 219 5.
2179 1248 2489 1324 S
2171 1321 2453 1400 GL
2676 1364 2873 1488 37
2092 1795 2590 1961 he firsl
2073 1945 2804 2116 Jult Tensin
2075 2098 2783 2252 nobel in 20
2073 2242 2645 2400 peuts hy
2177 2478 2818 2563 Scilntzler
1787 2525 1852 2582 5
1646 2522 1749 2609 0
1837 2742 2853 2915 Nowmitsth
2218 2872 2719 3015 Printing
2187 2989 2686 3097 7 322 Everpuhere
1657 3377 2661 3427 THE CHRONICLE OF A WOMANT LIFE
1491 3427 2825 3494 SIMON AND SCHUSTER, INC., 37 West 571St., New Vork City
2846 126 2941 192 0 X
3036 118 3113 197 2
