3296 4256
257 167 828 261 35. Therese
484 224 957 300 #
952 159 1347 274 box 6/2
1283 903 2446 1015 THERESE OU LES AMOURS VIENNOISES. 433
1016 1010 2440 1093 vieux manuscrit que l’auteur aurait retrouvé naguère dans ses
1014 1083 2437 1138 tiroirs. Celte Thérése, en effet, sans étre le moins du monde un
1012 1124 2429 1219 roman historique, nous transporte en arrière asscz loin du
997 1181 2439 1272 présent, dans un monde d’hier qui déja commence à nous
1014 1239 2441 1309 apparaitre dans une persperlive poctique. C’est unehisloire d’un
1004 1295 2426 1376 passé tout proche et pourtant aboli, une histoire de la jolie
1026 1357 2439 1438 Vienne d’autrefois, la Vienne d’avant les malheurs, la Vienne
1012 1412 2434 1489 de ce temps dont on dit & C’était le hon temps v: les fiacres
1014 1470 2436 1564 goguenards et philosophiques dans les rues, les équipages sur
1019 1539 2439 1614 le Hing, les courses de la Freudenau, les canotages sur les
1012 1604 1561 1683 petits bras du Danube.
1085 1626 2438 1731 En général, scit paresse, soit goüt, l’auteur répugne aux
1017 1729 2435 1800 grands efforts et aux ouvrages de longue haleine. Le roman
1031 1764 2437 1861 effraie sa nonchalang II n'avait fait encore en ce genre qu'un
1029 1824 2435 1914 seu livre, d’ailleurs magnisique, une sorte d’Education senti¬
1025 1909 2441 1962 mentale, l’amour libre et la question juive (on sait que
1021 1937 2441 2027 M. Schnilzler est d’origine israélile), un de ces livres ou un
1028 2001 2445 2094 homme verse toute son expérience. L’auteur v abordait ce point
1025 2054 2445 2151 central de son cuvre, le problème du rapport des sexes et de la
1022 2108 2442 2196 destinée de la femme. On peut croire que l’idée de son nouveau
1031 2176 2442 2251 roman est contemporaine du premier. La triste aventure de
1038 2235 2437 2311 Thérèse Fabiani compléte la mélancolique histoire d’Anne
1031 2290 2443 2375 Rosner. On s’explique que l’héroine ait conservé l’atmosphère
1032 2341 2448 2431 du temps ou elle a vécu: c’est une ancienne compagne de la
1019 2416 2452 2508 jeunesse de l'auteur. Sans la décrire, rien que par sa date, nous
1024 2463 2442 2536 savons la femme qu'elle était: jupes longues, cheveux longs,
1037 2530 2456 2600 la taille pincée par le corset, de la pointe de ses bottines
1035 2579 2448 2669 jusqu'à la forme du chapeau, depuis les froncés de la robe et de
1025 2648 2458 2741 l’ombrelle jusqu'á son linge et à ses dessous, sa silhouette nous
1042 2721 2440 2777 est familière comme celle d’une figure de Maupassant ou de
1030 2759 2452 2843 Bourget; d’avance nous connaissons ses gestes, sa démarche, la
1041 2818 2463 2916 qualité de créature, l’ensemble de sentiments féminins qu’elle
1029 2894 1351 2966 représente.
1108 2917 2448 3029 Sans qu’ily paraisse, M. Schnitzler, cet ancien humoriste
1035 3003 2453 3087 ou cel s auteur gai n, comme nous dirions, est peut-être
1030 3049 2455 3125 aujourd'hui ce qu'il ya de plus classique en Allemagne, j’en¬
1035 3121 2451 3188 tends classique à l'allemande, qui n'est pas tout à fait la
1040 3160 2443 3243 manière française: c’est une façon de conter, un art de
1046 3224 2449 3316 conduire le récit d’une manière paisible dans un long dérou¬
1046 3300 2456 3380 lement de temps (qui embrasse, dans Thérése, une durée d’une
