3296 4256
328 157 891 257 35. Therese
564 217 913 302 144CS
933 176 1042 293 8
1040 163 1432 272 box 6/2
1163 894 1304 966 436
1562 899 2188 1003 REYUE DES DEUX MONDES.
1172 985 2592 1077 quelques années heureuses, la ville ou lon se perd dans la
1160 1057 2578 1140 foulé anonyme, ou il y a des magasins, du monds, la fortune,
1170 1121 2600 1212 au moins l’occasion, l’aventure? Et voilà Thérèse qui se jette
1157 1170 2280 1248 n Teau, prête à recommencer sériensement la vie.
1239 1236 2598 1310 Rien de plus désarmé à celte date qufune jeune ülle du
1168 1310 2585 1373 monde: Thérèse n’a aucun métier; sans brevel, sans certili¬
1166 1350 2596 1440 cals, sans relalions, sans talents, c’est une rude entreprise que
1164 1401 2582 1490 de trouver à se caser, mème en ce temps ou il y avait plase
1169 1455 2585 1539 pour une institutrice dans les familles bourgeoises. Elle fait le
1163 1526 2591 1609 tour des adresses au'elle trouve dans les petites annonces. La
1168 1592 2581 1666 vollà réduite à entrer au pelit bonheur dans les maisons on
1165 1643 2581 1726 T’on veut bien d’elle, et c’est pendant des pages un voyage à¬
1167 1679 2583 1775 Travers tous les milieux et à tons les élages de lancienne bour¬
1156 1768 2587 1839 geoisie viennoise: familles du commerce ou de Tindustrie,
1168 1818 2587 1897 médecins, avocats, rentiers, quelquefois une maison de banque,
1169 1890 2585 1962 un jeur les beaux quartiers, plus souvent les rues noires du
1161 1950 2588 2017 centre de la ville, chassée d’un endroit par la crasse, d’un
1158 1995 2585 2066 antre par l'avarice et le caraclère acariätre, persécutes ici par
1163 2053 2579 2107 les avances du maitre d’hôtel, ailleurs par celles du patron.
1152 2102 2587 2195 Souvent elle ne reste en place que quelques jours et c’est le
1157 2168 2586 2256 côté le plus décourageant de son métier. Une fois, dans une
1165 2228 2586 2290 maison ou elle se plaisait, il lui arrive de surprendre une
1159 2286 2581 2349 conversation galante de la dame du logis, et le lendemain elle
1155 2348 2582 2430 est remerciée. Ailleurs, elle n'y tient plus devant d’horribles
1164 2408 2591 2487 scènes de ménage. Une autre fois, elle se trouve à l'aise,
1162 2463 2581 2520 presque en famille dans la maison d’un négociant: elle
1158 2519 2581 2583 s'attache à son petit éléve, le veille trois nuits de suite dans
1153 2567 2573 2653 une maladie; enfin eile rencontre un foyer, du bien-être, se
1163 2636 2579 2691 croit à l'abri pour longtemps: un matin, elle apprend que
1161 2703 2572 2779 Mademoiselle revient, et qu'elle n’était qu'une remplaçante.
1165 2744 2588 2810 Elles’en va en pleurant toutes les larmes de son corps. On lui
1161 2812 2592 2906 donne un petit souvenir de cinquante franes, et la voilà sur le
1151 2866 1309 2953 pavé.
1228 2900 2573 3008 Elle décide alors d’exercer son devoir d’une manière loute
1162 2999 2586 3065 mécanique. Elle arrive à régler ses sentiments comme une
1167 3048 2577 3133 montre. Avec letemps, T’oubli vient: elle est guérie de Max;
1155 3105 2576 3171 elle se croit sauvée de Tamour. C’est alors qu'elle rencontre
1155 3167 2589 3248 Casimir. 6 En veston clair tout flambant neuf, mais qui allait
1152 3228 2585 3305 lout de travers, Hottait d’une manière risible autour de son
1147 3294 2588 3371 corps efflanqué, il s’avançait en sautillant, les deux mains dans
