3484 4256
536 154 870 225 Therese
1018 155 1392 233 box 6/2
313 148 878 261 39. Snnenn
440 504 817 569 M######mmmmaamm.
1216 511 1491 584 Me.u
517 610 1427 697 Argus Suisse ei international de ia Prosse S. A.
632 673 1299 741 23, Nue du Hhöne - GENEVE
491 726 1460 798 gür lelegr.: Coupures-Genéve - Tél. Stand 40.05
501 838 1444 910 Bureau international- de coupures de journaux.
603 890 1342 956 Traductions de et an toutes langlles.
472 1020 1457 1084 Correspondants dans toutes les grandes villes.
437 1126 875 1211 Eotrait du Journal
1150 1183 1337 1286 r
437 1236 673 1305 Adresse:
433 1248 1217 1399 pn Ast. — 9.000.—
1606 1345 1912 1416 Z
1417 1473 1562 1556 DE.
1139 1460 1342 1553 S I
1561 1449 2004 1575 LTSRO
1323 1521 1463 1597 0
1697 1546 1948 1608 SE hete e re 2
889 1456 1048 1607 10
805 1544 846 1602 0
1761 1577 1896 1634 S
1466 1635 2118 1696 ta los cocheros. Los vieneses no se
1003 1640 1267 1714 NOVELA
1479 1694 2116 1734 contentan con la primavera natural;
804 1686 1459 1754 ARTHUR SCHNITZLER: +Tere¬
1474 1730 2114 1766 poniando calerecciön zubterräneg, u
854 1741 1465 1803 se“; 391 päginas.] 5. Fischer
1479 1760 2118 1796 los bulevares mäs frequentudos, es¬
461 1750 580 1818 Tarif
841 1770 1176 1830 Verlag, Berlin.
1471 1791 2116 1843 täh eternizando ia época de los
460 1805 593 1857 ment
843 1815 1469 1872 Sohnitzler es algo asf cowo umcha¬
1470 1827 1669 1880 amantes.
466 1846 597 1893 pério¬
812 1858 1462 1907 römetro del sexualismb eiföpc. Pu
1495 1839 2130 1913 La guerra declaró la guerra Nl
457 1885 595 1939 limité
807 1899 1465 1946 domicilio preferido es Viend, lahher¬
1477 1889 2120 1944 amor. La galante cludad de Vien.t
811 1932 1464 1965 mana monor de Paris. Los calles de
1478 1934 2120 1984 estaba durante los anos 1914-1920 dea
450 1928 609 1994 On
816 1961 1469 2007 Viena huelen a amor como las 69
1477 1966 2116 2007 dobie luto. Schaitzler, zu hijo predi¬
805 2001 1463 2042 Mänchester a lana. En Viena son
1482 2002 2110 2049 lecto, eserlbia entonces novelas mury
805 2028 2114 2074 peritos en cuestiones amoresas has-Ipequeflas, mur lügubrs—cemo des ¬
811 2066 1093 2114 —
1779 2072 1964 2116 —.——
2119 1432 2789 1512 de las catacumbas del amor. Ya no
2126 1492 2784 1548 se conocia al autor alegre de Rel¬
2126 1522 2518 1580 gen“ y de Anatol“
2151 1543 2796 1608 Ahora, después de muchos allos
2117 1592 2787 1640 lleno de novelitas-ensayos inquietas,
2135 1628 2780 1678 aparcce ésta. Terese“, novela gran¬
2133 1667 2785 1709 de, de tamafio ylestructura. Con u
2135 1699 2788 1741 inflaciön del dinero habla terminadlo
2132 1733 2785 1777 tambien la inflaciön del amor. Ei
2137 1769 2800 1809 amor recobra un valor estable. Los
2138 1808 2795 1850 destinos vienescs ya no se desurro¬
2122 1838 2529 1888 llaban en 80 päginas.
2156 1852 2791 1931 Terese es la lija de un oflcial
2133 1910 2787 1947 que muere en el manlcomio. Al en¬
2134 1941 2789 1992 viudecer su nmdre, se gana la vida
2137 1978 2789 2030 eseribiendo novelas cursis, en cuyn
2132 2009 2794 2066 esfera olvidn las miserias de su al¬
2125 2046 2791 2089 rededor. Terese, repugnada por ei
2132 2077 2788 2130 mundo de su madre, busca la liber¬
2119 2122 2791 2160 tad entrando en la esclavitud de la
2114 2155 2788 2200 profesiön de niflera. Va de casa en
2117 2188 2796 2236 casa. Y, lo que es peor, de amante
2124 2220 2788 2271 a, amante. Con uno de ollos tiene un
2117 2259 2782 2311 nifio. Este pasa su vida en el cam¬
2124 2293 2779 2329 po. sin educaclön; llevado a la cin¬
2117 2321 2778 2386 dad, asesina a su nidre por un po¬
2124 2355 2325 2404 co dinero.
2159 2378 2794 2431 Lo Interesante de este libro es 1a
2116 2412 2789 2476 larga fila de los amantes. Nuestra
2120 2459 2779 2507 época es la época de la serie. (Auto¬
2121 2500 2784 2542 möviles, “giris“, casas e eras.) La
2102 2523 2794 2583 serie de los amantes de #erese pa¬
2114 2566 2785 2615 rece fabricada en una misma fäbri¬
2111 2608 2791 2643 ca. de tipos humanos. Una docena de
2113 2630 2787 2684 hombres, jurando amor, burländose
2122 2668 2772 2715 de su objeto. Una docena de hom¬
2114 2704 2779 2753 bres, dotados delcaräcter austriaco,
2112 2727 2784 2784 amabilfsimo y optimista, anhelando
2113 2763 2788 2824 lo mismo, con la mismia intenciön,
2109 2806 2562 2845 con los mismos medios.
2136 2828 2776 2889 Aquf es dondo Schnitzler demues¬
2117 2861 2791 2927 tra sus fabulosos conocimientos de
2109 2908 2784 2965 In. sociedad moderna colectivista.
2112 2945 2774 2994 Cada unc de sos tipos se diferencia
2121 2978 2781 3032 del otro por una, diminuta—para no
2117 3012 2771 3064 decir microsgépica—curva en la si¬
2110 3032 2788 3088 lucta peicolögiea. Cens diferencias
2117 3072 2782 3135 som increiblemente finas y silencio¬
2122 3117 2765 3164 sas; pero sefialan muy claro aque¬
2111 3148 2771 3194 lla wvariedad humana mäs profunda,
2125 3185 2771 3247 con la cual nunca podrá ningün co¬
2114 3219 2331 3272 ectivismo.
2287 3250 2741 3323 Mäximo OSE KAHN
2505 3342 2791 3407 „ —
