3484 4256
527 153 870 230 Therese
1000 158 1384 261 box 6/2
304 152 875 272 35 14242
417 461 1227 573 SCHNITZLER AS MYSTIC.
436 573 1239 676 THE TRAGEDT OF A“ LADY.
719 646 915 727 HEEP.“
733 685 1032 787 —
429 740 1221 850 (From Dur Own Correspondent.)
846 823 1208 903 BERLIN, May 4.
417 853 1243 944 A notable contribution to the great
400 909 1248 977 romances of the world based upon analysis
407 950 1240 1028 of woman’s tragedy as a woman has been
399 988 1242 1071 made by Arthur Schnitzler in the first
403 1029 1162 1113 long story he has published for years.
464 1076 1243 1163 Therese,“ published this week, is
399 1115 1233 1192 already the subject of discussion in the
397 1159 1245 1244 circles where feminists and their enemies
382 1183 1220 1269 are wont to foregather. The“ lady-help“
385 1233 1242 1309 of ihe past generation in England is still
384 1264 1228 1337 a profession adopted by many girls in Ger¬
393 1308 1227 1366 many and Austria whose education, as in
382 1337 1229 1431 Therese’s case, was cut short by a father’s
385 1367 768 1430 iliness and death.
411 1398 1233 1486 The life-story of a young woman, an ex¬
379 1436 1236 1518 oflicer’s daughter, who goes from one situa¬
387 1485 1235 1550 tion to another in Vienna, who drifts at the
383 1513 1226 1585 same time from one love-affair to the other,
375 1539 1232 1625 fatalistically accepting all that life offers,
469 1593 1230 1651 it may be argued, more typieal of
383 1599 1219 1694 Central Europe than it could be of any
376 1654 1222 1726 other country. But Therese, who has a
370 1692 1230 1765 son, offspring of the first of the casual
375 1724 1222 1802 amorous acquaintanceships she formed on
374 1763 1228 1838 her weekly evenings out or Sunday after¬
370 1787 1222 1858 noons, ruins the boy’s life through her
377 1837 1191 1906 inability to provide adequately for him.
410 1876 1215 1940 Schnitzler, great artist, doctor and
371 1902 1221 1979 psychologist, provides one of the most
363 1945 1215 2010 moving appeals forthe unmarried mother
376 1979 1216 2051 literature knows in the gradual sinking
381 2018 1216 2079 of the boy into the eriminal classes, and
375 2050 1223 2125 his eventual murder of his mother for the
369 2087 1216 2148 small sum she has refused to give bim.
371 2116 1209 2181 Therese sees in her conselous moments be¬
369 2159 1207 2213 fore her dreadful end the Just expiation for
372 2190 1213 2253 her wishing an unwanled child out of the
371 2226 1201 2302 world again during the first agonised days
365 2268 725 2316 of its existence.
405 2284 1216 2375 Schnitzler as a mystic is new to his great
356 2336 1204 2397 band of admirers. The long, sober objec¬
358 2376 1205 2433 tive narrative of a sordid life, incredibly
359 2409 1210 2459 different in style tothe hectic brilliancy of
359 2442 432 2493 hi
449 2443 728 2494 last study
858 2456 1196 2508 young woman,
364 2472 1214 2561 4 Fraulein Else,“ is the crowning tpumph
361 2516 665 2576 of his career.
429 2567 1220 2668 herese.“ Arthur Schnitzler. Pub. S.
358 2610 684 2693 Fächer, Berlin.
1188 1856 1246 1934 1
1527 63 1632 149 1
1644 81 2857 176 Srrne      enereteh 1. 1
2857 115 3382 201 Spannung und eigenattige
1468 131 1639 208 Hunderte
1647 156 2858 206 der in den letzten Turnieren außergewöhnliche Erfolge errungen
1490 181 1640 247 Solche
1652 200 2858 260 hat, steht jetzt auf dem Höhepunkt seiner Schachlaufbahn. Schließ¬
1449 217 1572 293 lten.
1640 236 2865 307 lich kommt als Herausforderer noch der in Deutschland lebende
2955 212 3393 344 Raubüber
1644 302 2862 358 russische Großmeister Bogoljubow in Betracht, der im Moskauer
2859 317 3383 416 Drei junge Burschen
1640 334 2850 415 Großturnier 1925 Erster vor Lasker und Capablanca wurde.
1642 390 2871 453 Jedenfalls steht die internationale Schachwelt vor neuen großen
1472 332 1629 481 die
1633 435 2872 514 Ereignissen, deren Ausgang über die höchste Ehre entscheiden
1639 484 2824 562 wird, die Calssa, die Göttin der Schachkunst, zu vergeben hat.
2953 480 3382 565 Das Opfer eines Ra
2866 540 3381 606 Schneidermeister und Konse
2866 600 3385 661 Gollnowstraße. Das Gesch
1443 616 1560 698 ca.
1684 600 2835 708 Der neue Schnitzler-Roman.
2851 640 3395 707 Leuten und Arbeiterburschen
2857 688 3389 758 drei junge Burschen, die sch
1750 691 2760 793 „Therese“, die Lebenschronik einer Frau.
1460 727 1626 808 Mai.
2858 741 3392 811 fanden den Geschäftsinhaber
1741 770 3380 856 Artur Schnitzler ist einer der Dichter, die zwischen sich und Schneider sie bediente, erh
1474 794 1648 864 Schach¬
1450 853 3380 901 im Ver= der Zeit, da man noch Uniformen trug, in Guldenwährung zahlte über den Kopf, so daß er
1446 895 3384 950 erschafts= und Feiertags im festlichen Fiaker in den Prater fuhr, keinen eine Anzahl von Kleidungs
1658 932 3386 989 Trennungsstrich ziehen können. So bleiben auch die Helden seiner Laden zu verlassen. Def
1452 943 1639 1006 n in der
1648 973 2864 1038 Dichtungen dieser Zeit verhaftet, fesseln und rühren nicht ohne
2872 972 3377 1040 und trat den Räubern entg
1439 983 1636 1051 hatte sich
1452 1033 2864 1094 s Welt= einen kleinen Umweg über Erinnerungen an verklungene Tage.
2862 1029 3389 1107 Auf die Hilferuse des Schn
1449 1069 2861 1129 tragenden Und so werden diese Helden in gewissem Sinne unwirklich. Da
2871 1072 3386 1162 Schutzpolisten, dem es gel
1450 1117 2849 1185 1, wobei war der Offizier in der Novelle „Spiel im Morgengrauen“,
2867 1122 3307 1189 die anderen entkamen.
1445 1177 2855 1223 ine vor= Spieler, Kasernhoftyp, der seine materiellen und seelischen Voraus¬
1458 1209 2863 1276 sforderer setzungen aus der Zeit des Dienstreglements und des Offiziers¬
1448 1257 2858 1316 ncas an ehrenkodex bezog; und auch Therese, die Heldin des neuesten
2868 1203 3368 1346 Die Gefahr
1466 1317 2864 1367 an die Schnitzler=Romans, der eben im S.=Fischer=Verlag in Berlin er¬
1465 1347 2870 1422 stellung=scheint, ist nur möglich in der Zeit der Guldenwährung, nicht in
3212 1320 3394 1440 Ab
1459 1389 2878 1468 rschafts= der Aera des Schillings. So spiegelt sich in dem Leidensweg
2866 1402 3393 1509 Was Dr. Hicksons psych
1471 1457 2863 1520 scharfen einer Frau ein Stück altösterreichische Geschichte wider, so wird
1469 1509 2866 1577 mit und eine uralte österreichische Krankheit, die Ziellosigkeit, zum Motiv
2972 1488 3394 1574 „Einen Fall“ nann
1646 1555 2859 1613 eines überaus behutsamen, sorgfältigen und seingesponnenen Romans.
2853 1533 3392 1628 von den Tausenden, die
1473 1562 1639 1635 nläßlich
1727 1604 3385 1659 Thereses Schicksal ist Alltagstragödie. Ungewöhnliches wider- beschäftigen. Sie war eine
1536 1614 1645 1680 Der
1646 1655 2857 1711 fährt ihr erst am Schusse ihres Weges, da sie von der Hand des
2861 1652 3390 1720 Mutter von sieben Kindern,
1478 1659 1646 1733 wieder¬
2870 1702 3387 1767 Im Verlauf von drei M
1630 1709 2855 1773 unehelichen Sohnes stirbt. Bis dahin gleicht ihr Schicksal dem
1490 1742 3359 1821 in Sie anderer Enterbter des Glücks, bis dahin läuft es die Zickzack= Kinder verlassen, war fi
1492 1804 3389 1859 jungen linien des Zufalls, den kein anderer Wille, keine tiefere Einsicht Trunkenbolden davongelauf
1491 1847 3386 1912 Sie in lenkt. Kraß reagiert das Schicksal zwar auf den Leichtsinn, mit Frauen aus den tiessten Sch
1544 1883 2863 1957 Sie dem Therese Berufsfragen und Liebesangelegenheiten behandelt.
2859 1892 3381 1958 sich in einem schrecklichen Z
1552 1941 3387 1998 der Aber eben dieser Leichtsinn wieder, der auch im Widerwärtigen und wie ihre Kinder gänzlig
1510 1991 3386 2062 „Er= Vorteile zu finden weiß, dämpft die starken Farben ab, die das der Direktor des Psych
1542 2036 3387 2093 mit Leben aufträgt, läßt dieses Leben wie unter einem Schleier sich Court in Chicago, beobe
1499 2082 3344 2141 ch die abrollen, so daß es schließlich nicht mehr Tragödie heißt, um zu einer Diagnose
2604 2136 3391 2207 Eben den Visual Memory Test an
1939 2128 2583 2198 auf gut Oesterreichisch Pech.
1523 2134 1824 2204 aber,sondern
1509 2171 2852 2239 runde Roman eines Pechvogels wollte Schnitzler schreiben, eines
2864 2190 3379 2254 allen seinen Patienten, um
1518 2234 3351 2292 lemis Menschen, der Recht und Unrecht, Vorteil und Schaden Frau wurde aufgefordert,
1548 2282 3395 2347 nur verwechselt und vertauscht wie einer, der des Deutschen nicht ganz Sekunden lang gezeigt wurd
1518 2336 3391 2397 Vor= mächtig ist, die Artikel. Therese ist eben des Lebens nicht ganz dem ersten Versuch zeichnetel
1535 2383 3382 2446 und mächtig und Schnitzler weiß das scharfsinnig zu begründen: von der sie behauptete, es
1529 2414 3386 2494 eicht Therese ist die Tochter eines Oberstleutnants, der irrsinnig wird folgenden Versuchen — jedesn
1536 2479 3067 2547 i an und interniert werden muß, und einer slawonischen Aristokratin.betrachten
3057 2468 3375 2547 — hielt sie den
1535 2520 3389 2586 vom Ihre Kindheit steht im Zeichen des elterlichen Zusammenbruches. Figuren handle, aber siel
1536 2587 3357 2638 den ihre Jugend unter dem Drucke des dunklen Lebens, das die Gestalten, unter die
1533 2610 3389 2691 echs Mutter führt, unter dem Drucke der Entfremdung von Mutter Erst beim neunten Ver
1539 2650 3369 2726 nem und Bruder. Und dann kommt — da Alfred, der schüchterne einigermaßen nachzuahmen.
1543 2719 3390 2774 neu Student es nicht wagt, ihren Leib zu fordern — irgendein Frau, mit der noch verschie
1627 2763 3393 2837 Offizier, der es wagt. Der erste Leichtsinn: Therese läßt ihn lautete, daß sie den Intell
1551 2805 3384 2865 hre ziehen, ohne Ehe nachhaltig von ihm zu sordern. Sie und geistig minderwertig
1557 2861 3392 2919 n,flieht vor der Mutter, die sie mit einem Grafen ver= Erhlichkeitsfaktoren zugeschrie
1552 2889 2875 2971 nd kuppeln will, vor der ersten Enttäuschung der Liebe
2955 2905 3393 2972 Das psychopathische 2
1562 2951 3394 3014 ir= nach Wien und wird Erzieherin. Und nun ist ihr Leben eine wir im „Algemeen Handels
1552 3000 3392 3078 urf Odyssee. Ein Leben in der Fremde, unter gleichgültigen, Untersuchung von Verbreche#
1636 3059 2856 3115 manchmal boshaften, im besten Falle höflichen Menschen. Sie
1560 3049 1635 3109 se¬
2856 3049 3393 3106 zwölf Jahren sind mehr als
1634 3089 3376 3155 sieht gute Ehen und schlechte, fügsame Kinder und wider- und geprüft worden. Es
1559 3101 1639 3159 u.
1564 3144 3373 3216 sie borstige, ist den Schikanen launischer Frauen und den Nach= Hilfsmittel verschiedenster
1543 3188 3385 3255 ine stellungen brutaler Männer ausgesetzt, wechselt die Posten, Gemütszustand, die Besch
1550 3230 2851 3304 Ich die Bezirke, die Liebhaber. Und hat niemanden, dem sie sich an¬
2845 3244 3383 3317 Funktionen, die Erblichkeit
1538 3291 2264 3355 en= vertrauen, den sie lieben könnte.
2847 3291 3390 3351 Menschen zu untersuche
1741 3316 3387 3412 Ihr Pech ist, daß sie sich manchmal auf ihr Recht als erklärt Dr. Hickson, seine U
1542 3335 1651 3402 gen
1549 3386 3382 3446 elt= Frau besinnt und dann wahllos den ersten besten annimmt, in Erblichkeit eine viel stärkere
1557 3437 3380 3496 en, einer Art von Trotz gegen die Weltordnung, die sie Umgebung. „Wenn man au
1560 3477 3311 3535 ut, verstoßen, entrechtet hat. Die österreichische Krankheit, sich untersucht habe,“
1556 3530 1640 3586 die
1640 3521 3382 3588 an die Stelle der Vernunft den Justamentstandpunkt zu machte und die Ausgewähl
1548 3574 1642 3641 fall
1641 3579 3381 3649 setzen, Gleichgültigkeit, Leichtsinn mit dem Recht des brächte, dann würden sie in
1547 3628 3365 3683 die Menschen an das Leben zu verwechseln. So gibt sie sich dem alles auf den Kopf stellen.“
1637 3669 3360 3732 Maler=Musiker Kasimir Tobisch hin, von dem sie erst nach zwanzig macht der Wissenschaft und
1550 3719 3354 3765 der Jahren erfährt, daß er schon damals verheiratet war, als er in ihren jungen Jahren
1545 3763 3377 3842 ade Vater ihres Kindes wurde, dieses Kindes, das sie sich wiederum werden können. Seiner Ue
