3484 4256
277 193 861 276 35. Therese
983 207 1370 311 box 6/2
496 251 857 318 AASLSS
2624 829 2846 908 uus in far¬
1585 828 1930 910 Uigurische
986 875 2863 937 E##se gal, khappe Proben: Sol bigem Abglanz. Ein Unterhaltungsroman, den man empfeh¬
387 900 510 974 inne.
503 916 1891 982 sichst du aus, mein Kind, erwiderte das Schwein“ (Seite 295)l len kann.
378 941 514 1018 iras-
353 997 514 1062 hauvi¬
363 1048 475 1107 ünde
1136 1127 2702 1217 Semmiztel's neder Keinan
740 1141 1122 1224 Wrihar
1166 1209 2177 1276 Therese. Chronik eines Frauenlebens,
390 1219 514 1308 une
1376 1270 1973 1348 (S. Fischer Verlag. Berlin).
392 1298 520 1356 und
1750 1310 2859 1377 Theresens Mutter hat spät in sich die Fähigkeit entdeckt.
561 1316 1710 1390 Go. Das neueste Buch Arthur Schnitzler’s ist, abgesehen!
372 1313 512 1405 leidei
510 1363 1677 1417 von dem Weg ins Freie, der einzige Roman innerhalb
1672 1361 2867 1421 Hintertreppenromane zu schreiben. Sie erzielt damit einen
380 1370 512 1441 kele
1678 1404 2864 1460 gewissen Erfolg und siedelt von Salzburg nach Wien über.
513 1414 1680 1460 seines Gesamtwerkes, rein äusserlich betrachtet übrigens
390 1422 513 1482 und¬
508 1448 1681 1495 auch nach dem ersten Roman sein umfangreichstes Werk.
1675 1441 2873 1506 Aber zwischen den Familienmitgliedern und allen Menschen.
358 1465 510 1517 Land¬
505 1485 1681 1532 Wir hatten zuletzt zwischen Bühnenwerken und charaktero¬
1673 1489 2862 1539 mit denen Therese in Berührung kommt, herrscht eine beklem¬
377 1506 498 1562 leben,
511 1529 1684 1587 logisch-philosophischen Studien Novellen des Dichters empfan¬
1676 1520 2864 1589 mende Beziehungslosigkeit gleichsam, als ob alle Zugänge
371 1548 509 1610 minis
1686 1568 2871 1625 zum Leben für Therese versperrt wären. Wiederholte Hei¬
512 1573 1676 1626 gen, die alle, gleich einem spannenden Film, das äussere
375 1591 506 1654 nern
504 1611 1680 1668 Geschehen auf einen ganz knappen Zeitraum, häufig eine
1682 1604 2874 1671 ratsanträge von Männern, die sich in bürgerlich gehobenen
508 1649 1675 1706 Nacht, zusammendrängten, wie: Fräulein Else. Traumnovelle,
1683 1644 2872 1709 Stellungen befinden, weist Therese nach anfänglichem Zögern
506 1693 1682 1761 Spiel im Morgengrauen. Nun holte der Dichter zu einem
1674 1684 2868 1755 immer wieder zurück. Ihr Sohn, den sie auf Anraten vom
506 1736 1680 1796 ganz grosen Wurf aus, der nicht nur innerhalb seines Gesamt¬
1674 1743 2868 1791 Lande weggenommen und nacheinander zu zwei Vorstadt¬
371 1740 500 1798 erkt,
509 1781 1152 1847 werkes als einzigartig erscheint.
1661 1778 2874 1850 schneidern in Pension gegeben hat, entwickelt sich immer
382 1789 508 1847 dem
1683 1819 2874 1874 ungünstiger. Von überall her dringen Klagen zu Therese.
381 1828 517 1891 chti¬
567 1818 1670 1894 Der äussere Hergang: Therese ist die Tochter eines in
1673 1858 2868 1905 Anfangs sind es kleine Unregelmässigkeiten, die der Knabe
402 1872 505 1923 von
506 1868 1674 1933 Salzburg lebtenden, pensionierten Oberstleutnants. Dieser ver¬
1685 1898 2877 1945 begangen hat. Darauf gibt Therese endlich ihre bisherige
379 1912 510 1972 1 zu
500 1918 1677 1969 fällt, verbittert durch angebliche Ungerechtigkeiten seiner
1673 1938 2877 1995 Erwerbsart als Erzieherin in Bürgerhäusern auf. nimmt den
375 1954 512 2007 bge¬
503 1954 1665 2021 Vorgesetzten, in Wahnsinn. Die Mutter, einem alten Adelge¬
1682 1987 2880 2036 Knaben zu sich, und versucht von Stundengeben und Kursen,
360 1989 518 2060 inen.
502 2008 1679 2060 schlecht entstammend, führt darauf einen fragwürdigen Le¬
1684 2027 2870 2077 die sie veranstaltet, zu leben, um ständig um ihr Kind sein
378 2037 508 2097 man.
503 2043 1676 2102 benswandel und empfängt in ihrem Haus zweifelhafte Gäste.
1676 2071 2874 2129 zu können. Alle Versuche scheitern an der schwierigen Natur
387 2076 517 2134 s ist
501 2084 1681 2136 Theresens Bruder bezieht die Universität in Wien, um ebenso
1682 2112 2868 2177 des Jungen. Schliesslich gcht er auf und davon, wird als
372 2119 508 2176 ke's,
504 2126 1678 2180 wie ein gemeinsamer Jugendfreund der Geschwister, dort
1682 2148 2865 2218 Dieb und Zuhälter immer wieder von der Polizei gesucht,
400 2161 502 2210 die
508 2156 1675 2218 Medizin zu studieren. Therese, nach einer kindlich harmloscn
1684 2191 2860 2234 sitzt in Gefängnis und Spital um in Abständen, gleich einem
397 2202 508 2252 orm
503 2203 1673 2266 Jugendliebe, die zwischen dem Freund des Bruders und ihr
1682 2237 2858 2292 schreckhaften Gespenst, oft nächtlich zu Therese zurückzu¬
381 2242 521 2308 lake
509 2250 1682 2305 erwachsen war, erliegt der Verführung eines in Salzburg sta¬
1674 2267 2863 2322 kehren oder zuweilen nur Boten zu schicken, die von Therese
383 2289 517 2340 nehr
512 2289 1679 2343 tionierten, jungen Leutnants. Da sie sich völlig vereinsamt
1686 2313 2878 2358 Geldbeträge erpressen. Schliesslich dringt er eines Nachts
385 2331 1669 2387 The-fühlt, gcht sie bald darauf nach Wien. Ihre nicht zum Ab¬
1681 2355 2879 2417 bei ihr ein, da er eine merkwürdige Witterung dafür hat.
375 2378 1683 2421 liert. schluss gelangte Ausbildung in Sprachen und Klavierspiel ver¬
1685 2396 2858 2448 wenn seiner Mutter wieder einmal bescheidene Mittel zur
370 2414 1682 2479 nicht anlasst sie, eine Stellung als Erzieherin anzunehmen. Ihre
1689 2437 2865 2482 Verfügung stehen, und erwürgt sie. Im Tode scheint Therese
383 2469 2868 2525 ebte, 1 merkwürdig verschlossene und gefühlsscheue Art hindert sie ein versöhnender Ausgleich zu bestehen, Da ihr Geist schon
377 2493 529 2558 Zusi¬
511 2497 1678 2549 daran, mit dem Jugendgeliebten, der noch zärtlich an ihr
1673 2513 2862 2579 hinüberschwindet, fühlt sie sich befreit von der Schuld, den
401 2533 524 2589 des
511 2530 1684 2591 hängt und mit ihrem Bruder zusammen zu kommen, Beide
1676 2559 2874 2627 Tod des Kindes bei der Geburt gewünscht zu haben. Sie ven
380 2577 516 2626 wegs
515 2579 1676 2636 sind ihr im Grunde unendlich wesensfern. Auf einem Sonntags¬
1682 2596 2079 2653 zeiht ihrem Sohn.
381 2618 524 2682 also
508 2621 1681 2681 ausflug lernt sie einen übermütig-oberflächlichen jungen Men¬
1744 2639 2875 2695 Wiederum wird einem die Sinnlosigkeit klar. durch die
386 2667 1682 2724 des-schen kennen, der sich als Maler und Musiker ausgibt. Sie
1681 2674 2876 2737 Wiedergabe des Inhaltes etwas über das Wesen eines Kunst¬
368 2697 519 2753 einen
513 2700 1674 2755 verfällt seinem Bann und empfängt von ihm ein Kind. Selbst¬
1677 2727 2875 2776 werkes aussagen zu wollen. In seinem Roman hat Schnitzler
383 2734 1679 2793 Ottojverständlich muss sie die inzwischen gewechselte Erzieherin¬
1678 2755 2861 2822 ein Frauenleben gestaltet. Der Dichter belebte seine Gestak
505 2781 1679 2841 stelle aufgeben. Der Liebhaber, der ihr einen falschen Namen
1686 2803 2869 2869 mit dem Odem des Schöpfers, und fast körperlich spüren wie
382 2816 1675 2879 ennt angegeben hatte, da er verheiratet ist. hat sie inzwischen ver¬
1679 2845 2859 2897 das Leben. Ein zauberhafter Glanz geht von Therese aus.
379 2866 512 2912 muss
503 2861 1683 2925 lassen. In qualvollem Zwiespalt, ob sie das keimende Leben
1678 2879 2873 2947 Es ist das Mütterliche, das ihr Adel verleiht und einen
372 2905 514 2956 „Und
510 2904 1683 2965 töten soll, entschliesst sie sich, das Kind zur Welt zu bringen.
1684 2925 2861 2986 allen Schmutz der Umgebung kaum empfinden lässt. Immer
388 2947 514 3000 däne
504 2934 1680 2999 In der Nacht, da der Knabe geboren word, wünscht sie ihn tot,
1683 2962 2875 3030 ist etwas Reines, fast möchte man sagen, Unberührtes
393 2983 520 3044 Für
505 2979 1688 3043 eber er bleibt am Leben. Sie gibt ihn zu Bauern auf das Land
1685 3014 2862 3070 um sie. Aber wie ist auch die Welt um Therese gebildet!
384 3025 522 3077 agen
522 3026 1680 3089 und nimummt wieder eine Stellung an. Nun wechselt sie ihren
1676 3038 2877 3122 Durch knappste Striche entstehen einprägsame Gestalten, jede
387 3066 1674 3138 noch Posten immer wieder in kürzeren oder längeren Abständen.
1679 3089 2859 3152 Episode geht ins Blut, man behält Redeweise und Bewegun¬
384 3113 1683 3180 nlichl In den Häusern der Brotgeber lernt sie eine grosse Anzahl
1684 3132 2867 3190 gen der Gestalten, atmet die Luft, in der sie sich bewegen,
378 3148 1671 3225 ösen  Männer kennen. Sie gleitet von Hand zu Hand. bleibt aber
1683 3156 2866 3233 und die Atmosphäre ist umflossen vom Schmelz der Land¬
371 3189 1682 3267 erfri-gtets innerlich seltsam unberührt. Es ist ein hilfloses Schwan¬
1682 3214 2878 3285 schaft und dem Klingen ihrer Musik. Bei aller meisterlichen
374 3229 525 3293 n zu
1677 3255 2860 3320 Abgeklärtheit ist das nun kein Alterswerk, vielmehr ein
506 3258 1682 3322 ken zwischen Einsamkeit und dem hoffnungslosen Versuch,
389 3270 522 3331 uner
1676 3295 2864 3363 Geniewurf. in einem Stil geschrieben, der einen an erlesenste
510 3298 1687 3373 Anschluss ans Leben zu erreichen. Sie besucht ständig ihr
379 3319 515 3367 schon
1686 3331 2866 3400 Kammermusik erinnert und von einer Geschlossenheit der
371 3355 521 3419 igen
508 3351 1694 3422 Kind, das langsam heranwächst und sich anfangs günstig zu
1674 3375 2882 3449 Komposition, die fast alle Jungen in den Schatten kollektiven
374 3401 516 3456 t 80
507 3394 897 3455 entwickeln scheint.
1679 3414 2042 3469 Vergessens stellt.
399 3434 522 3493 Dr.
387 3477 524 3539 orge
393 3522 530 3577 Mit¬
2408 3523 2615 3590 „.
1896 3517 2342 3598 das Erkenntnishe
830 3503 1344 3611 Paul Valde.,
392 3558 533 3630 auf¬
