3436 4256
477 165 847 238 Therese
970 153 1353 260 box 6/2
272 146 864 259 35 129
974 885 1097 976 l.
482 909 646 979 „kte 0
433 929 1619 1025 wie schwach sie sind, wie schrankenlos anheimgegeben der
1620 941 2800 1028 Gebäude fanfzehntauseno Arbeite vereinigte. ## sind ganze
169 953 425 1055 ge, mit mo¬
447 1008 1615 1069 Theomenie, dem Zorn des Gottes, der wahllos hinstreckt,
1616 1010 2807 1069 Häuserfronten wegrasiert, ganze Dörfer in einen Steinhaufen
166 1031 327 1078 Komfort.
443 1059 1619 1123 was ihm in seine Hände kommt, Greise und Kinder, Fromme
1625 1056 2805 1108 verwandelt, Tote und Verwundete begraben unter einer
446 1101 1162 1168 und Glaubenslose, Gute und Böse.
1627 1105 2810 1167 donnernden Lawine. Die Bilder, die unser Korrespondent
529 1114 1627 1199 Nun hat wieder einmal die Erde gezittert, und diesmal
1621 1143 2810 1219 über diese Greuel entworfen hat, sind herzzerbrechend. Ein
445 1187 2805 1262 ist Bulgarien das Opfer. Die Hauptstadt des früheren Ost=1 bulgarisches Blatt zeigt zwei tote Kinder mit Kränzen auf
160 1181 407 1292 Kabinger
168 1255 346 1316 stria
173 1283 392 1350 Auser ersten
1692 1298 2805 1377 Die nächste Nummer der „Neuen Freien Presse“.
190 1330 388 1379 r m. fiese.
160 1348 391 1429 er, Uaragen
1740 1350 2460 1419 erscheint Montag nachmittags.
441 1295 1626 1462 Literarische Beilage.
843 1441 1237 1526 Seite 31 bis 35.
1847 1461 2587 1580 Feuilleton.
527 1543 1628 1618 „Bildnis Beethovens.“ Von Romain
461 1589 747 1697 Rolland.
1909 1588 2507 1702 Gouvernanten=Roman.
515 1659 1616 1775 „Flucht aus der Welt.“ Von Franz
1682 1664 2734 1775 „Therele“ von Arthur Schnitzler. S. Fischer Verlag.
452 1729 731 1842 Spunda.
1697 1739 2808 1828 In Schnitzlers neuem Roman gibt es, ungefähr nach dem
1619 1799 2793 1884 ersten Drittel dieser „Chronik eines Frauenlebens", eine
507 1800 1603 1893 „Mother=God.“ Von Ann Tizia Leitich.
1627 1847 2810 1910 Stelle, die man mit Erschütterung liest, mut Ergriffenheit
1625 1891 2802 1956 wiederliest. Das arme Fräulein Therese Fabiami, Offiziers¬
513 1889 1611 1990 „Indische Sexualität und Askese.“ Von
1633 1948 2810 2011 waise und Erzieherin, ist in der Hoffnung, wie man gemeinhin
447 1955 1117 2047 Dr. Wolfgang Weisl.
1626 1987 2811 2054 sagt, obwohl ja in ihrem Falle richtiger wäre zu sagen, daß sie
1622 2042 2802 2088 in der Hoffnungslosigkeit ist; denn ihre ganze Hoffnung galt
528 2024 1618 2120 „Die „merkwürdige Else“ und ihre
1622 2088 2802 2145 der Vereitlung ihrer Niederkunft. Nun sie unter dem Terror
453 2094 1452 2175 Fähigkeiten.“ Von Banfred Georg.
1624 2129 2804 2199 des § 144 unvermeidlich geworden ist, harrt die Aermste als
1615 2183 2792 2235 Untermieterin einer gewissen Frau Nebling, die im Neben¬
511 2159 1606 2247 „Ostern in Jerusalem.“ von Fritz Löwe.
1621 2219 2792 2278 amte auch Operettensängerin ist, in einem gottverlassenen
510 2232 1606 2313 Gedichte von: Max Fleischer, Clara
1621 2269 2803 2333 Monatszimmer ihrer schweren Stunde entgegen. Die Stunde
1624 2303 2804 2376 kommt und findet sie allein. Die halbe Nacht quält sie sich,
433 2296 1604 2401 Katharina Pollaczek, Gisela Berger, Paul
1628 2364 2796 2416 dann, aus schmerzzerrissener Ohnmacht auffahrend sieht sie
452 2377 1605 2450 Wertheimer, Hans Bethge. Leo Schmidl,
1614 2407 2738 2471 beim Schein einer Kerze — wann hat sie sie angezündet? —
1616 2446 2795 2526 ein winziges Wesen dicht neben sich. Sein verrunzeltes Greisen¬
165 2424 1605 2592 Henrika Suffrian, Alida Rosenfeld=Kaizl.
1609 2503 2795 2573 gesichtchen blickt sie starr aus halboffenen Augen an, und:
522 2507 1603 2586 „Beschwerdebuch.“ Von Ludwig Hirsch¬
181 2557 241 2619 —
1621 2546 2795 2615 „Es ist wohl tot!“ denkt sie, nicht ohne Erleichterung. Da be¬
1609 2591 2795 2655 ginnt das Wesen ganz leise zu wimmern; allein Therese
398 2569 605 2684 feld.
338 2783 2683 2874 bewährt sich die Qualitdt des Stoffes. Achten Sie daher belm Einkauf nicht nur auf den Preis. sondern auch
376 2846 2686 2936 auf die Güte des gewühlten Materlals. Bel uns finden Sie nur Qualitätswaren bei grösster Preiswürdigkeit
160 2912 1587 2968 imprägniert, für Reise- und Wettermäntel, 100 cm breit, S 18.—
169 2965 1282 3034 H für Strapaz- und Reisekostüme, 140 cm breit
859 2981 1617 3069 pro Meter aufw. von S 10.60
1724 2908 2537 3105 Letamanst
154 3057 1628 3127 E für Mäntel, 140 cm breit.. pro Meter aufw. von S 13.80
2636 2976 2723 3131 7
168 3101 1354 3177 Peppenspiele täglich ab 3 Uhr: „Franz Schubert.“
1708 3089 2654 3167 Can., CI., Madishilfensb 26
