3436 4256
506 133 863 221 Therese
295 144 856 259 35. Jnuc. 219.
1002 123 1384 244 box 6/2
1393 655 2121 729 Arthur Schnitzler Therese
856 665 979 733 318
1768 749 2669 845 wärmer wird ... Adien, mein Kind. Eins von uns
855 769 1759 857 bei reichen und angenehmen Leuten Stellung ge¬
1776 818 2675 884 zweien wacht nimmer auf — oder wir beide nim¬
847 829 1753 904 funden und fühlt sich dort als Erzieherin zweier
1777 867 2045 942 mermehr ...“
858 902 1759 961 MNädchen recht wohl. Die Enttäuschung mit
1813 903 2667 982 Der Affekt der Verzweiflung ist abgelaufen,
850 928 1762 1024 Max ist verschmerzt, Herz und Sinn scheinen
1780 965 2672 1040 mit Gewalt setzt der Lebenswille ein, „sie wachte
848 997 1111 1077 zu schlafen.
1776 1025 2683 1091 auf wie aus einem furchtbaren Traum ...
889 1044 1761 1124 Da, am zweiten Östertag, einem milden
1776 1077 2674 1154 Wo war das Kind? Hatte man es ihr wegge¬
848 1114 1760 1185 blauen Feiertag, wird sie im Prater von einem
1771 1145 2686 1192 nommen? War es tot? War es begraben?" Da
857 1169 1758 1220 jungen Menschen angesprochen. „Ein frisch ge¬
1774 1189 2672 1271 sah sie die Kissen hochaufgeschichtet neben sich.
861 1220 1757 1291 bügelter, doch schlecht sitzender Anzug schlotterte
1783 1238 2258 1315 Sie schleuderte sie fort.
862 1275 1772 1352 um seine hagere, schlanke Gestalt, er tänzelte
1826 1293 2686 1367 „Und da lag das Kind, verzog die Lippen, die
866 1329 1764 1407 mehr als er ging, beide Hände in den Hosen¬
1781 1354 2680 1432 Jrasenflügel, bewegte die Finger und nieste.
864 1385 1758 1460 taschen; in der rechten lose zwischen zwei Fingern
1787 1413 2688 1482 Therese atmete tief, fühlte sich lächeln und hatte
859 1434 1749 1516 hielt er überdies seinen weichen brannen Hut.“
1778 1468 2683 1550 Tränen im Ang ... MNorgenschein schwebte
869 1492 1761 1568 „Kasimir Tobitsch,“ stellte er sich vor, „früher
1778 1516 2676 1600 durch den Raum, Geräusche des Tages dran¬
862 1553 1749 1616 einmal von Tobitsch, Maler und MRusiker.“
1774 1575 2468 1653 gen herauf, die Welt war wach.“
860 1595 1768 1672 Er verfügt über einen gewissen Charme, ist aber
1806 1604 2678 1707 Zunächst zeigt das Leben dann freundlichere
867 1663 1763 1714 ein armer Teufel und ein Rarr. Therese weiß es,
1773 1694 2692 1751 Seiten. Die Wirein pflegt die junge Mutter,
856 1713 1754 1774 aber sie ist so bedürftig nach Männerliebe, nach
1781 1741 2685 1819 sorgt für sie wie eine alte Freundin. Nach einer
863 1769 1762 1838 Zärtlichkeit und körperlicher Lust, daß sie mit
1787 1794 2676 1858 Woche kommt das Kine zu verläßlichen Bauers¬
863 1815 1764 1896 ihm den Nrachmittag verbringt, ihm ein Stell¬
1782 1843 2694 1926 leuten, Therese begibt sih wieder in Stellung
854 1870 1762 1948 dichein gibt, mitgeht in sein sogenanntes Ate¬
1783 1905 2681 1968 und ist nun eine Gouvernante wie kausend an¬
865 1927 1764 2006 lier. Und dort, auf einem wackligen Fauteuil,
1787 1952 2681 2034 dere. Mit größter Geduld schildert der Dichter
865 1992 1761 2042 zieht er sie an sich und umfängt sie ... Der
1779 2018 2683 2072 Jahr im Jahr dieses kristen Daseins, sein
865 2043 1762 2109 windige Hanswurst wird Theresens Schicksal,
1775 2056 2676 2147 Buch ist gleichsam eine Biographie der Gon¬
859 2098 1765 2164 von ihm soll sie ein Kind bekommen. Arme The¬
1783 2120 2684 2184 vernante an sich, dieses geplagten Wesens und
857 2144 1762 2223 rese! Kasimir drückt sich, sobald er den Sachver¬
1780 2187 2687 2242 ihres richtungs= und sinnlosen Daseins. Therese
862 2195 1756 2274 halt erfährt. Therese muß ihre Stellung auf¬
1778 2237 2688 2308 ist bald bei angenehmen, bald bei widerwärti¬
862 2248 1763 2323 geben, das kleine Erbteil ihres Vaters schmilzt
1779 2283 2680 2359 gen, bei feinen und bei gewöhnlichen, bei wohl¬
864 2307 1761 2375 zusammen, aber zum Glück findet sie Quartier
1774 2338 2682 2414 meinenden oder bei boshaften und degenerierten
865 2367 1629 2447 bei einer sauberen und gutartigen Frau.
1777 2382 2682 2463 Leuten, bald hat sie mehr, bald weniger Ein¬
1787 2445 2695 2522 kommen, ab und zu taucht ein Liebhaber auf, ein
895 2469 1762 2589 & Dene schauerliche Nacht, in der Therese mut¬
1775 2495 2686 2575 Bankbeamter, ein schwarzer Krauskopf, sogar
1785 2556 2688 2631 ein Ministerialrat, aber das sind körperliche
901 2564 1764 2631 Wterseelenallein unter furchtbaren Schmer¬
1779 2614 2685 2680 Angelegenheiten, nach denen sie immer wieder
857 2614 1769 2686 zen ihr Kind zur Welt bringt, wird zur
1777 2666 2689 2737 zu sich zurückfindet, um beruhigt ihren Pflichten
865 2662 1768 2744 Wende ihres Lebens. Die Schilderung ist ein
1786 2719 2694 2776 und ihrem Beruf zu leben. Man bewegt sich in
860 2724 1765 2775 Höhepunkt Schnitzlerschen Könnens: so erschüt¬
866 2771 1776 2849 ternd und sachlich wahrhaftig kommt das
1781 2773 2691 2835 einem kein nvancierten nebelgrauen Milien,
869 2827 1763 2908 Schwanken der Gefühle, der Ablauf gegenpoli¬
1787 2827 2685 2896 hier und dort aufgehellt durch spärliche Lichter:
865 2878 1777 2953 ger Affekte und Zustände zum Ausdruck: „Da
1788 2876 2689 2962 das Verhältnis zu ihrer Mutter gestaltet sich
1779 2945 2689 3009 freundlicher, „alles Krankhafte, Unreine. Zer¬
866 2944 1776 3005 war das Kind. Mit halboffenen blinzelnden
863 2988 1771 3062 Augen, mit einem verrunzelten häßlichen Grei¬
1783 2993 2682 3065 fahrene zieht sich in ihre Bücher“, sie selbst wird
874 3039 1771 3112 sengesicht lag es da und rührte sich nicht. Es
1788 3037 2692 3110 mit der Zeit eine „ganz vernünftige brave alte
874 3113 1773 3171 war wohl tot, und das war gut.“ Das Kind
1781 3108 2691 3179 Frau“. Lebhaftere Sympathie, seelische Zärt¬
872 3144 1769 3232 gibt Lebenszeichen, nun wird ihr sein Dasein
1782 3147 2679 3219 lichkeit zu ihren Pflegebefohienen, zu einem be¬
872 3212 1390 3273 unheimlich, ja bedrohlich:
1783 3208 2680 3272 sonders wohlgestalteten Knaben, beschwingt zu
1794 3261 2683 3327 Zeiten Theresens Leben. Aus dem Wiedersehen
905 3257 1765 3319 „Was willst du in der Welt?“ sprach sie in der
854 3315 1764 3392 Tiefe ihres Herzens ... „Was sollst du ohne Va¬
1780 3315 2688 3388 mit Alfred erwächst Therese eine Freundschaft,
870 3370 1767 3415 #ter und Mutter auf der Welt und was soll ich mit
1787 3378 2681 3439 die aber bei der Gegenseite, dem ernüchterten
860 3397 1768 3467 dir? Es ist gut, daß du gleich sterben wirst. Komm,
1789 3426 2690 3491 Jugendverehrer, kemperiert und distanziert
865 3449 1770 3498 da liegst du gut ... Da unter dem Kissen schläft
856 3481 2699 3567 sich's gut, stirbt sich's gut. Noch ein Kissen, daß dir bleibt. Daran ändert auch die Tatsache nichts,
3053 767 3126 851 da
