3296 4256
547 140 874 203 Therese
328 129 872 240 36. Jnn
1028 132 1406 218 box 6/2
1790 122 1893 174 Por
1799 1619 1871 1671 110
1800 1664 1897 1707 an¬
1790 1860 1903 1925 1018
1775 2130 1909 2188 18 118
1794 2171 1912 2220 Mr.
1812 2212 1899 2269 C 18
1781 2242 1904 2300 1 are
1782 2292 1904 2344 frate
1790 2325 1904 2378 und
1790 2364 1910 2424 kind
1789 2409 1905 2458 in a
1784 2521 1910 2579 their
1791 2573 1909 2616 6011-
1786 2606 1911 2660 20 Of
1787 2644 1900 2704 port
1790 2695 1907 2739 10118
1787 2727 1892 2774 ko a
1792 2765 1914 2822 S 10
1799 2847 1911 2899 vith
1800 2888 1873 2940 108
1807 2925 1914 2972 rec
1816 2963 1912 3032 mit
1927 56 2554 128 # IIIi ie ie i    een
1916 107 2779 162 innnedliatelg sedured bgr imn. Tius. thie first.
1920 155 2788 206 #t her lovenfuirs, 18 Immlled wich tir Soolest
1915 185 2796 241 dethelnnent; oue is persimtledl ol thie Prith
1927 236 2788 278 ol iie entire episode. however, Dr the wug in
1931 263 2789 314 Wilich the girt, althonghi she loses ber tender¬
1918 307 2798 356 ness for her lover. retnins her pussion for nn.
1923 352 2809 386 Finallg abamlonedl, she rumns nwag to Viemm
1921 376 2797 431 und gets work us n governess. Agum she is
1929 418 2802 469 betraged bra sellish, Tientrienl. rendv-witted
1915 448 2794 504 fellow. Kasmnr Pobisch =un neite cimracter
1919 507 2801 539 stüdg--wlio becoines the lather of her cliildl.
1924 535 2799 581 Theneeforth Theresa flits from jobto job and
1921 569 2795 621 lover to lover with painful regularity; she
1929 607 2802 662 ahnost appears at the end to lmve cximnusted
1934 654 2805 697 the possible mnunber of lovers nvailable in
1931 684 2806 749 Viemm. And through it all, Schnitzler umin¬
1932 723 2805 776 tains, lis heroine is ab hentta simple. generouis,
1927 771 2817 827 affectionate, und essenttallg inneceht goillig
1925 803 2789 854 woinan. Oué lns no wierte qunerel with iin
1931 840 2805 883 ntther slnde ine tmte: W1s tensonabien
1920 883 2804 930 nssiune that Theresa constantly vields her¬
1922 918 2796 970 sell tomnen for no worse renson than that she
1913 965 2805 1011 is made like that. But thie einphasis on
1931 995 2816 1049 scxinl inpilse is tiresome, however signiticant
1932 1037 2806 1086 it mny be for thie psycho-umalgtie mind. The
1927 1072 2812 1118 wliole thing reads too mch like Chie motebool.
1929 1117 2797 1154 of n mnedieal practitioner or social worker;
1932 1160 2815 1205 each ense hins a distinetive feature-there is
1928 1189 2810 1227 rooin for varlety even in these matters—but
1940 1226 2811 1279 the tenth on Tie list mneans very little more
1929 1278 2816 1316 Chan the first. Still, there is n gennine note
1922 1303 2808 1362 of trngie druina at die close. Theresa’s mect¬
1922 1350 2820 1396 ing. aster severnl geurs, with Alfred, und, vears
1933 1383 2805 1434 later, with Kasnmir deepens the logie of the
1940 1432 2816 1475 story'; und thie conelusien to her relations with
1944 1462 2819 1520 her son Franz, a preescious, corrupt youth,
1938 1508 2774 1563 brings terror and pitg into thie iinal pages.
1968 1549 2815 1607 If Sehnitzler’s work is Viennese, Hermann
1927 1609 2799 1653 Hesse’s is echl Deutsch. Der Steppenwolf.
1930 1626 2812 1700 pitblished in 1927, wus enormously successful
1924 1682 2808 1734 in German, lt shared the honours of the
1928 1718 2808 1765 pulblishng senson with Arnold Zweig’s
2349 1750 2823 1815 winch is uiich more
1967 1760 2344 1817 Sergeant Grischa,
1926 1807 2723 1861 truly representative of the spirit
1927 1844 2822 1884 the Germnan novel in these last ten
1935 1871 2807 1929 geurs. It is fuir, however, to charncterize
1926 1917 2810 1962 Hesse’s novel as Geminan because it is con¬
1935 1954 2812 2005 ceived from first to last in the intellectual
1928 2003 2816 2048 strle of Germmn mnetaphysies. It is unpreg¬
1936 2046 2813 2087 nated with the thought of Novalis (and also
1937 2072 2820 2127 of Dostoevsky, whose drumatie mystifica¬
1932 2123 2814 2166 tions still exereise the minds of so many
1926 2150 2818 2212 German writers), and it pursues tirelessly the
1932 2188 2812 2256 triek of finichnig the mniversal in thie partieu¬
1935 2239 2813 2283 lar. As a novel Steppenwolf“ is likely to be
1932 2276 2823 2334 ruther too magniloquent for the English
1937 2316 2821 2372 render; but it is iteresting as an illustration
1930 2358 2817 2407 of the attitude of thie German intellectunl to
1927 2397 2826 2454 Thie mnore aeadeinie probleins of thought of
1945 2438 2288 2502 the present day.
1989 2487 2817 2551 Written in a high vein of introspection, it
1932 2538 2827 2603 Ims fer hero a mnan of fiftgor so, Harry Haller,
1934 2579 2811 2635 who is in dendlg earnest abeut the
1936 2631 2821 2674 state of lis soul. He finds in hinself a genius
1930 2656 2806 2709 for self-contempt; he has an infinite capacity
1929 2696 2819 2739 for suffering and a procligions love of pain.
1931 2746 2809 2792 The idea wluch gives hum most botheris that
1929 2776 2813 2830 Inan has a dual nature. In therold days this
1935 2814 2816 2859 duality was considered a mmtter of being both
1923 2855 2809 2907 Hiuan and divine. This is apparently ise
1933 2908 2821 2948 simnple for Hesse, who prefers a mixture of
1935 2936 2817 2997 Innnan and woltish. Haller, after playing
1928 2983 2814 3029 with thoughts of suleide, enters a cheap dance
1941 3019 2813 3068 hall one evening and discovers a girl called
1938 3059 2814 3098 Hermine. It is not clearat what precise stage
1935 3098 2815 3150 in thie storg thie maturahstie element ceases
1933 3137 2811 3180 (is the first philosophiical talk with Hermine
1927 3177 2825 3228 meant to be real or illusory ?), but the whole
1932 3229 2811 3267 thing eventuallg develops into a riot of fan¬
1945 3252 2818 3302 tasy. It is, of course, the statement of
1930 3292 2816 3344 the problein, not thie solution of it, wluch is
1933 3326 2825 3387 significant, but it is necessarg 10 say that the
1936 3374 2815 3427 first is not much more clear-than the second.
1931 3413 2822 3471 In fact, ingenious as soine of dhie phiilosophneal
1935 3458 2813 3512 passages are, thewolf iden wears an
1929 3496 2825 3546 obstinate air of unrealitg all throngh the
1935 3529 2821 3591 novel. Mr. Basil Creigiitons translation is
1937 3569 2826 3634 excellent. The anonvinons translator of the
1942 3609 2816 3660 other novel is also eflicient for the most part,
1903 3647 2807 3711 1 but he is guilty of a few errors of meamng.
