3436 4224
311 84 657 178 40. Die
686 81 2048 158 Fruehlingsnacht im Seziersaal
2224 87 2577 188 box 6/6
497 147 2046 200 #nnnnneeneenn
1739 718 2700 786 rich zwischen dem temperamentvollen „gewalttätigen“ Kürn¬
1738 777 2693 827 berger und dem „schwindsüchtigen Enthusiasten“ und Kritikus
1741 822 2694 874 Kuh. Es knattert nur so von tiefen ästhetischen Einsichten.
1745 870 2701 914 Kürnbergers Stil offenbart einen herrlichen Stürmer und
1745 910 2692 958 Feuerkopf! F. Salten plaudert interessant in „Aus den
1759 952 2700 1011 Anfängen“ über Größen des Café Griensteidl: Schnitzler,
1738 995 2687 1051 Beer=Hofmann, Hartleben, Hofmannsthal und Altenberg
1754 1088 2701 1141 des dichterischen Werks von Schnitzler (Erstdrucke, Abdrucke,
1755 1131 2702 1177 Buchausgaben, Uraufführungen), bei dessen Zusammen¬
1748 1174 2695 1227 stellung Arthur Schnitzler noch mithalf. Im nächsten Jahr¬
1752 1220 2698 1278 gang folgen die Abteilungen: Medizinisches, Aphoristisches
1748 1267 2694 1320 und Philosophisches, Übersetzungen usw. Aus Schnitzlers
1752 1307 2709 1364 unveröffentlichtem Nachlaß wird „Die Frühlingsnacht im
1752 1352 2693 1400 Seziersaal“ (1880!) und ein „Gespräch“ (1890) abgedruckt.
1744 1397 2689 1446 Proben gegenwärtiger österreichischer Lyrik (Mell, Zernatto,
1748 1440 2702 1490 Mitterer, Haringer, Waldeck) werben um berechtigtes Inter¬
1292 1445 1503 1522 I. Oesterr.
1746 1484 2695 1534 esse. Es wäre gut gewesen, gleich Werke und Verlag zu
1295 1501 1599 1552 behördl. kong.
1747 1527 2684 1577 nennen. Rud. Lothar erzählt in „Ein Genie wird entdeckt“
981 1544 1599 1580 für Zeitundsnachrichten
1413 1573 1541 1623 L
1144 1574 1339 1622 WOLL
1754 1572 2699 1629 die tragikomische Geschichte eines Rarissimum der jüngsten
1753 1617 2699 1669 Vergangenheit, der Veröffentlichung der Gedichte der früh¬
1746 1668 2695 1714 verstorbenen Tochter Frau Regina Friedländers, der Witwe
1746 1706 2696 1758 des großen wiener Journalisten Friedländer. Schließlich
1515 1711 1594 1775 4
1041 1711 1174 1810 N8
1746 1750 2697 1801 würdigt der Verleger E. Lichtenstein Karl Wolfskehl als
1744 1795 2704 1853 Sammler und Dichter. Wolfskehl ist auch als Trabant
1186 1757 1501 1870 RAIIS
1744 1837 2693 1891 Georges eine starke Individualität. — Wenn das Jahrbuch
915 1850 1453 1948 Die Literatur, Stuttgurg
1745 1881 2696 1939 auch das Prinzip „Buchinhalt vor der Buchgestalt“ vertritt,
1746 1926 2708 1978 so ist damit nicht gesagt, daß für diese bibliophile Richtung
743 1941 1694 2020 Jahrbuch deutscher Bibliophilen und
1745 1975 2707 2025 die Buchgestalt keine Rolle spielt. Robert Haas' Aufsatz „Das
1748 2015 2700 2070 Drucken auf der Handpresse“ atmet die Liebe zur schöpfe¬
778 2017 1697 2074 Literaturfreunde. Herausgegeben von Hans
1744 2064 2694 2112 rischen Handarbeit, deren Mühe, Reize und Gefahren Haas
776 2060 1698 2113 Feigl. 18./19. Jahrg. 1932/33. Mit 19 Bildbeigaben.
1747 2105 2709 2158 sehr eingehend schildert. Für den modernen Typ des Verlags¬
782 2108 1345 2169 Wien 1933, Paul Isolnay. 278 S.
1743 2150 2709 2203 einbands findet Rudolf Geyer als Realpolitiker anerken¬
745 2141 1696 2211 Wie immer ein reichhaltiges Jahrbuch, das in seiner ge¬
1742 2202 2696 2251 nende Worte. — Den Schluß des Jahrbuchs bildet eine
746 2193 1704 2245 schickten Zusammenstellung gut über die bibliophile Bewe¬
1747 2237 2703 2287 moderne Bücherschau für Bibliophile wie Literaturfreunde,
742 2247 1695 2300 gung orientiert und ihr gewiß neue Freunde gewinnen wird.
1741 2283 2702 2337 die besonders wegen Zareks Überblick über den Roman 1932
752 2285 1693 2334 Energisch rückt Professor Feigl im Vorwort von der Rich¬
1741 2326 2082 2391 Beachtung verdient.
739 2325 1703 2385 tung ab, die einseitig die Buchgestalt über den Buchinhalt
1781 2372 1927 2433 Guben
2259 2343 2674 2434 Pirmin Biedermann
739 2375 1701 2429 stellt. „Unsre Liebe gehört den Literaturlanden mit ihren
738 2421 1705 2479 Besonderheiten, Seitsamkeiten und Einzigkeiten... ihren
740 2465 1690 2511 oft noch gar nicht betretenen und nicht erforschten Gebieten.“
746 2507 1692 2565 Karl Wolfskehl instrumentiert diesen Satz in „Beruf und
740 2550 1704 2597 Berufung der Bibliophilie in unsrer Zeit“ so reich und ver¬
738 2595 1698 2644 lockend, daß man erhöhte bibliophile Aktivität bei jedem Leser
740 2641 1700 2697 prophezeien darf. Verdienstvoll ist Edith Rothes Überblick
739 2686 1695 2736 über die Faust=Sammlung des vorbildlichen Sammlers
739 2729 1688 2786 Stumme, deren unschätzbarer Wert für die Goethe=Forschung
738 2770 1693 2829 dank Rothes literar= und geistesgeschichtlicher Einbettung des
738 2814 1685 2861 Materials auch dem Fernerstehenden offenbar wird. C G.
740 2859 1683 2908 von Maaßen bringt in „Der Grundgescheute Antiquarius'
737 2904 1690 2951 Nachträge zum Anonymen=Lexikon und berichtet über
737 2949 1686 3005 Bücherkuriositäten (interessant der unbefugte Neudruck von
746 2990 1697 3050 Kotzebues Erzählungen mit 153 Seiten eingeschmuggelter
740 3036 1690 3085 Fremderzeugnisse!). Gründlich und überzeugend entlarvt
735 3082 1688 3140 P. Englisch in „Die Mystifikation des Nicolas Chorier“ den
737 3124 1688 3173 grenobler Advokaten (1612—1692) als Verfasser des starken
748 3171 1688 3224 Erotikons „Aloysiae Sigeae Satira sotadica“. Die ebenso
747 3213 1692 3269 keusche wie gelehrte Sigea und all die andern Verdächtigten
739 3255 1694 3317 können nun ruhig in ihrem Grabe schlafen. Daß sich die
739 3301 1687 3356 Bibliophilen unter Feigls Führung nicht einseitig in alten,
738 3346 1690 3396 vergessenen Winkeln herumtreiben, beweisen die übrigen
742 3391 1691 3448 Beiträge: Höfer veröffentlicht in „F. Kürnberger und E.
741 3431 1698 3485 Kuh“ eine Kostprobe aus der hoffentlich bald erscheinenden
736 3477 1696 3533 Gesamtausgabe des Briefwechsels. Prachtvoll in menschlicher
723 3525 1695 3586 wie ästhetischer Hinsicht dieser Streit um den Grünen Hein¬
