3436 4224
284 113 796 188 36. Flucht
951 121 1094 190 die
1133 121 1643 184 Finsternis
509 137 1654 213 Leneen een ee en eneeen
503 551 903 636 rines Star
503 621 950 696 eincinnati C
763 669 1061 751 Nov 3-31
394 731 1521 903 The Mental Disintegration
694 892 1739 1009 of a Persecution-Maniac
386 1005 1752 1071 Simnanmmmmmmmmmmatmmmimimmmmmimmmmmmmmmmnannmanmmmmmimmmmee“
405 1042 1039 1113 Flight Into Darkness,“ by Ar¬
1109 1051 1742 1111 Vienna he is disturbed to ind
428 1091 1057 1161 thur Schnitzler (Simon and
1098 1102 1749 1150 that one of his eyelids has been
423 1128 650 1191 Schuster).
1105 1138 1736 1179 behaving rather strangely and
1103 1171 1739 1223 his troublesome sub-consciousness
1098 1216 1743 1258 begins to work. Never quite rid of
409 1198 1044 1271 THIS short novel is the first
1109 1248 1745 1286 the suspicion that his rest has
480 1254 1044 1319 new work from the pen
1106 1280 1743 1341 only postponed what might have
398 1304 1041 1367 of the late Arthur Schnitzler to
1108 1318 1746 1373 been the first sign of incipient in¬
390 1337 1057 1403 appear in two years. It is typie¬
1096 1359 1744 1417 sanity, he is further agitated by
400 1395 1053 1442 ally Schnitzleiian—concise, world¬
1110 1399 1743 1449 the fact that he is unable to re¬
399 1419 1045 1478 ly, pessimistic, phrased with ele¬
1107 1438 1741 1479 member the last scene of a final
396 1462 1039 1527 gant simplicity and bearing
1102 1472 1629 1518 parting with his mistress.
395 1505 1040 1563 gracefully the somewhat ungainly
1123 1508 1735 1555 From this hypo-chondriacal be¬
385 1529 1043 1598 burden of Dr. Freud; and it com¬
1099 1540 1736 1599 ginning the mental dissolution
390 1569 1045 1631 bines the scientist’s clarity of
1099 1575 1735 1632 begins. If he is in fact insane,
380 1613 1040 1656 perception with the intuitive psy¬
1097 1610 1731 1657 he wonders, is it altogether im¬
383 1650 1033 1695 chological penetration of the art¬
1098 1653 1734 1708 prebable that he murdered his
385 1684 1028 1739 ist and the mastery of the novel¬
1092 1691 1726 1737 mistress? He has never seen her
393 1717 1040 1778 ette technique which the Germans
1092 1729 1723 1781 since that parting years agol Pos¬
394 1749 1041 1816 and Austrians have made their
1087 1758 1735 1814 sessed by this torturing thought,
388 1787 680 1845 peculiar forte.
1090 1802 1733 1866 he is gradually led into specula¬
426 1817 1031 1884 There is in this novelette, as in
1089 1834 1724 1890 tion over whether he was not re¬
383 1867 1030 1916 other somewhat similar works by
1092 1867 1725 1932 sponsible as well for the death of
380 1903 1033 1953 the same author, an excision of
1087 1908 1737 1966 his wife. Perhaps he murdered
380 1947 1032 1994 superfluous detail which gives it
1085 1947 1732 2005 her, too. Finally he begins to
384 1980 1034 2033 an unusual intensity, although
1085 1994 1733 2043 suspect his brother, Otto, of plot¬
390 2020 1037 2067 the general, if not the exact
1106 2021 1733 2075 ting his death. In a moment of
375 2048 1034 2106 nature of the ending is never,
1096 2056 1734 2119 mental stress he had once forced
381 2094 1021 2142 and is not meant to be, in doubt.
1103 2093 1730 2149 Otto to accept a document au¬
428 2115 1039 2177 Although Flight Into Dark¬
1106 2129 1729 2186 thorizing him to kill his brother
385 2154 1036 2214 ness“ is by no means as colorless
1099 2170 1735 2228 should the latter lose his reason,
433 2189 1025 2249 tale as the phrase “case his¬
1094 2203 1719 2265 and absolving him of blame. To
391 2235 1029 2282 tory“ might imply, in outline that
1109 2245 1726 2308 ease Robert’s mind, Otto had
382 2264 1039 2326 is precisely what it is—a study of
1087 2278 1725 2329 agreed to keep the ridiculous pa¬
382 2306 1040 2372 the development of a persecution¬
1080 2313 1727 2374 per. Now, could it be that Otto,
393 2345 1031 2407 mania. Robert, the hero—per¬
1081 2349 1726 2413 insane himself, was planning to
382 2384 1038 2439 haps it is more fitting to call him
1097 2388 1719 2447 carry out the terms of this paper?
380 2415 1025 2484 the victim—whose rather vague
1112 2429 1716 2489 —etc., etc., until the persecution¬
386 2458 1032 2500 eccupation in some official ca¬
1084 2466 1723 2528 mania is dissolved in a logically
387 2492 1033 2546 pacity had been interrupted sev¬
1105 2500 1445 2557 tragic coniclusion.
385 2530 1031 2586 eral years after the death of His
1122 2540 1725 2595 In outline this doubtless sounds
391 2566 1021 2618 wife by a serious nervous break¬
1104 2573 1727 2637 tediously ellnical. But it isn't, for
383 2604 1024 2664 down, had been ordered by his
1093 2610 1720 2670 it has been expertly humanized,
382 2640 1024 2700 brother, a famens physician, to
1072 2646 1729 2706 and far from having the tone of a
378 2664 1024 2738 take a six-months’ rest in the
1081 2691 1719 2745 case history in mental disintegra¬
380 2717 1035 2775 country. It is here, in a resort in
1077 2727 1724 2778 tion, it creates an atmosphere of
386 2744 1033 2798 the Austrian Alps, tnat we first
1077 2762 1718 2813 realism and human drama suffi¬
383 2791 1029 2853 meet him, several days before his
1071 2786 1709 2852 ciently potent to make one im¬
384 2822 677 2874 cure is ended.
1089 2835 1717 2904 mune to whatever odors of the
460 2847 1031 2915 nthe eve of his return to
1088 2872 1536 2926 clinic still linger about.
590 2953 1680 3050 ENR mmmmmmimmmmmmmmimmmmmmmnn
674 3187 816 3272 urie
627 3342 764 3424 N01
746 3347 1020 3435 93s
595 3439 1309 3536 An important book of the week is
538 3493 1298 3556 Arthur Schnitzler’sFlight Into
557 3515 1298 3601 Darkness. Schnitzler writes graph¬
554 3559 1280 3628 ically of a man’s descent into mad¬
546 3585 1294 3680 ness. The book is psychologically
544 3644 1294 3727 clear, and tells a story that holds
545 3666 1168 3758 one with morbid fascination,
1172 3726 1291 3785 „4
1844 125 2215 213 box 6/3
2303 820 2735 928 NUV- 3 1831
2219 888 2387 955 „ —Pole.
2328 939 2752 1000 England’s Restoratio
2220 967 2956 1044 England of the Restoration is pre- Tro
2858 1022 2964 1067 dri
2190 1017 2964 1102 sented in Arthur Bryant’s King „pe
2200 1046 2606 1106 Charles the Second.“
2222 1087 2871 1163 Charles in the tempetuous days
2172 1111 2967 1191 of exile, Charles as king, maintain¬ Sre
2855 1170 2953 1217 are
2180 1174 2860 1223 ing a delicate balance of control
2861 1204 2964 1258 the
2182 1192 2854 1259 over the country, forms the core of
2865 1246 2958 1287 sue
2187 1225 2847 1296 the book around which Bryant builds
2181 1257 2856 1336 the details of the restoration period.
2853 1270 2960 1329 ing
2209 1308 2857 1378 Throughout the story are found
2187 1339 2776 1407 evidences of Pepys’ notations.
2852 1346 2955 1422 St
2200 1384 2853 1461 An important book of the week is
2165 1397 2857 1487 Arthur Schnitzier’s Flight Into
2160 1457 2853 1524 Darkness.“ Schnitzier writes graph¬
2150 1494 2857 1561 ically of a man’s descent into mad¬
2157 1533 2920 1608 ness. The book is psychologicallyA
2150 1568 2947 1637 clear, and tells a story, that holdsithe
2154 1613 2716 1661 one with merbid fascination.
2843 1631 2962 1683 lege
2189 1647 2843 1698 Also puiblished this week are Gals¬
2153 1674 2946 1752 worthy's new play, The Roof;“stoc
2165 1715 2897 1793 +Roosevelt in the Rough, by Jack L.
2159 1734 2958 1835 Willis; anld Enterprise,“ by Harold dept
2154 1789 2445 1845 S. Vanderbilt.
2795 1806 2900 1886 by
2117 2457 2382 2531 Democra
2534 2513 2630 2588 Fra
2523 2564 2730 2635 cv 3-6
2711 3189 2759 3227 r
2615 3215 2759 3268 1's de:
2569 3255 2819 3312 ook is psych
2542 3293 2838 3343 id tells a stor
2565 3331 2858 3390 morbid fasel¬
2502 3388 2882 3454 d this week are
2208 3434 2882 3495 Galsworthy’s new play,Th
2294 3458 2869 3537 :# Roosevelt in the Rough#
2219 3493 2289 3541 7o1
2224 3510 2866 3578 y Uack Willis: and Enterprizé,“
2166 3552 2699 3628 by Harold S. Vanderbilt.
