3484 4224
305 126 1676 209 36. Flucht in die Finsternis
1851 132 2214 226 box 6/3
601 177 1075 236 San  ARAa
1066 177 1243 237 C A
1432 1617 3266 1716 den neuerding beispielsweise Hausgehilfin= der Steuererleichterungen ab die im Artike!
544 1634 1364 1727 Chauscures de lur
1439 1672 3260 1728 inen für eine Genossenschaftsgründung gewor¬ ##I des Gesetzes betreffend die direkten Steu¬
1008 1705 1389 1776 IKTORIN I
1457 1717 3261 1774 ben, deren Werbeschriften in schöner bildli= ern festgesetzt sind. Nach dieser Bestimmung
537 1744 647 1816 620
2337 1759 3244 1825 waren die Arbeitgeber berechtigt, rie Poster
1454 1778 3244 1851 cher Aufmachung für den Fall der Eheschlie= abzuziehen, welche sie für ihre Angestellten fü¬
544 1808 1461 1889 Undewußten. Die Logik im Metaphysischen,
1447 1809 3011 1895 ßung eine Heiratsausstattung in Höhe bis die sozialen Leistungen und für
3036 1842 3251 1897 eEinkom
549 1866 3153 1932 könnte man vielleicht sagen. Wir aber reden zu 5000 Kronen verheißen. Nichts leichter, mensteuer ausgenem zahlten. Mit Rück
541 1921 3221 1974 von Zwangsvorstellungen! Ob wir dazu be¬ als einem armen heiratsfreudigen Dienst= darauf, daß die Bezahlung dieser Leistungen
546 1956 3246 2013 rechtigt sind, ob dieses Wort — wie so mädchen klar zu machen, daß eine Jahres= durch die Arbeitgeber noch immer einen Tei
2348 1991 3245 2054 der Bezüge der Angestellten bildet und jed
541 1974 2352 2046 manche andere — nicht eigentlich eine Aus= zahlung von 250 Kronen, von der für alle
2341 2027 3376 2112 Einschränkung dieser Begünstigung ohne Er= abend
540 2037 2354 2105 fuucht bedeutet — eine Flucht ins System Fälle der Agent 50 Kronen einsteckt, eine Hei¬
2338 2069 3369 2140 höhung des Gehaltes die Angestellten schwer stadt!
1449 2077 2343 2137 ratsausstattung in Höhe einer einmaligen
543 2086 1456 2149 aus der friedlosen Vielfältigkeit der Einzel¬
2340 2110 3254 2176 schädigen würde, ist der Einheitsverband der
1438 2118 2352 2178 Hilfe von 5000 Kronen verbürgt. Wenn man
3234 2135 3351 2184 zwei
537 2135 1454 2181 fälle —, das ist eine andere Frage. Und ein
2346 2143 3250 2220 Privatangestellten eingeschritten. Vom Abg.
3228 2166 3380 2224 der B
541 2171 2345 2252 Fall, wie der meines armen Freundes —“, das Genossenschaftsstatut allerdings genauer
2336 2181 3380 2260 Roberi Klein wurde auch ein Antrag einge= her, de
594 2215 2335 2265 Selten noch ist der labile seelische Zu= durchliest, was man von einem einfachen
2337 2227 3351 2297 bracht, daß die Geltung der Bestimmung des ten u
530 2245 2348 2312 stand eines Psychopathen mit so eindring¬ Dienstmädchen natürlich nicht verlangen
2334 2253 3382 2346 Artikels XVI des Gesetzes betreffend die direk- wollte
529 2284 2333 2351 licher Einfühlung und mit derart künst= kann, so werden die Erwartungen bezüglich
2339 2306 3233 2371 ten Steuern verlängert wird, um in der heu¬
533 2335 2341 2392 lerischer Formgebung gezeichnet worden wie des Ausstattungsbeitrages ganz wesentlich
2335 2336 3252 2407 tigen schweren Wirtschaftskrise eine weitere
526 2379 2340 2447 in diesem Schwanengesang eines knapp vor herabgesetzt. Denn erst dann, wenn sich aus
2342 2378 3383 2466 Kürzung der Bezüge der Angestellten zu ver- stürzt.
2340 2417 2528 2483 meiden.
1440 2425 2340 2473 der genossenschaftlichen Tätigkeit ein Rein¬
525 2419 1439 2500 dem 70. Geburtstag stehenden Dichters. In
3226 2450 3359 2500 kirche
2385 2465 3242 2526 Die Erdgasfunde in der mährischen Slowa¬
1435 2468 2336 2522 gewinn ergibt, soll der Ausstattungsfonds
533 2476 1440 2546 wenigen Monaten hätte die gesamte litera¬
3223 2490 3355 2539 berg
2320 2484 3241 2570 kei. In der Gegend von Ung.=Hradisch, Napajedl,
1443 2514 2330 2575 geschaffen werden, und nach einem heute noch
3238 2513 3336 2579 wage
528 2512 1445 2579 rische Welt dem größten Seelenkünder der
1441 2535 3378 2625 nicht feststehenden Schlüssel können aus die¬ Göding und Gaya wurde seinerzeit das Vorhan= ladene
523 2552 1446 2621 modernen Dichtung gehuldigt. Nun hat der
2319 2581 3236 2647 densein von Erdgas festgestellt. Das Erdgas hätte
1448 2597 2342 2660 sem Fonds Ausstattungsb eiträge Genossen¬
3230 2605 3328 2665 tung
535 2609 1452 2675 Tod, mit dem Schnitzler in allen seinen
2322 2624 3226 2684 als Heizmittel von den Staatsbahnen verwendet
3224 2643 3321 2694 ein
525 2669 3189 2721 Werlen auf Du und Du gestanden hat, in schaftern, die eine Ehe eingehen, bis zur Höhe werden sollen, weshalb eine Kommission des E
3231 2684 3372 2736 schwin
1427 2682 3321 2775 von 5000 Kronen zuerkannt werden. Ein senbahnministeriums mit der Untersuchung der länd
526 2701 1446 2761 jäher Tücke seinen tiefsten Kenner und Deu¬
1433 2732 3357 2813 Rechtsanspruch des mit der Anwartschaft auf Verwendbarkeit des Gases für Bahnzwecke betraut (beschn
528 2730 1435 2805 #ter vorzeitig ins Grab geschleudert und ließ
1439 2775 3236 2849 den Ausstattungsbeitrag geworbenen Ge= wurde. Die Kommission befand, daß der Heiz¬
539 2789 1436 2839 der Welt nur die bunte Fülle seines Geistes.
3229 2783 3362 2854 Wager
1444 2817 3242 2884 nossenschafters besteht bisher auch nicht einen wert des Gases gering sei und so wurde aus dem
533 2834 1440 2901 Und mit Goethes Herzog wird man an dieses
3230 2830 3377 2896 Böschu
1429 2856 3233 2920 Augenblick, was aber die Genossenschafts= Gasbezug durch die Bahn nichts. Jetzt haben die
536 2876 1256 2948 geliebten Dichters Grabe sprechen:
3229 2866 3379 2951 schlug
1421 2907 3238 2967 gründer nicht abhält, ein Werbeplakat zu Interessenten an den Bohrungen neue Untersu¬
3218 2910 3348 2966 blieb
1154 2913 1431 2997 Schwebe vor,
1426 2949 3373 3002 entwerfen, daß einen verliebt in die künftige chungen einleiten lassen, die ergeben haben sollen, Mitfah
564 2965 1324 3036 Wohin ich wandle, zeige mir den Weg
1433 2985 3373 3045 Häuslichkeit blickendes Liebespaar 5000 Kro= daß sich das Gas für Heizzwecke, sonderlich für ab und
569 2998 1266 3056 Durch dieser Erde Dornenlabyrinth!
1426 3033 3227 3101 nen als anzuhoffenden Ausstattungsbeitrag Fernheizung, sehr gut eignet. Die Versuche werden
3215 3029 3326 3087 ker
565 3029 1412 3116 Du bist kein Traumbild, wie ich dich erblicke;
2316 3062 2541 3130 fortgesetzt.
3205 3065 3378 3136 währen
1416 3071 2330 3128 vorgankeit. Versicherungsmathematisch be¬
572 3092 1372 3144 Du warst, du bist. Die Gottheit hatte dich
2391 3086 3225 3157 Troppau verliert noch ein Amtk Wie ver¬
561 3119 1308 3189 Vollsadet einst gedacht und dargestellt.
1424 3120 3228 3209 stehen auch nicht die geringsten Aussichten, lautet, soll die Auflassung der Finanzlandesdirek¬
3220 3126 3380 3207 Anwveisel
566 3156 1259 3231 So bist du leilbgit des Unendlichen.
1420 3158 3370 3240 daß nach zweijähriger Mitgliedschaft dem tion in Troppau bereits beschlossene Sache sein. bei Olt
577 3195 934 3273 Des Ewigen, un
988 3188 1312 3265 auf emig mein.
1416 3205 3357 3284 ehefrendigen Tienstmädchen oder anderen Ein Teil dieses Amtes soll nach Mähr.=Ostrau Szens
999 3255 3377 3339 k. Kleinen Lenten ein Ausstattungsbeitrag auch översiedeln. Gegen die Auflassuna erheben tsche= seit 1#
