3436 4224
1798 57 2364 101 AU
927 36 1790 119 eckur, gul ne laldse pas de rept
1798 97 2678 136 lettres que Ugo Ojetti réunit en volume,
912 99 1786 143 pérament ardent, irritable, avide de tota¬
1795 133 2671 177 des lettres qui ont paru dans la revue
919 126 1791 175 lité et d’absolu. Enfin, il y a partout une
1792 170 2683 218 Pegaso et qui ont tous les caractères de ce
909 174 1789 219 authenticité entière, que ce soit dans l’or¬
1801 213 2679 268 qu’on appelle des vlettres ouvertes v. Féli¬
911 206 1785 259 dre des concepts ou dans celui des pas¬
1798 254 2692 301 citons-nous qu'elles ne soient pas restées la
908 245 1787 300 sions, dont l’accent, qui souvent murmure
1800 289 2687 341 propriété enchantée d’un seul destinataire,
915 292 1784 347 des confidences, s’éléve parfois aussi jus¬
913 323 1791 370 qu'ä une sorte de courroux messianique
1805 332 2688 369 et que nous puissions lire par-dessus
1787 351 2682 421 l’épaule de celui-ci ce que l'auteur destine
910 360 1795 417 contre les fausses lois, les fausses tradi¬
1779 394 2681 443 Den réalité à tous ses contemporains et à la
918 406 1404 470 tions, les faux ichals.
1801 442 2683 501 postérité. Précieuses missives ou tous les
949 447 1783 504 Ludwig Lewisohn est tout entier dans
1804 487 2682 537 sujets de l’heure et tous les problèmes éter¬
909 491 1783 552 chacun de ses livres, que ce soit dans ses
1801 515 2676 576 nels sont abordés, le machinisme et l’art
921 539 1788 591 autobiographies avouées ou dans ses ro¬
1795 564 2680 608 vénitien, la médiocrité et la beauté. Qu’il
920 576 1783 627 mans d’allure objective; sa personnalité est
1803 597 2674 655 écrive à S. E. Benito Mussolini sur les
918 623 1783 669 si forte, si caractéristique qu’elle déborde
1804 640 2682 692 rapports de l’art et de la politique, à Paul
906 660 1780 702 immédiatement l’anecdote et envahit les
1807 684 2685 724 Valéry sur la défense de l’intelligence, ou
905 689 1783 746 destinées étrangères qu’elle voudrait pré¬
1795 716 2684 774 à F.-T. Marinetti sur l’antiquité du futu¬
906 741 1787 793 senter au lecteur. Dans la production ac¬
1801 753 2684 810 risme, chacune de ces lettres nous montre
902 771 1794 833 tuelle, ses livres d’une marche un peu
1791 790 2682 852 un esprät brillant, ingénieux — au sens le
905 815 1787 862 lente, un peu massive, alourdis semble-t-i!
1791 843 2682 896 plus noble du mot — qui ne craint point
899 854 1789 901 par une puissance d’intensité toujours ten¬
917 880 2680 943 due et prête au choc, et chargés d’une ma- de vétir les vérités en paradoxes pour les
1793 919 2671 978 faire accepter plus facilement — et lui
911 942 1787 987 tière humaine qui résiste parfois aux in¬
1791 955 2676 1018 seul réussit mnagistralement ce tour de
907 971 1795 1025 jonctions formatives de l’art, se distin¬
1790 994 2679 1048 force! II joue avec les idées d’une plume
911 1004 1783 1066 guent également par la qualité de leur émo¬
1793 1034 2680 1086 preste, et avec le sens exact, parfait, de
909 1052 1785 1112 tion et celle de leur écriture. Dans ses deux
1791 1076 2680 1135 l’ordre intellectuel dans ce qu’il a de plus
906 1083 1782 1158 derniers livres surtout, le style de M. Le¬
1797 1114 2673 1164 vivace et de plus plein. Après a#pir lu ces
906 1128 1786 1190 wisohn me parait avoir atteint une singu¬
1795 1147 2682 1206 Venti Lettere (Trèves, éditeur, Milan) dans
901 1165 1790 1221 lière beauté, sans que l’art y domine trop
1800 1189 2679 1246 Pegaso on découvre avec plaisir ici qu’elles
902 1201 1789 1269 tyranniquement pourtant l’élément humanité
1795 1236 2673 1298 n’ont rien perdu de leur actualité ni de leur
914 1253 1790 1311 qui leur donne une si vaste et si profonde
1789 1277 2290 1334 signification essentielle.
912 1290 1204 1352 signification.
941 1317 1802 1391 Ces deux livres sont bien différents et
902 1369 1807 1444 tout en prenant leur place logique dans une
913 1420 1789 1485 ceuvre qui réunit The Case of M. Crump,
1815 1405 2682 1479 Poête d’excellence, M. Alfonso Reyes ne
903 1462 1781 1508 The Island within, Upstream et Midchannel,
1793 1471 2682 1520 publie que de rares et brefs livres, et cha¬
899 1503 1778 1554 ils offrent un contraste très net avec ses
1799 1505 2682 1564 que page, chaque vers devient ainsi pour
899 1542 1795 1592 précédents ouvrages. II semble que son ta¬
1788 1543 2674 1607 ses lecteurs fidéles et fervents une joie
911 1585 2682 1637 lent s’apaise, se clarifie, s’ordonne dans unf somptueuse, merveilleusement élaborée, ou
913 1622 1780 1676 ordre de contemplation plus sereine. The
1789 1623 2678 1684 pour un instant la poésie atteint une per¬
901 1658 1786 1717 Golden Vase (Harpers and Brothers, édi¬
1798 1675 2688 1717 fection d’une si surprenante et si eblouis¬
905 1696 1787 1745 teurs. New-York), offre dans une forme
1801 1711 2671 1752 same rareté que ces précieuz chefs-d’eu¬
913 1726 1787 1780 splendide de lyrisme intime et secret üne
1792 1742 2688 1804 vre nous font atteindre tantöt le monde de
905 1771 1788 1821 sorte de résignation devant la vie qui
1793 1775 2671 1830 diamant des idées essentielles, tantöt le
907 1813 1792 1857 s’échappe et tout ce qu'elle entraine, l’aven¬
1798 1819 2675 1885 pur abime de l’humain. Cette poésie d’une
904 1845 1791 1909 ture, l'amour. Ridgevale, écrivain célebre et
1800 1854 2676 1927 qualité si remarquable ne doit rien aus
903 1884 1790 1937 vieillissant, s’inspire d’un stolcisme sou¬
1796 1901 2676 1954 systèmes ni aux partis pris; elle est la pro¬
901 1924 1788 1988 riant qui dénoue dans une atmosphère
1790 1930 2675 1996 duction spontanée d’un esprit qui n’admet
905 1967 2681 2025 calme et noble de crépuscule d’été, le der-que l’exquis, et pour lequel le phénomène
896 1999 1781 2060 nier conflit de cceur et d’esprit. L’ample et
1797 2021 2673 2070 de la création poétique ezt le signe d’une
904 2044 1788 2100 sereine harmonie de l’écriture convient ad¬
1793 2065 2678 2109 cristallisation définitive d’une émotion éter¬
898 2081 1776 2135 mirablement à cette mélancolique histoire.
1799 2098 2677 2153 nisée en une image, précipitée dans un de ces
908 2124 1782 2167 On retrouvera la révolte et la colère dans
1800 2140 2678 2200 sonnets, de ces ucasi-sonnets , comme il les
908 2162 1775 2206 The Last Days of Shylock (avec douze des¬
1797 2177 2681 2239 appelle qui constituent les points de repère
904 2203 1778 2254 sins de Arthur Szyk. Harpers and Bros, édi¬
1789 2222 2665 2264 principaux dans la production récente d’Al¬
897 2242 1777 2301 teurs, New-York). Nous retrouvons ici
1786 2257 2675 2308 fonso Reyes. Un recueil de cinq poêmes éche¬
896 2284 1779 2330 l’étonnant analyste des ämes juives et le
1796 2298 2665 2352 lonnés sur trois ans, de 1922 à 1924, mai:
905 2318 1781 2368 parallélisme de ce roman avec Midchannel.
1793 2337 2671 2391 quels poêmes! Jamais musique plus secrêtt
900 2362 1783 2406 par exemple, est fort significatif. L’auteur
1798 2381 2658 2440 et plus lucide à la fois n’a rempli le corpt
895 2401 1778 2449 prend Shylock au moment ou Shakespeare
1794 2417 2662 2478 bref d’un sonnet et, si le volume n’était tir
907 2442 1783 2486 l'abandonne, et il imagine la suite de ses
1789 2453 2669 2508 à un nombre rarissime d’exemplaires, j.
896 2475 1783 2526 aventures. Avec un autre écrivain, cela au¬
1794 2495 2670 2556 souhaiterais à tous les admirateurs d’Alfon
896 2512 1788 2572 rait pu n’être qu'un agréable divertisse¬
1795 2541 2664 2585 so Reyes de posséder parmi leurs livre:
903 2558 1773 2606 ment de lettré, mais le sursaut du Mar¬
1780 2580 2671 2624 d’élection les § Casi Sonetos (Ediciones di
909 2592 1780 2649 chand de Venise contre la socfeté veni¬
1787 2615 2661 2668 Poesia, Paris). Par contraste, mais en de
910 2633 1782 2684 tienne, la flamme de rancune et de haine
1789 2659 2671 2701 meurant toujours dans le royaume de l’ex
912 2675 1779 2721 qui le dresse en lutic ouverte désormais,
1789 2704 2676 2748 cellent, il faut lire après ces joyzux d’une
897 2713 1784 2777 en font un plaidoyer véhèment et farouche
1789 2734 2672 2789 atelligence éblouissante, La Saeta (Villat
925 2744 1777 2800 — la plaidoirie qui Jui aurait peut-être fait
1783 2786 2659 2835 Boas, editeur, Rio-de-Janeiro), ou vibren
909 2793 1782 2846 gagner son procès devant le Tribunal de la
1786 2807 2667 2869 les échos de processions sévillanes, avec
910 2833 1185 2897 Seigneurie
1782 2850 2664 2908 l’éclat des cierges et des ors, la douleut
1257 2890 1435 2949 — —
1773 2899 2671 2956 des Christs sanglants, et les g saetas 9,
1782 2930 2674 2990 lancées comme des sanglots ou des cris
940 2950 1778 3003 Lorsque nous avons appris, il y a peu
1790 2973 2670 3017 dextase à travers la nuit vers les Madones
903 2997 1779 3046 de jours, la mort d’Arthur Schnitzler, nous
1798 3007 2667 3070 pämées sous leurs bijoux et leurs brocarts.
900 3036 1778 3084 avons salué avec chagrin le départ d’un
1791 3054 2663 3098 Prose de ténébres et d’éclairs, qu'accom¬
905 3071 1781 3121 homme qui, quoique jeune encore, repré¬
1791 3094 2678 3135 pagnent les illustrations de José Moreno
905 3100 1772 3152 sentait déjä un des Cléments défunts de
1801 3130 2657 3194 Villa, et ou triomphe encore l’incontes¬
905 3144 1783 3197 l’Europe. II y avait quelque chose d’ana¬
1778 3170 2448 3238 table maitrise d’Alfonso Reyes.
897 3186 1779 3243 chronique dans ses derniers livres, tant i!
895 3226 1789 3274 était resté l’interprête de la vieille Autri¬
897 3267 1784 3317 che, si proche et si lointaine à la fois, le
903 3309 1789 3356 peintre de la Vienne d’avant guerre. au sou¬
1807 3293 2666 3371 C’est une difficile épreuve, pour un écri¬
900 3342 1780 3394 venir de laquelle son nom restera toujours
1780 3359 2660 3419 vain, que d’écrire un livre destiné aux en¬
894 3385 1768 3436 attaché. Schnitzler ne s’était guère drenou¬
1790 3397 2662 3455 fants, et les plus célèbres souvent y ont
907 3426 1774 3470 velé #et nul ne pensait à le lui reprocher:
1787 3439 2667 3502 échoué. M. Otto Flake, qui est un roman¬
901 3461 1768 3513 il y avait dans tous ses livres une psycho¬
1779 3470 2668 3548 cier de grand talent et de grande renommée,
894 3505 1775 3553 logie délicate qui mariait l’ironie et la ten¬
1786 3521 2665 3576 vient de s’y essayer avec succès, et sa
897 3544 1779 3584 dresse, une sorte de philosophie de la vie
1783 3553 2666 3610 Christa (S. Fischer Verlag, Berlin), est une
903 3582 1777 3628 désabusée qui se trahissait par un sourire
1778 3593 2669 3653 des meilleures réussites dans ce genre.
897 3622 1775 3674 sceptique et doux, et dont il detait tous
1786 3635 2655 3694 Nous assistons dans ce livre au développe¬
900 3656 1776 3717 ses personnages, indolents, velléitaires, ca¬
1787 3674 2654 3740 ment d’une petite fille, durant ses six pre¬
898 3702 1767 3755 pricieux, capables de passer sans effort de
1786 3709 2664 3774 mières années — aurons-nous la suite? une
895 3736 1769 3801 la légèreté au tragique, selon les vicissi¬
1778 3757 2657 3816 enfant d’aujourd'hui, d’après guerre, et
907 3776 1564 3847 tudes que la vie leur imposait.
1767 3780 2663 3847 il y a quelque chose d’épique presque
1766 3840 2654 3893 dans cette histoire contée avec tant
1768 3866 2664 3931 de délicatesse et d’amour. Otto Flake a
1777 3911 2660 3969 très bien exprimé ce mélange de vie réelle
942 3897 1776 3975 Son ceuvre de romancier, de conteur et
1777 3950 2662 4014 et de merveilleux qui fait le fond de toute
904 3944 1771 4010 d’auteur dramatique est considérable, con¬
1785 3997 2661 4052 existence enfantine; les forêts des contes
899 4000 1779 4053 sacrée tout entière à la description des
1783 4029 2650 4072 sont aussi familières à la petite Christa
901 4031 1773 4093 menucs joies, des menues émotions et des
1787 4074 2654 4111 que les montagnes tyroliennes qui servent
901 4069 1775 4127 menus drames qui constituent l’ezistence
