3484 4224
974 182 1065 257 d
306 178 842 271 36. Flucht
1166 182 1692 269 Finsternis
1852 191 2236 278 box 6/3
538 205 1480 284 Fruene in die Pnsel
358 908 1279 1066 NOESERVERG
460 1042 1172 1110 I. österr. behördl. konzessioniertes
396 1065 1216 1157 Unternehmen für Zeitungs-Ausschnitte
462 1139 1167 1217 WIEN, I., WOLLZEILE 11.
561 1201 1064 1261 TELEPHON R-23-0-43
353 1326 770 1412 Ausschnitt aus:
351 1428 1345 1519 Danztger Nuete Nachrichten
349 1547 537 1631 vom:
850 1548 1178 1634 10.1931
1627 1608 1841 1695 S
1328 1672 3380 1741 war in der Inflationszeit, so ungeheures Aufsehen! Schnitzlers letzien Werken. So, aus dem tiefen
1334 1719 3360 1777 erregte und die Zensur beschäftigte, der den Sexual= Klaffen zwischen Phantasie und Realität, kam er
560 1711 1138 1797 Arthur Schnitzler ...
1341 1774 3382 1834 genuß zum Zentrum einer ganzen Dramenreihe zu einer seiner reifsten Dichtungen, zu der Ich= v
345 1778 1332 1862 ... und sein hinterlassenes Werk: „Flucht in die
1339 1799 3358 1874 machen konnte; da werden von den handelnden Novelle „Fräulein Else“, in der sich erträumte
700 1828 992 1903 Finsternis.“
1341 1839 3367 1904 Menschen Leidenschaften gedichtet, an die sie selbst Erotik mit der krassen Forderung des Augenblicks
2326 1892 3392 1964 streitet; die ihren allergrößten Erfolg aber durch ein
369 1878 1345 1966 Nach Hugo von Hofmannsthal: Arthur Schnitz¬
2326 1926 3350 1991 technisches Mittel dieser neuen Zeit erzielte, von
395 1930 1363 2001 r. Zwei Repräsentanten einer Kultur sind da¬
2331 1969 3381 2032 der die Wiener Romantiker nichts wissen wollten: I
328 1970 1356 2028 hingegangen, die nicht wieder aufleben wird, weil
2316 1999 3284 2074 durch die Verfilmung mit Elisabeth Bergner.
330 2017 1354 2077 ihr der Nährboden entzogen wurde: das alte Wien.
2380 2047 3367 2109 Ja, wir sind grausam erweckt worden, und als!
339 2047 1349 2114 Weil ihr die Atmosphäre mangelt, in der sie ge¬
2311 2084 3380 2163 gum das Jahr 1910 die ersten Expressionisten den
335 2105 1355 2160 deihen konnten: die selbstzufriedene Windstille der
2319 2132 3362 2196 kommenden Weltkrieg mit roten Brandschwaden em
325 2135 1357 2202 Vorkriegszeit, in der die eleganten Sonderlinge
2321 2171 3390 2231 Horizont verkündeten, war die Wiener Dekadeneer
333 2198 1361 2243 wurden, die Grübler, Sinnierer und — Dekadenten.
2320 2216 3330 2281 eigentlich erledigt. Sie hat weiter gelebt, aber
338 2230 1317 2280 Das schönste Drama Schnitzlers heißt „Liebelei“ —
2317 2252 3371 2311 Schnitzler versuchte, sich auf die sozial beherrschteg
324 2244 1367 2319 nicht „Liebe". Liebe, das wäre ja: große Leidenschaft;
2324 2297 3378 2357 Gegenwart umzustellen, indem er den schönen Ro¬4
330 2298 1366 2365 aber Liebelei ist das Unverbindliche, das Nicht=Ver¬
2318 2339 3365 2406 man „Therese“ schrieb, das Schicksal eines jungen
335 2356 1367 2410 pflichtende, das Spielen mit der Liebe. Und:
2325 2367 3342 2449 Mädchens „aus gutem Hause“, dem der Weg und
319 2385 1358 2455 „Wir spielen immer; wer es weiß, ist klug“, heißt
2327 2412 3269 2472 das Weh alles Fleisches nicht erspart werden.
326 2421 796 2501 ein Vers Schnitzlers.
2376 2452 3370 2529 Nun ist vor wenigen Tagen die letzte Schnitzler
382 2459 1358 2523 Sie waren alle einmal symptematische Gestalten:
2325 2489 3018 2558 Novelle erschienen: „Flucht in
3071 2500 3358 2564 eFinster¬
319 2505 1358 2564 Hugo von Hofmannsthal, Arthur Schnitzler und der
2322 2547 3346 2608 nis.“ Man könnte symbolisch deuten: die Flucht
322 2542 1365 2608 dritte in dieser Reihe: Hermann Bahr, der uns das
2322 2584 3324 2651 vor der harten Zeit. Flucht in den Tod. Noch ein¬
324 2582 1363 2645 wundervoll verspielte „Konzert“ geschrieben hat. Sie
2322 2633 3264 2682 mal faßt Schnitzler sich in diesem kleinen Buch
3270 2638 3331 2683 zu¬
324 2623 1363 2689 bewiesen, wie weit sich die Dichtung von dem trüben
2323 2668 3325 2721 sammen, indem er alle seine Vorzüge offenbart, die
336 2666 1353 2722 und grauen Naturalismus entfernt hatte, der nichts
2326 2698 3358 2768 Kunst der Seelenanalyse, aus der am Ende die
328 2722 1360 2782 wollte, als die unerbittliche und harte Wirklichkeit
2325 2748 3323 2797 Synthese wird. Es ist das Buch — man kann es
323 2749 1362 2817 aufzeigen. Wirklichkeit? Das war diesen Dichtern
330 2801 3312 2841 ein böses Wort. Sie liebten es, zu tändeln, dem nicht glavben, da wird die Leidenschaft zu einer heute sagen — eines, der von der Welt Abschiel
2338 2835 3239 2883 nimmt. Es ist auch ein Buch, das gleichsam
340 2837 2343 2904 flüchtigen Rausch des Augenblicks nachzuhängen, sich Episode erniedrigt: „Wir spielen immer; wer es
2332 2867 3241 2935 Abrechnung mit der Vergangenheit vornimmt,
335 2862 1672 2934 und ihre Stimmungen zu zergliedern. Sie analy=weiß, ist klug.“
1382 2897 3296 2960 Weil wir immer spielen, halten wir uns nicht sich und uns fragt, wie weit die „fixe Idee“ übe
335 2901 1349 2979 sierten. Sie trieben — lange bevor Sigmund Freud
1353 2936 3353 3010 an die Damen der „großen Welt“; wir gehen in die die gesunde Vernunft herrschen könne, das Wirklich¬
329 2964 1338 3013 zu sprechen begann — literarische Psychoanalyse, die
1342 2975 3360 3055 Vorstadt und finden dort das „süße Mädel“, das keit und Spiel, Traum und Tag ineinander über¬
329 2996 1353 3054 den Urgrund aller Erlebnisse irgendwo im Unter¬
1342 3022 3350 3084 mit sich spielen läßt, das man mit allen romantischen gehen läßt, um die letzte Lösung im Tode zu finden.
326 3008 1350 3087 bewußtsein aufspürt; sie gewannen also Erkennt¬
2333 3077 3349 3130 Im Tode: das ist nun sehr bedeutsam geworden.
1339 3078 2337 3126 Ornamenten umkleiden kann. Aber es gibt doch
326 3077 1354 3122 nisse, die von der Wissenschaft später nur bestätigt
2372 3116 3348 3168 Aber das Werk Schnitzlers — lebt es nicht mehr?
337 3106 2344 3174 zu werden brauchen — von dieser Wissenschaft, die einige „amtliche Instanzen“, die dem spielerischen
2333 3137 3357 3215 Der Verlag S. Fischer hat es voraussehend lebendig
1337 3165 2357 3207 Leben ein Ende machen, als da sind Behörden und
333 3143 1093 3239 gleichfalls auf Wiener Boden gedieh.
1336 3173 3351 3248 Militär, die grausam in eine verspielte Träumerei erhalten wollen, indem er noch kürzlich die besten
392 3175 1349 3256 Soiche Gewinne legte Schnitzler in seinen Ein¬
1342 3227 3364 3301 hineinplatzen können. Aus solchen Disharmonien Novellen in einem billigen Band herausges. Man
336 3236 1357 3296 aktern und Novellen nieder, er verdichtete sie, und
1338 3272 3356 3324 können literarisch köstliche Dinge erstehen, Schnitz= darf auch annehmen, daß dieser Band viele Käufer
331 3282 1351 3352 sie gewannen Gestalt. Da ist der junge Dichter
1340 3311 3347 3374 lers „Spiel im Morgengrauen“ — eine meisterhaft findet. Zwar ist die Alt=Wiener Zeit tot, aber die
335 3320 1344 3388 „Anatol“, der mit seiner Schwermut kokettiert, der
2762 3341 3361 3416 wird immer die Menschen
339 3364 2782 3418 mit der Liebe und den Frauen spielt —: Liebelei. erzählte Novelle — oder, ganz freudianisch zwischen Träumer leben. Es
328 3395 3340 3462 Da ist der Einakterzyklus „Reigen“, der einmal, es Tag und Traum, die „Traumnovelle“, eins von geben, die an dem Widerstreit zwischen Tag und
