3484 4224
510 107 864 174 Flucht
1155 111 1339 179 Fins
968 110 1102 179 die
296 113 1676 227 36 A Crn 18
689 1145 1910 1211 Mulden, eine kalte, gekelterte, Luft weht in dem Buche, das
701 1188 1905 1253 während einiger Wiener Monate und auf dem Semmering spielt.
189 1156 539 1301 s Werk.
739 1230 1914 1292 In lustiger Junggesellenzeit hat Robert einmal erlebt, wie bei
695 1284 1910 1328 einem Leutnant Höhburg — und eben hatte der noch die Hand
204 1300 470 1366 nsternis.“
695 1317 1908 1388 mit dem Champagnerglas auf die Schulter seiner Geliebten
701 1375 1913 1423 gelegt! — am Tage nach frohem Gelage der Wahnsinn ausbricht.
269 1374 655 1471 (Nachdruck verboten.)
698 1404 1915 1462 In schwerster Erschütterung hat er gleich darauf seinen Bruder,
701 1455 1905 1503 den Mediziner Otto, aufgesucht, und dem Widerstrebenden ein
212 1439 415 1527 JACOB.
699 1497 1905 1555 Papier in die Hand gedrückt, darin er dem Arzt und Bruder
195 1498 670 1579 nden, dass es eigentlich
689 1545 1901 1596 den Freipass ausstellt, beim geringsten Aufzucken einer Geistes¬
210 1565 666 1618 a zweifellos, erklärte er,
697 1575 1911 1638 krankheit ihn, Robert, aus der Welt zu schaffen. Der Bruder
202 1608 665 1671 dass auch für alle Ster¬
694 1624 1905 1687 nahm jenes Papier nie ernst — der Sonderling aber, der Hypo¬
202 1650 672 1711 Leben mit einer unge¬
693 1667 1910 1725 chonder, der im Spiegel nach Schlaganfällen und Gesichts¬
202 1697 676 1755 senden Geschwindigkeit
698 1727 1906 1773 lähmungen fahndet, nimmt es desto ernster. Und immer
209 1740 680 1798 serinnerte Leben natür¬
699 1752 1919 1814 würgender mischt sich jenes alte, vielleicht längst verbrannte
188 1783 676 1843 k habe und dieser letzte
690 1798 1911 1859 Briefblatt in den Reigen der Dinge und Situationen, die den
205 1825 676 1885 weiter: so bedeute das
700 1852 1910 1899 Verfolgungstanz um den Ministerialbeamten beginnen. Als er
191 1867 672 1934 e Ewigkeit — unter der
694 1893 1911 1946 ausbrechen will aus dem Reigen dieser grausigen Karussell¬
189 1922 674 1977 nReihe.“ — Ein mathe¬
691 1945 1919 2000 fratzen, da kann er es nicht anders, als indem er den Bruder
189 1956 671 2018 rAusspruch? Gewiss.
701 1980 1920 2049 erschiesst. Durch die gewonnene Lücke springt er hinaus und
191 1988 671 2060 enkt und spekuliert, der
700 2029 1039 2093 tötet sich selbst.
201 2051 672 2104 Mögen solche Gedanken
750 2048 1916 2120 Ein Buch von so lautloser und dabei schreckensvoller Inner¬
207 2098 678 2166 vortrefflich ins Meubie¬
701 2117 1920 2172 lichkeit haben wir seit Hermann Hesses „Steppenwolf“ nicht er¬
193 2136 336 2198 eele.
694 2142 1926 2214 halten. Dabei ist Schnitzlers Werk bitterer und unromantischer.
184 2159 681 2245 is“ stellt dar, wie ein
702 2211 1921 2267 Ihm, dem man so gern Exzesse des „Spieltriebs“ — er war ja
188 2222 671 2276 insinn abgleitet. Kaum
697 2234 1927 2311 schliesslich ein Oesterreicher — nachsagte, ist hier etwas ganz
190 2269 675 2327 iteraturgeschichten gern
709 2297 1919 2357 Unspielerisches geglückt. Die Hand, die es schrieb, zeigt nicht
201 2309 672 2371 " bezeichneten Schnitzler.
699 2342 1922 2391 eine Spur von Alter. Schnitzler hat den Tod und das Alter ja
187 2356 671 2420 sches Thema behandelt.
702 2376 1919 2445 schon als Jüngling in jedem seiner Werke durch Hutlüften ge¬
201 2395 688 2462 der Schmückung. Alles
703 2426 1920 2485 grüsst. Er hat Auflösung und Verfall gleichsam eingeladen: als
180 2440 678 2505 lurchtbaren Frage: Wird
694 2473 1929 2530 Themen sein Werk zu betreten — vielleicht hat er gerade da¬
199 2490 675 2549 goder wird er es nicht?
701 2521 1929 2578 durch sich Klarheit und Ueberlegenheit bis zur letzten Lebens¬
193 2525 681 2595 die heimlich nagenden
701 2554 1925 2627 minute erkauft. Klar, überlegen ist dieses Buch — das doch zu¬
190 2577 679 2638 rdtat, ein kaum empfun¬
694 2609 1915 2673 gleich von so gedämpfter Sanftmut erstrahlt wie dicht gefallener
198 2618 679 2683 sser auf dem Tisch liegt:
695 2645 1927 2707 Schnee, der alle Kanten milder!! Wollte man es irgendwo ein¬
176 2660 687 2716 Eeinen noblen und seelisch
693 2692 1914 2749 ordnen, so könnte man vor seiner vollkommenen Form nur
189 2703 685 2760 Hlerzuziehen. Es ist ein
707 2737 1695 2812 gestehen: „Der Impressionismus ist nicht zu Ende.“
198 2751 676 2809 sellen gegeben hat, und
740 2791 1922 2842 Neulich war Albert Einstein in Wien, und man pries, indem
180 2794 687 2861 Doppelgänger“ denkt —
703 2840 1915 2897 man ihn zu ehren gedachte, seinen grossen Lehrer Ernst Mach,
184 2850 679 2900 schrecklicher. Aber die
697 2879 1914 2942 dessen naturphilosophische Systematik unzweifelhaft zu den Be¬
190 2877 686 2955 etwas Neues: durch ihre
697 2915 1918 2976 wegern gehört, die Einstein zur Relativitätstheorie geführt
194 2929 672 2991 eben doch Schnitzlerische
699 2970 1909 3025 haben. Dieser Ernst Mach war auch der Lehrer Schnitzlers.
184 2975 671 3031 nsniedergang selbst, son¬
715 3002 1918 3068 „Ich bin ein Naturwissenschaftler“, sagte Schnitzler, noch am
206 3018 676 3075 Wundervolle an dieser
705 3055 1917 3104 letzten Abend vor seinem Tode, zu seinem Jugendfreunde, dem
192 3061 686 3109 terialbeamte Robert fährt
708 3095 1918 3154 Medizinalrat Kapper, dem Urbild des Max aus dem „Anatol“.
195 3110 688 3171 n Bobschlitten. Schönes,
189 3118 1969 3209 Nebel aus schneegefüllten Mit Heftigkeit, glänzend aus bleichem Gesicht, brachte er dies
1257 3252 1527 3406 2
200 3242 513 3414 Ka
1187 3351 1227 3386 90
1849 103 2208 205 box 6/3
1932 1121 3136 1196 vor — und man darf hinzufügen, dass er sogar ein Naturwissen¬
1930 1181 3127 1232 schaftler der neuesten Sorte war. Nicht mehr in „Quanten“
1926 1229 3143 1278 leben seine Menschen, sondern in „Feldern“. Für Mach waren
1925 1275 3139 1324 die Natur sowohl wie der Mensch Produkte aus Relativitäten und
1918 1316 3146 1377 Beziehungen. Ja, selbst Harmonie entstand für diesen grossen
1921 1369 3146 1416 Naturphilosophen'nur dort, wo „zwei Störungen sich die Waage
1922 1403 3150 1450 hielten“. In Machs und Einsteins Anschauungskreisen gibt es
1927 1432 3146 1504 keinen Platz mehr für den Begriff der absoluten „Substanz“.
1937 1483 3158 1533 Mach lehrt: „Ein Magnet in unserer Umgebung stört die benach¬
1939 1529 3152 1579 barten Eisenmassen, ein stürzendes Felsstück erschüttert den“
1933 1577 3152 1629 Boden, das Durchschneiden eines Nerven aber bringt das ganze
1922 1615 3144 1670 System von Elementen in Bewegung.“ Stolzer Zeitgenosse dieser
1932 1658 3155 1711 naturphilosophischen Erkenntnisse war ruch der Schriftsteller
1933 1712 3143 1762 Artur Schnitzler. Solange das von Ernst Mach Gelehrte Gemein¬
1934 1746 3173 1817 gut der Meuschen bleiben wird, solange wird auch die grosse
1927 1789 2719 1865 Novellenkunst Artur Schnitzlers bestehen.
