<?xml version="1.0" encoding="UTF-8" standalone="yes"?>
<PcGts xmlns="http://schema.primaresearch.org/PAGE/gts/pagecontent/2013-07-15" xmlns:xsi="http://www.w3.org/2001/XMLSchema-instance" xsi:schemaLocation="http://schema.primaresearch.org/PAGE/gts/pagecontent/2013-07-15 http://schema.primaresearch.org/PAGE/gts/pagecontent/2013-07-15/pagecontent.xsd">
    <Metadata>
        <Creator>prov=University of Rostock/Institute of Mathematics/CITlab/Gundram Leifert/gundram.leifert@uni-rostock.de:name=ONB_Newseye_GT_M1+(htr_id=10810)::::v=2.4.2
prov=University of Rostock/Institute of Mathematics/CITlab/Tobias Gruening/tobias.gruening@uni-rostock.de:name=de.uros.citlab.module.baseline2polygon.B2PSeamMultiOriented:v=2.4.2
prov=University of Rostock/Institute of Mathematics/CITlab/Tobias Gruening/tobias.gruening@uni-rostock.de:name=/mnt/transkribus/LA/DEA/URO/LA_news_onb_att.pb:de.uros.citlab.segmentation.CITlab_LA_ML:v=2.4.2
Transkribus</Creator>
        <Created>2019-10-07T10:23:25.195+02:00</Created>
        <LastChange>2019-10-07T17:06:00.453+02:00</LastChange>
        <TranskribusMetadata docId="223885" pageId="9491056" pageNr="26" tsid="16392424" status="IN_PROGRESS" userId="40391" imgUrl="https://files.transkribus.eu/Get?id=AMSRIFRJHAILVPAFIQEELLWZ&amp;fileType=view" xmlUrl="https://files.transkribus.eu/Get?id=RCDJFWMPBQDVSKDGPJVPAHAD" imageId="6181344"/>
    </Metadata>
    <Page imageFilename="223885_0026.jpeg" imageWidth="3436" imageHeight="4224">
        <ReadingOrder>
            <OrderedGroup id="ro_1711446437016" caption="Regions reading order">
                <RegionRefIndexed index="0" regionRef="r1"/>
                <RegionRefIndexed index="1" regionRef="r2"/>
                <RegionRefIndexed index="2" regionRef="r3"/>
            </OrderedGroup>
        </ReadingOrder>
        <TextRegion orientation="0.0" id="r1" custom="readingOrder {index:0;}">
            <Coords points="268,97 268,259 454,259 454,97"/>
            <TextLine id="r1l1" custom="readingOrder {index:0;}">
                <Coords points="261,193 295,200 323,218 360,210 390,219 398,212 418,216 462,198 463,178 437,179 425,167 404,166 387,147 376,151 358,140 304,150 281,171 262,175"/>
                <Baseline points="268,199 294,198 321,197 347,198 374,199 400,202 427,205 454,209"/>
                <TextEquiv>
                    <Unicode>36</Unicode>
                </TextEquiv>
            </TextLine>
            <TextEquiv>
                <Unicode>36</Unicode>
            </TextEquiv>
        </TextRegion>
        <TextRegion orientation="0.0" id="r2" custom="readingOrder {index:1;}">
            <Coords points="427,180 427,4084 1627,4084 1627,180"/>
            <TextLine id="r2l1" custom="readingOrder {index:0;}">
                <Coords points="506,209 776,211 776,159 740,152 721,166 683,150 637,163 585,163 557,145 547,153 507,142"/>
                <Baseline points="514,201 539,200 564,200 590,200 615,200 641,201 666,201 691,201 717,201 742,201 768,200"/>
                <TextEquiv>
                    <Unicode>lucht</Unicode>
                </TextEquiv>
            </TextLine>
            <TextLine id="r2l2" custom="readingOrder {index:1;}">
                <Coords points="807,214 817,212 825,217 828,215 839,214 833,169 826,170 818,166 817,164 812,166 809,164 807,166 801,166"/>
                <Baseline points="814,205 830,203"/>
                <TextEquiv>
                    <Unicode>1</Unicode>
                </TextEquiv>
            </TextLine>
            <TextLine id="r2l3" custom="readingOrder {index:2;}">
                <Coords points="934,212 1012,220 1049,213 1067,215 1068,167 1052,167 1028,155 1005,163 986,151 969,161 935,164"/>
                <Baseline points="942,203 971,204 1001,205 1030,206 1060,205"/>
                <TextEquiv>
                    <Unicode>die</Unicode>
                </TextEquiv>
            </TextLine>
            <TextLine id="r2l4" custom="readingOrder {index:3;}">
                <Coords points="1128,212 1618,216 1618,181 1570,176 1546,154 1441,178 1353,154 1237,173 1219,154 1166,151 1129,168"/>
                <Baseline points="1135,205 1160,206 1185,206 1210,208 1235,208 1260,208 1285,209 1310,209 1335,209 1360,209 1385,209 1410,209 1435,209 1460,209 1485,209 1510,210 1535,210 1560,210 1585,211 1610,211"/>
                <TextEquiv>
                    <Unicode>Finsternis</Unicode>
                </TextEquiv>
            </TextLine>
            <TextLine id="r2l5" custom="readingOrder {index:4;}">
                <Coords points="462,242 1589,256 1635,219 463,197"/>
                <Baseline points="469,218 526,220 584,222 642,224 700,226 758,227 816,228 874,228 932,229 990,229 1048,230 1105,230 1163,230 1221,230 1279,231 1337,231 1395,232 1453,233 1511,234 1569,236 1627,238"/>
                <TextEquiv>
                    <Unicode></Unicode>
                </TextEquiv>
            </TextLine>
            <TextLine id="r2l6" custom="readingOrder {index:5;}">
                <Coords points="524,580 572,576 598,585 630,572 656,586 662,581 678,586 723,576 724,536 704,538 674,522 649,536 614,523 604,528 546,521 526,528"/>
                <Baseline points="532,565 558,565 584,566 610,566 637,567 663,568 689,569 716,571"/>
                <TextEquiv>
                    <Unicode>Tines</Unicode>
                </TextEquiv>
            </TextLine>
            <TextLine id="r2l7" custom="readingOrder {index:6;}">
                <Coords points="530,636 618,637 646,628 660,636 705,628 716,617 760,632 759,574 747,570 724,581 715,575 687,591 666,591 625,572 610,584 565,583 529,610"/>
                <Baseline points="537,625 563,623 590,621 617,621 644,620 671,620 698,620 725,619 752,618"/>
                <TextEquiv>
                    <Unicode>Akron (</Unicode>
                </TextEquiv>
            </TextLine>
            <TextLine id="r2l8" custom="readingOrder {index:7;}">
                <Coords points="691,675 749,699 782,680 826,694 870,679 901,692 934,678 947,688 999,686 999,633 925,612 896,627 826,617 766,638 730,618 690,628"/>
                <Baseline points="698,672 724,673 751,673 778,673 804,672 831,672 858,671 885,671 911,670 938,670 965,670 992,671"/>
                <TextEquiv>
                    <Unicode>Nov 3-31</Unicode>
                </TextEquiv>
            </TextLine>
            <TextLine id="r2l9" custom="readingOrder {index:8;}">
                <Coords points="757,795 784,790 803,806 862,813 883,800 899,810 913,798 929,806 981,792 1018,811 1058,792 1056,737 927,727 868,733 851,745 810,733 755,745"/>
                <Baseline points="764,790 790,792 816,792 842,791 868,790 894,788 920,787 946,786 972,785 998,785 1024,785 1051,787"/>
                <TextEquiv>
                    <Unicode>Summaries</Unicode>
                </TextEquiv>
            </TextLine>
            <TextLine id="r2l10" custom="readingOrder {index:9;}">
                <Coords points="494,864 1422,829 1408,783 1296,803 1233,776 1125,810 492,820"/>
                <Baseline points="501,860 546,858 592,856 638,854 683,853 729,851 775,849 820,847 866,846 912,844 958,842 1003,841 1049,839 1095,837 1140,836 1186,834 1232,833 1277,831 1323,830 1369,828 1415,827"/>
                <TextEquiv>
                    <Unicode>TANHATTAN SIDE-SHOW“ by Konrad Bercovici</Unicode>
                </TextEquiv>
            </TextLine>
            <TextLine id="r2l11" custom="readingOrder {index:10;}">
                <Coords points="426,897 617,914 1412,864 1411,839 1254,834 541,876 424,839"/>
                <Baseline points="433,887 481,890 530,892 578,894 627,894 676,894 724,894 773,892 821,891 870,889 919,887 967,885 1016,882 1064,880 1113,877 1162,875 1210,872 1259,870 1307,869 1356,866 1405,865"/>
                <TextEquiv>
                    <Unicode>IVI (Century) is filled with great names but it is</Unicode>
                </TextEquiv>
            </TextLine>
            <TextLine id="r2l12" custom="readingOrder {index:11;}">
                <Coords points="421,958 1416,897 1350,867 619,912 418,893"/>
                <Baseline points="427,934 476,934 525,934 574,934 623,933 672,932 721,931 770,930 819,928 868,926 918,924 967,922 1016,920 1065,918 1114,916 1163,913 1212,911 1261,909 1310,907 1359,905 1409,903"/>
                <TextEquiv>
                    <Unicode>mediocre alongside, some of the author’s other work.</Unicode>
                </TextEquiv>
            </TextLine>
            <TextLine id="r2l13" custom="readingOrder {index:12;}">
                <Coords points="500,975 1416,936 1308,909 498,944"/>
                <Baseline points="506,971 551,970 596,970 641,969 686,968 731,967 776,965 822,964 867,962 912,961 957,959 1002,958 1047,956 1092,954 1138,951 1183,950 1228,948 1273,946 1318,943 1363,941 1409,939"/>
                <TextEquiv>
                    <Unicode>Sins of Americà—As Exposed by the Police Gaz¬</Unicode>
                </TextEquiv>
            </TextLine>
            <TextLine id="r2l14" custom="readingOrder {index:13;}">
                <Coords points="433,1014 1387,994 1412,952 432,987"/>
                <Baseline points="440,1011 488,1010 536,1008 584,1007 633,1005 681,1004 729,1003 777,1001 826,999 874,998 922,996 970,995 1019,993 1067,991 1115,990 1163,987 1212,986 1260,983 1308,981 1356,979 1405,977"/>
                <TextEquiv>
                    <Unicode>ette,“ by Edward Van Every (Stokes), is a companion</Unicode>
                </TextEquiv>
            </TextLine>
            <TextLine id="r2l15" custom="readingOrder {index:14;}">
                <Coords points="435,1044 1425,1040 1423,989 1367,984 434,1013"/>
                <Baseline points="442,1049 490,1048 539,1047 588,1046 637,1044 685,1042 734,1041 783,1039 832,1037 880,1035 929,1033 978,1031 1027,1029 1075,1028 1124,1025 1173,1024 1222,1022 1270,1020 1319,1019 1368,1017 1417,1016"/>
                <TextEquiv>
                    <Unicode>volume to Sins of New York.“ Thomas Beer does</Unicode>
                </TextEquiv>
            </TextLine>
            <TextLine id="r2l16" custom="readingOrder {index:15;}">
                <Coords points="428,1097 452,1088 495,1105 543,1089 580,1104 643,1085 719,1092 776,1072 775,1050 653,1044 558,1059 426,1058"/>
                <Baseline points="435,1084 460,1085 486,1086 512,1085 537,1085 563,1084 589,1083 614,1081 640,1080 666,1079 691,1078 717,1077 743,1076 769,1076"/>
                <TextEquiv>
                    <Unicode>the introduction.</Unicode>
                </TextEquiv>
            </TextLine>
            <TextLine id="r2l17" custom="readingOrder {index:16;}">
                <Coords points="491,1131 1175,1112 1285,1134 1415,1105 1414,1079 1338,1063 490,1104"/>
                <Baseline points="498,1130 543,1128 588,1126 634,1124 679,1123 725,1121 770,1120 816,1119 861,1118 907,1117 952,1117 997,1115 1043,1115 1088,1114 1134,1112 1179,1111 1225,1109 1270,1107 1316,1105 1361,1103 1407,1100"/>
                <TextEquiv>
                    <Unicode>New York reviewers are cheering lustily for Clem¬</Unicode>
                </TextEquiv>
            </TextLine>
            <TextLine id="r2l18" custom="readingOrder {index:17;}">
                <Coords points="427,1163 560,1183 698,1166 722,1182 998,1153 972,1119 426,1134"/>
                <Baseline points="435,1169 462,1169 490,1168 518,1167 546,1166 574,1166 601,1165 629,1164 657,1163 685,1161 713,1161 740,1160 768,1159 796,1158 824,1157 852,1156 879,1156 907,1155 935,1155 963,1155 991,1155"/>
                <TextEquiv>
                    <Unicode>ence Dane's" Broome Stage.“</Unicode>
                </TextEquiv>
            </TextLine>
            <TextLine id="r2l19" custom="readingOrder {index:18;}">
                <Coords points="491,1217 1420,1182 1387,1143 490,1181"/>
                <Baseline points="498,1214 543,1213 589,1211 635,1210 681,1209 726,1207 772,1206 818,1204 864,1203 909,1201 955,1199 1001,1198 1047,1196 1092,1195 1138,1193 1184,1191 1230,1189 1275,1188 1321,1187 1367,1185 1413,1183"/>
                <TextEquiv>
                    <Unicode>Simon &amp; Schuster have just brought out Arthur</Unicode>
                </TextEquiv>
            </TextLine>
            <TextLine id="r2l20" custom="readingOrder {index:19;}">
                <Coords points="437,1258 1392,1231 1405,1187 436,1227"/>
                <Baseline points="444,1252 491,1251 539,1251 587,1250 635,1249 682,1247 730,1246 778,1245 826,1244 873,1242 921,1240 969,1238 1017,1237 1064,1235 1112,1232 1160,1230 1208,1229 1255,1227 1303,1224 1351,1223 1399,1221"/>
                <TextEquiv>
                    <Unicode>Schnitzler’s last short novel, Flight Into Darkness.“</Unicode>
                </TextEquiv>
            </TextLine>
            <TextLine id="r2l21" custom="readingOrder {index:20;}">
                <Coords points="482,1301 1300,1288 1396,1280 1441,1230 481,1270"/>
                <Baseline points="489,1296 536,1296 583,1295 630,1293 678,1292 725,1291 772,1288 819,1286 867,1285 914,1282 961,1280 1008,1278 1056,1276 1103,1274 1150,1272 1197,1271 1245,1270 1292,1269 1339,1269 1386,1269 1434,1269"/>
                <TextEquiv>
                    <Unicode>Robert Ripley's second Believe It or Not“ book is</Unicode>
                </TextEquiv>
            </TextLine>
            <TextLine id="r2l22" custom="readingOrder {index:21;}">
                <Coords points="439,1346 589,1361 656,1333 991,1335 1037,1322 1036,1298 936,1280 913,1300 867,1287 437,1310"/>
                <Baseline points="445,1338 474,1337 503,1336 532,1335 561,1335 591,1334 620,1333 649,1332 678,1331 707,1330 737,1329 766,1327 795,1327 824,1325 853,1323 883,1323 912,1321 941,1320 970,1318 999,1317 1029,1316"/>
                <TextEquiv>
                    <Unicode>not as interesting as the first.</Unicode>
                </TextEquiv>
            </TextLine>
            <TextLine id="r2l23" custom="readingOrder {index:22;}">
                <Coords points="541,1690 648,1695 708,1679 771,1704 860,1690 985,1697 985,1670 936,1648 868,1657 808,1639 777,1651 695,1636 647,1653 543,1628"/>
                <Baseline points="548,1681 573,1681 598,1681 623,1682 649,1682 674,1682 699,1682 725,1683 750,1683 775,1683 800,1684 826,1685 851,1686 876,1687 902,1688 927,1690 952,1691 978,1693"/>
                <TextEquiv>
                    <Unicode>Nevs Tribune</Unicode>
                </TextEquiv>
            </TextLine>
            <TextLine id="r2l24" custom="readingOrder {index:23;}">
                <Coords points="535,1748 569,1759 584,1748 732,1757 764,1740 791,1754 929,1751 949,1745 951,1708 864,1709 832,1693 752,1708 696,1690 537,1691"/>
                <Baseline points="542,1734 567,1734 592,1734 617,1734 642,1735 667,1735 692,1735 717,1736 742,1737 767,1737 792,1738 817,1740 842,1740 867,1742 892,1744 917,1745 942,1747"/>
                <TextEquiv>
                    <Unicode>Duluth Ninn</Unicode>
                </TextEquiv>
            </TextLine>
            <TextLine id="r2l25" custom="readingOrder {index:24;}">
                <Coords points="722,1792 800,1815 860,1793 919,1815 955,1800 1019,1809 1036,1806 1038,1753 981,1742 948,1758 915,1747 868,1767 758,1747 723,1765"/>
                <Baseline points="729,1790 754,1790 779,1790 804,1791 829,1791 854,1791 879,1792 904,1793 929,1793 954,1795 979,1796 1004,1796 1030,1797"/>
                <TextEquiv>
                    <Unicode>Nov 8-31</Unicode>
                </TextEquiv>
            </TextLine>
            <TextLine id="r2l26" custom="readingOrder {index:25;}">
                <Coords points="577,1884 1138,1894 1170,1869 1229,1876 1229,1820 711,1809 659,1839 577,1823"/>
                <Baseline points="584,1867 615,1869 647,1870 679,1871 711,1873 743,1873 775,1874 807,1875 839,1875 871,1876 903,1876 934,1876 966,1876 998,1876 1030,1876 1062,1876 1094,1875 1126,1874 1158,1873 1190,1872 1222,1870"/>
                <TextEquiv>
                    <Unicode>In striking commemoralien, a</Unicode>
                </TextEquiv>
            </TextLine>
            <TextLine id="r2l27" custom="readingOrder {index:26;}">
                <Coords points="542,1914 1230,1931 1231,1877 1074,1894 1050,1876 1024,1898 849,1874 543,1880"/>
                <Baseline points="550,1907 583,1908 617,1909 650,1910 684,1910 718,1911 751,1911 785,1912 819,1913 852,1913 886,1913 920,1913 953,1914 987,1914 1021,1914 1054,1915 1088,1915 1122,1915 1155,1916 1189,1916 1223,1917"/>
                <TextEquiv>
                    <Unicode>week or so after the death or</Unicode>
                </TextEquiv>
            </TextLine>
            <TextLine id="r2l28" custom="readingOrder {index:27;}">
                <Coords points="537,1954 1225,1969 1217,1922 537,1906"/>
                <Baseline points="544,1945 577,1946 611,1947 644,1948 678,1949 712,1950 745,1951 779,1951 813,1952 846,1952 880,1952 914,1952 947,1952 981,1953 1015,1953 1048,1953 1082,1953 1116,1952 1149,1952 1183,1952 1217,1952"/>
                <TextEquiv>
                    <Unicode>Arthur Schnitzler, Austrian novel¬</Unicode>
                </TextEquiv>
            </TextLine>
            <TextLine id="r2l29" custom="readingOrder {index:28;}">
                <Coords points="538,1972 841,2004 1222,1994 1222,1969 1122,1957 539,1954"/>
                <Baseline points="545,1980 578,1982 612,1984 645,1985 679,1986 712,1987 746,1988 779,1988 813,1989 846,1989 880,1989 913,1989 947,1989 980,1989 1014,1989 1047,1988 1081,1988 1114,1988 1148,1988 1181,1988 1215,1988"/>
                <TextEquiv>
                    <Unicode>Ist and dramatist, comes the pub¬</Unicode>
                </TextEquiv>
            </TextLine>
            <TextLine id="r2l30" custom="readingOrder {index:29;}">
                <Coords points="548,2020 1006,2030 1030,2050 1074,2028 1225,2053 1226,2011 1194,1992 549,1989"/>
                <Baseline points="555,2020 588,2021 621,2023 654,2023 687,2024 721,2026 754,2027 787,2028 820,2029 853,2030 887,2031 920,2031 953,2032 986,2033 1019,2034 1053,2034 1086,2035 1119,2035 1152,2036 1185,2037 1219,2037"/>
                <TextEquiv>
                    <Unicode>lication of his last novel, Flight</Unicode>
                </TextEquiv>
            </TextLine>
            <TextLine id="r2l31" custom="readingOrder {index:30;}">
                <Coords points="541,2067 825,2073 876,2046 896,2052 897,2035 856,2026 743,2039 669,2027 634,2037 603,2025 542,2044"/>
                <Baseline points="548,2057 574,2059 600,2060 626,2061 652,2062 679,2063 705,2063 731,2063 757,2063 784,2063 810,2062 836,2062 862,2061 889,2060"/>
                <TextEquiv>
                    <Unicode>Into Darkness.“</Unicode>
                </TextEquiv>
            </TextLine>
            <TextLine id="r2l32" custom="readingOrder {index:31;}">
                <Coords points="585,2115 804,2108 860,2130 970,2109 1179,2129 1218,2119 1219,2078 1108,2061 930,2084 875,2055 783,2085 586,2062"/>
                <Baseline points="592,2103 624,2104 657,2105 689,2106 722,2107 754,2108 787,2109 820,2110 852,2111 885,2111 917,2112 950,2112 982,2113 1015,2114 1048,2114 1080,2115 1113,2115 1145,2116 1178,2116 1211,2116"/>
                <TextEquiv>
                    <Unicode>Schnitzler spreads bare before</Unicode>
                </TextEquiv>
            </TextLine>
            <TextLine id="r2l33" custom="readingOrder {index:32;}">
                <Coords points="537,2139 780,2163 1067,2153 1220,2178 1221,2137 1194,2124 538,2108"/>
                <Baseline points="545,2140 578,2141 611,2143 645,2144 678,2146 712,2147 745,2148 778,2149 812,2149 845,2150 879,2151 912,2151 945,2151 979,2152 1012,2152 1046,2153 1079,2153 1112,2154 1146,2155 1179,2155 1213,2156"/>
                <TextEquiv>
                    <Unicode>us the later life and thoughts of a</Unicode>
                </TextEquiv>
            </TextLine>
            <TextLine id="r2l34" custom="readingOrder {index:33;}">
                <Coords points="543,2188 1010,2208 1187,2193 1187,2174 1056,2155 544,2146"/>
                <Baseline points="551,2182 582,2183 613,2184 645,2185 676,2186 708,2187 739,2188 771,2189 802,2190 834,2191 865,2192 896,2193 928,2193 959,2194 991,2194 1022,2194 1054,2194 1085,2194 1117,2193 1148,2192 1180,2191"/>
                <TextEquiv>
                    <Unicode>man who is afraid of going mad.</Unicode>
                </TextEquiv>
            </TextLine>
            <TextLine id="r2l35" custom="readingOrder {index:34;}">
                <Coords points="579,2223 646,2245 802,2226 890,2250 1226,2235 1226,2209 1177,2194 1012,2212 579,2195"/>
                <Baseline points="586,2228 617,2230 649,2231 680,2233 712,2234 744,2235 775,2235 807,2236 839,2237 870,2237 902,2237 934,2237 965,2238 997,2238 1029,2238 1060,2238 1092,2238 1124,2238 1155,2238 1187,2238 1219,2238"/>
                <TextEquiv>
                    <Unicode>The story begins when Robert</Unicode>
                </TextEquiv>
            </TextLine>
            <TextLine id="r2l36" custom="readingOrder {index:35;}">
                <Coords points="532,2259 805,2288 1212,2279 1212,2247 1184,2243 645,2245 533,2217"/>
                <Baseline points="539,2270 572,2271 605,2271 638,2272 672,2272 705,2272 738,2273 771,2273 805,2274 838,2274 871,2274 904,2275 938,2275 971,2275 1004,2275 1037,2275 1071,2275 1104,2275 1137,2274 1170,2274 1204,2273"/>
                <TextEquiv>
                    <Unicode>senses the shadow of a mental dis¬</Unicode>
                </TextEquiv>
            </TextLine>
            <TextLine id="r2l37" custom="readingOrder {index:36;}">
                <Coords points="520,2327 1051,2306 1225,2331 1221,2265 1165,2287 803,2288 521,2260"/>
                <Baseline points="528,2311 562,2310 597,2309 631,2309 666,2309 700,2309 735,2309 769,2310 804,2310 838,2311 873,2311 907,2312 942,2312 976,2313 1011,2313 1045,2314 1080,2314 1114,2314 1149,2313 1183,2313 1218,2312"/>
                <TextEquiv>
                    <Unicode>turbance. He notices that his left</Unicode>
                </TextEquiv>
            </TextLine>
            <TextLine id="r2l38" custom="readingOrder {index:37;}">
                <Coords points="537,2337 637,2356 924,2344 1025,2369 1118,2352 1225,2374 1226,2332 1052,2307 537,2320"/>
                <Baseline points="544,2350 577,2349 611,2347 645,2347 678,2346 712,2346 746,2346 779,2346 813,2347 847,2347 881,2348 914,2348 948,2349 982,2350 1015,2351 1049,2351 1083,2352 1116,2353 1150,2353 1184,2354 1218,2354"/>
                <TextEquiv>
                    <Unicode>eyelid droops lower than the right,</Unicode>
                </TextEquiv>
            </TextLine>
            <TextLine id="r2l39" custom="readingOrder {index:38;}">
                <Coords points="534,2386 1107,2409 1228,2376 1176,2355 1025,2369 924,2343 802,2361 535,2341"/>
                <Baseline points="542,2383 575,2383 609,2383 643,2384 677,2384 711,2384 745,2384 779,2385 813,2385 847,2386 881,2386 914,2387 948,2387 982,2388 1016,2388 1050,2389 1084,2389 1118,2390 1152,2390 1186,2391 1220,2391"/>
                <TextEquiv>
                    <Unicode>and fears that this is a symptom</Unicode>
                </TextEquiv>
            </TextLine>
            <TextLine id="r2l40" custom="readingOrder {index:39;}">
                <Coords points="543,2423 605,2417 672,2435 688,2425 840,2427 866,2445 902,2435 903,2393 846,2385 831,2398 787,2387 643,2396 568,2392 543,2377"/>
                <Baseline points="550,2419 576,2419 603,2420 629,2420 656,2420 682,2421 709,2421 735,2422 762,2422 788,2423 815,2423 841,2423 868,2422 895,2422"/>
                <TextEquiv>
                    <Unicode>of mental disease.</Unicode>
                </TextEquiv>
            </TextLine>
            <TextLine id="r2l41" custom="readingOrder {index:40;}">
                <Coords points="577,2447 721,2474 769,2448 818,2472 1104,2476 1145,2458 1193,2475 1193,2416 1110,2440 998,2415 877,2439 577,2424"/>
                <Baseline points="584,2459 614,2460 644,2460 674,2460 704,2461 734,2461 764,2461 794,2461 824,2462 854,2462 884,2462 914,2462 944,2462 974,2463 1004,2463 1034,2463 1064,2463 1094,2463 1124,2463 1154,2462 1185,2462"/>
                <TextEquiv>
                    <Unicode>Through the complexities of</Unicode>
                </TextEquiv>
            </TextLine>
            <TextLine id="r2l42" custom="readingOrder {index:41;}">
                <Coords points="536,2492 971,2521 1223,2503 1209,2456 1178,2479 717,2473 537,2435"/>
                <Baseline points="544,2494 577,2495 611,2496 644,2497 678,2498 711,2499 745,2499 778,2499 812,2499 845,2499 879,2499 913,2499 946,2499 980,2499 1013,2500 1047,2500 1080,2500 1114,2500 1147,2500 1181,2501 1215,2502"/>
                <TextEquiv>
                    <Unicode>self-doubt and slackening mental</Unicode>
                </TextEquiv>
            </TextLine>
            <TextLine id="r2l43" custom="readingOrder {index:42;}">
                <Coords points="529,2525 670,2548 1206,2550 1186,2509 1054,2500 971,2522 529,2496"/>
                <Baseline points="536,2533 569,2534 602,2535 635,2536 668,2536 701,2537 734,2537 767,2537 800,2537 833,2537 867,2537 900,2537 933,2537 966,2537 999,2538 1032,2538 1065,2538 1098,2538 1131,2539 1164,2540 1198,2541"/>
                <TextEquiv>
                    <Unicode>control, and through a labyrinth</Unicode>
                </TextEquiv>
            </TextLine>
            <TextLine id="r2l44" custom="readingOrder {index:43;}">
                <Coords points="537,2565 1205,2594 1205,2549 538,2529"/>
                <Baseline points="544,2569 576,2570 609,2571 642,2571 674,2572 707,2573 740,2573 772,2573 805,2574 838,2574 871,2574 903,2575 936,2575 969,2575 1001,2575 1034,2576 1067,2576 1099,2577 1132,2578 1165,2578 1198,2579"/>
                <TextEquiv>
                    <Unicode>of introspection, Schnitzler traces</Unicode>
                </TextEquiv>
            </TextLine>
            <TextLine id="r2l45" custom="readingOrder {index:44;}">
                <Coords points="535,2608 715,2617 757,2638 783,2620 944,2615 1113,2639 1113,2592 1070,2585 589,2581 535,2564"/>
                <Baseline points="543,2613 571,2613 599,2613 627,2613 655,2613 683,2612 711,2612 740,2612 768,2612 796,2612 824,2612 852,2612 880,2612 908,2612 937,2613 965,2613 993,2613 1021,2614 1049,2614 1077,2615 1106,2616"/>
                <TextEquiv>
                    <Unicode>Robert’s gradual breakdown.</Unicode>
                </TextEquiv>
            </TextLine>
            <TextLine id="r2l46" custom="readingOrder {index:45;}">
                <Coords points="532,2662 583,2684 619,2663 638,2674 664,2663 744,2684 897,2674 957,2685 957,2639 894,2620 786,2623 760,2640 715,2617 573,2630 532,2608"/>
                <Baseline points="540,2666 565,2666 591,2667 616,2667 642,2667 668,2667 693,2668 719,2668 745,2667 770,2667 796,2667 821,2667 847,2667 873,2667 898,2667 924,2667 950,2667"/>
                <TextEquiv>
                    <Unicode>BECOMES MOODY</Unicode>
                </TextEquiv>
            </TextLine>
            <TextLine id="r2l47" custom="readingOrder {index:46;}">
                <Coords points="564,2721 1112,2726 1216,2747 1217,2674 1150,2704 1049,2682 989,2700 687,2669 565,2682"/>
                <Baseline points="572,2713 603,2715 635,2716 667,2718 699,2719 731,2720 762,2721 794,2722 826,2723 858,2723 890,2723 921,2724 953,2724 985,2724 1017,2724 1049,2724 1080,2724 1112,2724 1144,2724 1176,2725 1208,2725"/>
                <TextEquiv>
                    <Unicode>Early in life, after brooding over</Unicode>
                </TextEquiv>
            </TextLine>
            <TextLine id="r2l48" custom="readingOrder {index:47;}">
                <Coords points="544,2768 1205,2775 1197,2733 545,2719"/>
                <Baseline points="552,2754 584,2755 616,2756 648,2757 681,2758 713,2759 745,2760 778,2760 810,2761 842,2761 875,2762 907,2762 939,2763 971,2763 1004,2763 1036,2763 1068,2763 1101,2763 1133,2763 1165,2762 1198,2762"/>
                <TextEquiv>
                    <Unicode>a friend’s insanity, Robert had</Unicode>
                </TextEquiv>
            </TextLine>
            <TextLine id="r2l49" custom="readingOrder {index:48;}">
                <Coords points="531,2821 587,2794 1203,2811 1203,2776 1179,2773 567,2765 531,2740"/>
                <Baseline points="538,2791 570,2792 603,2794 636,2794 669,2795 702,2796 735,2796 768,2797 801,2797 834,2797 867,2797 899,2797 932,2797 965,2798 998,2798 1031,2798 1064,2798 1097,2799 1130,2799 1163,2800 1196,2801"/>
                <TextEquiv>
                    <Unicode>given his brother, Otto, a document</Unicode>
                </TextEquiv>
            </TextLine>
            <TextLine id="r2l50" custom="readingOrder {index:49;}">
                <Coords points="524,2828 686,2846 777,2823 896,2852 1203,2842 1192,2806 524,2794"/>
                <Baseline points="531,2830 564,2830 597,2831 630,2832 663,2833 697,2833 730,2834 763,2834 796,2835 829,2835 863,2836 896,2836 929,2836 962,2837 995,2837 1029,2838 1062,2838 1095,2839 1128,2839 1161,2840 1195,2841"/>
                <TextEquiv>
                    <Unicode>authorizing Otto, a physiclan, to</Unicode>
                </TextEquiv>
            </TextLine>
            <TextLine id="r2l51" custom="readingOrder {index:50;}">
                <Coords points="532,2879 1087,2880 1138,2909 1203,2888 1203,2858 1163,2847 533,2837"/>
                <Baseline points="540,2866 572,2867 605,2868 638,2869 671,2870 703,2872 736,2873 769,2874 802,2875 834,2875 867,2876 900,2877 933,2878 965,2879 998,2879 1031,2879 1064,2879 1096,2879 1129,2879 1162,2878 1195,2878"/>
                <TextEquiv>
                    <Unicode>kill him painlessly, should he show</Unicode>
                </TextEquiv>
            </TextLine>
            <TextLine id="r2l52" custom="readingOrder {index:51;}">
                <Coords points="535,2911 640,2911 661,2922 787,2912 823,2923 833,2913 895,2913 896,2894 757,2874 652,2888 570,2871 535,2879"/>
                <Baseline points="542,2904 568,2905 595,2907 621,2908 648,2909 675,2910 701,2910 728,2911 754,2911 781,2911 808,2911 834,2911 861,2911 888,2911"/>
                <TextEquiv>
                    <Unicode>signs of madness.</Unicode>
                </TextEquiv>
            </TextLine>
            <TextLine id="r2l53" custom="readingOrder {index:52;}">
                <Coords points="579,2946 1161,2970 1210,2954 1211,2906 1134,2928 1072,2906 997,2926 928,2905 824,2924 580,2915"/>
                <Baseline points="587,2945 617,2944 648,2944 679,2944 710,2944 741,2945 771,2945 802,2946 833,2947 864,2948 895,2950 925,2951 956,2952 987,2954 1018,2955 1049,2956 1079,2956 1110,2957 1141,2957 1172,2958 1203,2958"/>
                <TextEquiv>
                    <Unicode>When the terror actually begins</Unicode>
                </TextEquiv>
            </TextLine>
            <TextLine id="r2l54" custom="readingOrder {index:53;}">
                <Coords points="523,2978 646,2999 684,2983 704,3003 759,2985 1141,3007 1198,2994 1199,2959 523,2955"/>
                <Baseline points="530,2977 563,2979 596,2980 629,2981 662,2982 695,2983 728,2984 761,2984 794,2985 827,2986 860,2986 893,2987 926,2987 959,2988 992,2989 1025,2989 1058,2990 1091,2991 1124,2992 1157,2994 1191,2995"/>
                <TextEquiv>
                    <Unicode>to close around him, Robert de¬</Unicode>
                </TextEquiv>
            </TextLine>
            <TextLine id="r2l55" custom="readingOrder {index:54;}">
                <Coords points="524,3016 876,3045 914,3025 968,3050 1201,3041 1187,2992 525,2991"/>
                <Baseline points="532,3017 565,3018 598,3019 631,3020 664,3021 697,3021 730,3022 763,3022 796,3023 829,3024 862,3024 895,3024 928,3025 961,3026 994,3026 1027,3027 1060,3028 1093,3029 1126,3030 1159,3031 1193,3032"/>
                <TextEquiv>
                    <Unicode>velops a dread that Otto will carry</Unicode>
                </TextEquiv>
            </TextLine>
            <TextLine id="r2l56" custom="readingOrder {index:55;}">
                <Coords points="526,3061 859,3073 860,3034 846,3028 767,3036 727,3025 715,3035 707,3026 605,3023 527,3037"/>
                <Baseline points="533,3056 559,3056 586,3056 612,3057 639,3057 665,3058 692,3059 719,3060 745,3060 772,3061 798,3062 825,3062 852,3063"/>
                <TextEquiv>
                    <Unicode>out this request.</Unicode>
                </TextEquiv>
            </TextLine>
            <TextLine id="r2l57" custom="readingOrder {index:56;}">
                <Coords points="570,3100 1090,3108 1213,3132 1214,3079 1166,3067 571,3061"/>
                <Baseline points="578,3095 609,3096 640,3097 672,3098 703,3098 735,3099 766,3100 797,3101 829,3101 860,3102 892,3103 923,3104 954,3104 986,3105 1017,3105 1049,3106 1080,3106 1111,3107 1143,3107 1174,3108 1206,3108"/>
                <TextEquiv>
                    <Unicode>Robert becomes more abnormal,</Unicode>
                </TextEquiv>
            </TextLine>
            <TextLine id="r2l58" custom="readingOrder {index:57;}">
                <Coords points="534,3132 624,3153 645,3136 878,3154 1007,3138 1207,3168 1207,3131 1160,3114 534,3109"/>
                <Baseline points="541,3131 575,3132 610,3133 645,3134 679,3135 714,3136 749,3136 783,3137 818,3138 853,3139 887,3139 922,3140 957,3141 991,3141 1026,3142 1061,3143 1095,3143 1130,3145 1165,3146 1200,3146"/>
                <TextEquiv>
                    <Unicode>in action and reasoning. Realizing</Unicode>
                </TextEquiv>
            </TextLine>
            <TextLine id="r2l59" custom="readingOrder {index:58;}">
                <Coords points="534,3171 1146,3197 1191,3189 1192,3156 648,3135 534,3152"/>
                <Baseline points="541,3168 573,3169 605,3171 637,3173 669,3174 702,3175 734,3176 766,3176 798,3177 830,3178 863,3178 895,3179 927,3179 959,3179 991,3180 1024,3180 1056,3181 1088,3181 1120,3181 1152,3182 1185,3182"/>
                <TextEquiv>
                    <Unicode>this, and no longer wishing to die</Unicode>
                </TextEquiv>
            </TextLine>
            <TextLine id="r2l60" custom="readingOrder {index:59;}">
                <Coords points="526,3206 1150,3232 1193,3228 1194,3198 614,3187 526,3166"/>
                <Baseline points="533,3208 565,3209 598,3211 630,3212 663,3213 696,3213 728,3214 761,3215 794,3215 826,3216 859,3216 892,3216 924,3216 957,3217 990,3217 1022,3217 1055,3217 1088,3218 1120,3218 1153,3218 1186,3219"/>
                <TextEquiv>
                    <Unicode>if he becomes insane, Robert’s fear</Unicode>
                </TextEquiv>
            </TextLine>
            <TextLine id="r2l61" custom="readingOrder {index:60;}">
                <Coords points="516,3254 1167,3273 1191,3267 1192,3230 517,3211"/>
                <Baseline points="524,3247 557,3247 590,3248 623,3248 656,3249 689,3249 722,3250 755,3251 788,3252 821,3252 854,3253 887,3254 920,3254 953,3255 986,3255 1019,3256 1052,3256 1085,3256 1118,3256 1151,3256 1184,3256"/>
                <TextEquiv>
                    <Unicode>that Otto wilt kill him grows into</Unicode>
                </TextEquiv>
            </TextLine>
            <TextLine id="r2l62" custom="readingOrder {index:61;}">
                <Coords points="519,3293 803,3288 833,3305 912,3303 954,3294 955,3255 879,3253 860,3267 739,3251 520,3255"/>
                <Baseline points="526,3283 552,3283 578,3283 604,3283 631,3284 657,3284 683,3285 710,3285 736,3286 762,3287 789,3287 815,3288 841,3288 868,3289 894,3289 920,3289 947,3289"/>
                <TextEquiv>
                    <Unicode>a persecution-mania.</Unicode>
                </TextEquiv>
            </TextLine>
            <TextLine id="r2l63" custom="readingOrder {index:62;}">
                <Coords points="558,3312 730,3339 1210,3334 1211,3301 1185,3293 769,3306 559,3287"/>
                <Baseline points="566,3320 597,3322 629,3323 661,3325 693,3326 725,3327 757,3327 788,3328 820,3329 852,3330 884,3330 916,3331 948,3331 980,3331 1011,3331 1043,3332 1075,3332 1107,3332 1139,3332 1171,3332 1203,3332"/>
                <TextEquiv>
                    <Unicode>The dark and fantastic powers</Unicode>
                </TextEquiv>
            </TextLine>
            <TextLine id="r2l64" custom="readingOrder {index:63;}">
                <Coords points="523,3353 713,3379 1191,3374 1191,3352 1128,3336 1094,3352 1042,3331 605,3334 524,3307"/>
                <Baseline points="531,3362 563,3362 596,3363 628,3363 661,3364 694,3364 726,3365 759,3366 792,3367 824,3367 857,3368 890,3369 922,3369 955,3370 988,3370 1020,3370 1053,3371 1086,3371 1118,3370 1151,3370 1184,3369"/>
                <TextEquiv>
                    <Unicode>of this mania press him to des¬</Unicode>
                </TextEquiv>
            </TextLine>
            <TextLine id="r2l65" custom="readingOrder {index:64;}">
                <Coords points="526,3402 1207,3424 1191,3367 1086,3390 556,3372 527,3353"/>
                <Baseline points="534,3399 567,3399 600,3399 633,3400 667,3400 700,3401 733,3401 767,3402 800,3403 833,3403 867,3404 900,3405 933,3406 966,3406 1000,3407 1033,3408 1066,3408 1100,3409 1133,3409 1166,3410 1200,3410"/>
                <TextEquiv>
                    <Unicode>peration, and carry him on to a</Unicode>
                </TextEquiv>
            </TextLine>
            <TextLine id="r2l66" custom="readingOrder {index:65;}">
                <Coords points="518,3454 666,3437 762,3462 848,3442 891,3466 1010,3474 1054,3450 1197,3475 1198,3426 1082,3409 519,3406"/>
                <Baseline points="526,3435 559,3436 592,3437 625,3438 658,3439 692,3440 725,3441 758,3442 791,3443 824,3444 858,3445 891,3446 924,3447 957,3447 990,3448 1024,3448 1057,3448 1090,3448 1123,3448 1156,3447 1190,3447"/>
                <TextEquiv>
                    <Unicode>elimax that is superb in its in¬</Unicode>
                </TextEquiv>
            </TextLine>
            <TextLine id="r2l67" custom="readingOrder {index:66;}">
                <Coords points="520,3473 541,3469 581,3487 610,3477 714,3487 737,3476 760,3485 761,3464 734,3460 718,3444 665,3436 557,3445 522,3425"/>
                <Baseline points="528,3467 553,3469 578,3472 603,3474 628,3475 653,3476 678,3476 703,3476 728,3476 754,3476"/>
                <TextEquiv>
                    <Unicode>evitability.</Unicode>
                </TextEquiv>
            </TextLine>
            <TextLine id="r2l68" custom="readingOrder {index:67;}">
                <Coords points="589,3521 1179,3536 1203,3527 1204,3499 590,3481"/>
                <Baseline points="597,3506 627,3509 657,3511 687,3513 717,3514 747,3516 777,3517 807,3517 837,3518 867,3519 897,3519 927,3519 957,3519 987,3520 1017,3520 1047,3520 1077,3521 1107,3521 1137,3522 1167,3523 1197,3525"/>
                <TextEquiv>
                    <Unicode>Flight Into Darkness“ is a mas¬</Unicode>
                </TextEquiv>
            </TextLine>
            <TextLine id="r2l69" custom="readingOrder {index:68;}">
                <Coords points="519,3556 1164,3571 1194,3564 1195,3526 760,3533 520,3502"/>
                <Baseline points="527,3550 560,3550 593,3550 626,3551 659,3552 692,3552 725,3553 758,3554 791,3554 824,3555 857,3556 890,3557 923,3558 956,3559 989,3559 1022,3560 1055,3560 1088,3560 1121,3560 1154,3560 1187,3560"/>
                <TextEquiv>
                    <Unicode>terful psychological study. Schnitz¬</Unicode>
                </TextEquiv>
            </TextLine>
            <TextLine id="r2l70" custom="readingOrder {index:69;}">
                <Coords points="522,3591 1196,3615 1197,3553 1112,3587 1059,3562 523,3556"/>
                <Baseline points="530,3586 562,3587 595,3588 628,3589 661,3590 694,3591 727,3592 760,3594 793,3595 826,3596 859,3597 891,3597 924,3598 957,3599 990,3600 1023,3600 1056,3600 1089,3601 1122,3601 1155,3601 1188,3601"/>
                <TextEquiv>
                    <Unicode>ler’s clear, simple style and his</Unicode>
                </TextEquiv>
            </TextLine>
            <TextLine id="r2l71" custom="readingOrder {index:70;}">
                <Coords points="524,3643 579,3627 1134,3648 1193,3636 1194,3604 694,3607 525,3587"/>
                <Baseline points="532,3623 564,3625 597,3626 630,3627 662,3628 695,3630 728,3631 760,3632 793,3632 826,3633 859,3634 891,3635 924,3635 957,3635 989,3635 1022,3635 1055,3635 1087,3635 1120,3634 1153,3633 1186,3632"/>
                <TextEquiv>
                    <Unicode>naturalness of approach also cre¬</Unicode>
                </TextEquiv>
            </TextLine>
            <TextLine id="r2l72" custom="readingOrder {index:71;}">
                <Coords points="519,3672 1131,3688 1197,3676 1198,3655 520,3638"/>
                <Baseline points="526,3658 559,3660 592,3662 625,3665 658,3665 692,3667 725,3668 758,3669 791,3670 824,3670 858,3671 891,3671 924,3671 957,3672 990,3672 1024,3673 1057,3674 1090,3675 1123,3676 1156,3678 1190,3679"/>
                <TextEquiv>
                    <Unicode>ate a story that grips attention.</Unicode>
                </TextEquiv>
            </TextLine>
            <TextLine id="r2l73" custom="readingOrder {index:72;}">
                <Coords points="514,3683 572,3712 1082,3711 1200,3742 1196,3675 1167,3692 514,3670"/>
                <Baseline points="521,3698 554,3699 588,3700 621,3701 655,3702 689,3703 722,3704 756,3705 789,3706 823,3707 857,3708 890,3709 924,3710 957,3710 991,3711 1025,3712 1058,3713 1092,3715 1125,3716 1159,3717 1193,3718"/>
                <TextEquiv>
                    <Unicode>Though a short novel, the book is</Unicode>
                </TextEquiv>
            </TextLine>
            <TextLine id="r2l74" custom="readingOrder {index:73;}">
                <Coords points="515,3728 583,3752 668,3741 743,3756 768,3742 796,3756 851,3746 879,3762 948,3759 949,3727 913,3715 794,3710 776,3722 735,3707 588,3713 516,3700"/>
                <Baseline points="522,3735 548,3737 574,3738 600,3739 626,3739 652,3741 678,3742 704,3743 731,3744 757,3744 783,3745 809,3746 835,3746 861,3746 887,3747 913,3747 940,3747"/>
                <TextEquiv>
                    <Unicode>dramatically intense.</Unicode>
                </TextEquiv>
            </TextLine>
            <TextLine id="r2l75" custom="readingOrder {index:74;}">
                <Coords points="505,3817 531,3820 543,3810 574,3805 621,3820 657,3805 667,3811 680,3808 682,3748 616,3768 532,3769 516,3781 507,3779"/>
                <Baseline points="514,3799 540,3799 566,3800 593,3802 619,3803 645,3804 672,3804"/>
                <TextEquiv>
                    <Unicode>FINIS</Unicode>
                </TextEquiv>
            </TextLine>
            <TextLine id="r2l76" custom="readingOrder {index:75;}">
                <Coords points="550,3845 1156,3856 1205,3882 1206,3812 945,3825 831,3788 763,3821 551,3806"/>
                <Baseline points="558,3839 590,3840 622,3841 654,3842 686,3843 718,3843 750,3844 782,3845 814,3846 846,3846 878,3847 910,3848 942,3849 974,3849 1006,3850 1038,3851 1070,3852 1102,3852 1134,3853 1166,3854 1198,3855"/>
                <TextEquiv>
                    <Unicode>In its penetration into a man's</Unicode>
                </TextEquiv>
            </TextLine>
            <TextLine id="r2l77" custom="readingOrder {index:76;}">
                <Coords points="518,3883 1182,3887 1172,3856 519,3857"/>
                <Baseline points="526,3875 558,3876 590,3877 623,3878 655,3880 688,3881 720,3882 753,3882 785,3883 818,3884 850,3885 882,3886 915,3886 947,3887 980,3887 1012,3887 1045,3888 1077,3888 1110,3888 1142,3889 1175,3889"/>
                <TextEquiv>
                    <Unicode>character and mind, its clear pre¬</Unicode>
                </TextEquiv>
            </TextLine>
            <TextLine id="r2l78" custom="readingOrder {index:77;}">
                <Coords points="509,3907 852,3938 1187,3924 1187,3896 831,3888 800,3905 510,3878"/>
                <Baseline points="516,3911 549,3913 582,3915 615,3917 648,3918 682,3920 715,3920 748,3921 781,3922 814,3923 848,3923 881,3923 914,3924 947,3924 980,3924 1014,3924 1047,3925 1080,3925 1113,3925 1146,3925 1180,3926"/>
                <TextEquiv>
                    <Unicode>sentation of a subtle and involved</Unicode>
                </TextEquiv>
            </TextLine>
            <TextLine id="r2l79" custom="readingOrder {index:78;}">
                <Coords points="519,3952 1198,3985 1199,3953 1167,3937 1059,3927 520,3923"/>
                <Baseline points="526,3947 559,3950 592,3952 625,3955 659,3956 692,3958 725,3959 759,3961 792,3961 825,3962 859,3962 892,3963 925,3963 958,3963 992,3963 1025,3963 1058,3963 1092,3963 1125,3963 1158,3963 1192,3964"/>
                <TextEquiv>
                    <Unicode>situation and its highly sustained</Unicode>
                </TextEquiv>
            </TextLine>
            <TextLine id="r2l80" custom="readingOrder {index:79;}">
                <Coords points="509,3984 1188,4018 1189,3977 1144,3970 510,3955"/>
                <Baseline points="516,3983 549,3985 582,3987 615,3989 649,3990 682,3991 715,3993 748,3995 782,3996 815,3998 848,3999 881,3999 915,4000 948,4001 981,4001 1014,4001 1048,4001 1081,4001 1114,4000 1147,3999 1181,3997"/>
                <TextEquiv>
                    <Unicode>interest," Flight Into Darkness,“</Unicode>
                </TextEquiv>
            </TextLine>
            <TextLine id="r2l81" custom="readingOrder {index:80;}">
                <Coords points="513,4017 1193,4064 1194,4016 1164,4006 513,3999"/>
                <Baseline points="520,4021 553,4022 586,4025 619,4027 653,4028 686,4030 719,4031 753,4032 786,4033 819,4034 853,4035 886,4036 919,4037 952,4037 986,4038 1019,4039 1052,4039 1086,4040 1119,4040 1152,4041 1186,4041"/>
                <TextEquiv>
                    <Unicode>stands as a worthy final mark of</Unicode>
                </TextEquiv>
            </TextLine>
            <TextLine id="r2l82" custom="readingOrder {index:81;}">
                <Coords points="518,4074 646,4067 821,4084 838,4073 883,4080 884,4061 850,4059 835,4045 741,4044 722,4031 658,4043 639,4032 519,4027"/>
                <Baseline points="526,4063 551,4064 576,4065 601,4066 626,4067 651,4068 676,4069 701,4069 726,4070 751,4071 776,4071 801,4071 826,4073 851,4073 876,4074"/>
                <TextEquiv>
                    <Unicode>Schnitzler’s fame.</Unicode>
                </TextEquiv>
            </TextLine>
            <TextEquiv>
                <Unicode>lucht
1
die
Finsternis

Tines
Akron (
Nov 3-31
Summaries
TANHATTAN SIDE-SHOW“ by Konrad Bercovici
IVI (Century) is filled with great names but it is
mediocre alongside, some of the author’s other work.
Sins of Americà—As Exposed by the Police Gaz¬
ette,“ by Edward Van Every (Stokes), is a companion
volume to Sins of New York.“ Thomas Beer does
the introduction.
New York reviewers are cheering lustily for Clem¬
ence Dane's" Broome Stage.“
Simon &amp; Schuster have just brought out Arthur
Schnitzler’s last short novel, Flight Into Darkness.“
Robert Ripley's second Believe It or Not“ book is
not as interesting as the first.
Nevs Tribune
Duluth Ninn
Nov 8-31
In striking commemoralien, a
week or so after the death or
Arthur Schnitzler, Austrian novel¬
Ist and dramatist, comes the pub¬
lication of his last novel, Flight
Into Darkness.“
Schnitzler spreads bare before
us the later life and thoughts of a
man who is afraid of going mad.
The story begins when Robert
senses the shadow of a mental dis¬
turbance. He notices that his left
eyelid droops lower than the right,
and fears that this is a symptom
of mental disease.
Through the complexities of
self-doubt and slackening mental
control, and through a labyrinth
of introspection, Schnitzler traces
Robert’s gradual breakdown.
BECOMES MOODY
Early in life, after brooding over
a friend’s insanity, Robert had
given his brother, Otto, a document
authorizing Otto, a physiclan, to
kill him painlessly, should he show
signs of madness.
When the terror actually begins
to close around him, Robert de¬
velops a dread that Otto will carry
out this request.
Robert becomes more abnormal,
in action and reasoning. Realizing
this, and no longer wishing to die
if he becomes insane, Robert’s fear
that Otto wilt kill him grows into
a persecution-mania.
The dark and fantastic powers
of this mania press him to des¬
peration, and carry him on to a
elimax that is superb in its in¬
evitability.
Flight Into Darkness“ is a mas¬
terful psychological study. Schnitz¬
ler’s clear, simple style and his
naturalness of approach also cre¬
ate a story that grips attention.
Though a short novel, the book is
dramatically intense.
FINIS
In its penetration into a man's
character and mind, its clear pre¬
sentation of a subtle and involved
situation and its highly sustained
interest," Flight Into Darkness,“
stands as a worthy final mark of
Schnitzler’s fame.</Unicode>
            </TextEquiv>
        </TextRegion>
        <TextRegion orientation="0.0" id="r3" custom="readingOrder {index:2;}">
            <Coords points="1816,190 1816,4177 2715,4177 2715,190"/>
            <TextLine id="r3l1" custom="readingOrder {index:0;}">
                <Coords points="1809,212 1839,225 1933,219 1965,237 2001,218 2085,236 2127,224 2146,236 2187,232 2187,166 2142,153 2107,168 2058,156 2006,201 1970,167 1945,182 1893,181 1861,161 1809,159"/>
                <Baseline points="1816,215 1842,214 1868,213 1894,213 1920,214 1946,214 1972,215 1998,216 2024,217 2050,217 2076,217 2102,217 2128,215 2154,213 2180,210"/>
                <TextEquiv>
                    <Unicode>box 6/3</Unicode>
                </TextEquiv>
            </TextLine>
            <TextLine id="r3l2" custom="readingOrder {index:1;}">
                <Coords points="1960,669 2095,670 2117,685 2170,669 2232,683 2327,666 2382,686 2421,679 2421,614 2395,607 2291,607 2246,632 2206,610 2146,631 2081,619 2058,639 1961,624"/>
                <Baseline points="1968,662 1994,662 2020,662 2046,662 2072,663 2099,663 2125,663 2151,664 2177,664 2204,664 2230,665 2256,665 2282,665 2309,665 2335,665 2361,665 2387,665 2414,665"/>
                <TextEquiv>
                    <Unicode>Jecrhal-Post</Unicode>
                </TextEquiv>
            </TextLine>
            <TextLine id="r3l3" custom="readingOrder {index:2;}">
                <Coords points="1956,727 2092,743 2133,722 2195,745 2303,725 2444,736 2489,725 2489,687 2326,686 2308,670 2210,698 2150,674 2113,690 2011,674 1956,691"/>
                <Baseline points="1963,720 1990,720 2017,720 2044,720 2072,720 2099,720 2126,719 2154,719 2181,719 2208,719 2236,718 2263,718 2290,718 2318,718 2345,719 2372,719 2400,720 2427,721 2454,722 2482,723"/>
                <TextEquiv>
                    <Unicode>kansas City mo</Unicode>
                </TextEquiv>
            </TextLine>
            <TextLine id="r3l4" custom="readingOrder {index:3;}">
                <Coords points="2230,781 2294,783 2310,796 2356,779 2410,799 2562,797 2561,737 2529,736 2507,718 2453,740 2399,725 2379,738 2328,739 2299,726 2230,749"/>
                <Baseline points="2237,775 2263,773 2289,773 2316,771 2342,771 2369,770 2395,769 2421,769 2448,769 2474,769 2501,769 2527,770 2554,772"/>
                <TextEquiv>
                    <Unicode>Nov 8-31</Unicode>
                </TextEquiv>
            </TextLine>
            <TextLine id="r3l5" custom="readingOrder {index:4;}">
                <Coords points="2032,867 2055,867 2078,887 2109,880 2129,895 2158,880 2168,888 2216,889 2248,877 2249,836 2239,833 2231,839 2217,830 2185,840 2161,832 2136,842 2083,811 2033,829"/>
                <Baseline points="2040,868 2065,870 2090,872 2115,872 2140,873 2165,873 2190,873 2215,874 2240,875"/>
                <TextEquiv>
                    <Unicode>Great</Unicode>
                </TextEquiv>
            </TextLine>
            <TextLine id="r3l6" custom="readingOrder {index:5;}">
                <Coords points="2034,944 2547,960 2605,949 2606,891 2357,879 2293,908 2035,891"/>
                <Baseline points="2042,934 2069,936 2097,937 2125,938 2153,939 2181,940 2208,940 2236,940 2264,941 2292,941 2320,941 2347,941 2375,941 2403,940 2431,941 2459,941 2486,941 2514,941 2542,942 2570,943 2598,944"/>
                <TextEquiv>
                    <Unicode>European Writer,</Unicode>
                </TextEquiv>
            </TextLine>
            <TextLine id="r3l7" custom="readingOrder {index:6;}">
                <Coords points="2029,1010 2444,1010 2444,954 2415,948 2342,969 2286,946 2241,970 2199,951 2179,966 2083,948 2030,963"/>
                <Baseline points="2036,1001 2061,1001 2086,1001 2111,1001 2136,1001 2161,1001 2186,1001 2211,1002 2236,1002 2261,1002 2286,1002 2311,1002 2336,1002 2361,1002 2386,1002 2411,1002 2436,1001"/>
                <TextEquiv>
                    <Unicode>Lately Dead</Unicode>
                </TextEquiv>
            </TextLine>
            <TextLine id="r3l8" custom="readingOrder {index:7;}">
                <Coords points="2087,1058 2256,1059 2289,1041 2653,1059 2714,1029 2714,1009 2555,991 2446,1016 2087,1009"/>
                <Baseline points="2094,1041 2124,1042 2155,1043 2185,1044 2216,1044 2247,1045 2277,1045 2308,1046 2338,1046 2369,1046 2400,1046 2430,1046 2461,1046 2491,1046 2522,1046 2553,1046 2583,1045 2614,1045 2644,1044 2675,1043 2706,1043"/>
                <TextEquiv>
                    <Unicode>·FLIGHT INTO DARKNESS.</Unicode>
                </TextEquiv>
            </TextLine>
            <TextLine id="r3l9" custom="readingOrder {index:8;}">
                <Coords points="2028,1095 2119,1079 2700,1098 2700,1056 2664,1051 2458,1062 2283,1041 2119,1069 2028,1042"/>
                <Baseline points="2035,1080 2067,1081 2100,1081 2133,1081 2166,1082 2199,1082 2232,1082 2265,1082 2298,1082 2331,1082 2364,1082 2396,1082 2429,1082 2462,1083 2495,1083 2528,1083 2561,1083 2594,1083 2627,1084 2660,1084 2693,1084"/>
                <TextEquiv>
                    <Unicode>By Arthur Schnitzler (Simon an</Unicode>
                </TextEquiv>
            </TextLine>
            <TextLine id="r3l10" custom="readingOrder {index:9;}">
                <Coords points="2025,1129 2173,1123 2200,1144 2270,1122 2318,1133 2318,1094 2286,1094 2272,1083 2231,1095 2112,1085 2092,1096 2060,1087 2025,1094"/>
                <Baseline points="2032,1115 2057,1115 2082,1116 2107,1116 2133,1116 2158,1117 2183,1117 2208,1118 2234,1118 2259,1118 2284,1117 2310,1116"/>
                <TextEquiv>
                    <Unicode>Schuster) 82.</Unicode>
                </TextEquiv>
            </TextLine>
            <TextLine id="r3l11" custom="readingOrder {index:10;}">
                <Coords points="2239,1159 2535,1160 2534,1121 2519,1125 2488,1102 2466,1114 2449,1104 2424,1115 2410,1108 2353,1132 2336,1124 2307,1133 2287,1123 2239,1136"/>
                <Baseline points="2246,1156 2271,1154 2297,1153 2322,1153 2348,1153 2374,1154 2399,1155 2425,1155 2451,1155 2476,1155 2502,1153 2528,1150"/>
                <TextEquiv>
                    <Unicode>Reviewed by</Unicode>
                </TextEquiv>
            </TextLine>
            <TextLine id="r3l12" custom="readingOrder {index:11;}">
                <Coords points="2187,1194 2244,1207 2371,1198 2392,1208 2428,1196 2532,1205 2568,1186 2568,1147 2399,1170 2384,1160 2268,1165 2242,1146 2187,1164"/>
                <Baseline points="2195,1189 2221,1189 2247,1190 2273,1190 2299,1190 2325,1190 2351,1190 2378,1190 2404,1190 2430,1190 2456,1190 2482,1189 2508,1188 2534,1188 2561,1187"/>
                <TextEquiv>
                    <Unicode>PIERRE LOVING.</Unicode>
                </TextEquiv>
            </TextLine>
            <TextLine id="r3l13" custom="readingOrder {index:12;}">
                <Coords points="2082,1233 2272,1235 2309,1257 2373,1232 2662,1248 2709,1233 2710,1192 2553,1188 2500,1207 2082,1191"/>
                <Baseline points="2090,1229 2120,1228 2151,1228 2181,1229 2212,1229 2243,1229 2273,1229 2304,1230 2334,1230 2365,1231 2396,1231 2426,1232 2457,1232 2487,1232 2518,1232 2549,1232 2579,1232 2610,1232 2640,1232 2671,1231 2702,1230"/>
                <TextEquiv>
                    <Unicode>V THE recent death of Arthu</Unicode>
                </TextEquiv>
            </TextLine>
            <TextLine id="r3l14" custom="readingOrder {index:13;}">
                <Coords points="2033,1259 2138,1295 2303,1301 2469,1277 2605,1297 2711,1269 2711,1250 2642,1237 2348,1243 2314,1262 2194,1235 2161,1253 2066,1202 2034,1209"/>
                <Baseline points="2041,1256 2074,1262 2107,1267 2140,1270 2173,1273 2206,1276 2239,1278 2272,1279 2305,1279 2338,1279 2372,1279 2405,1279 2438,1278 2471,1278 2504,1278 2537,1277 2570,1277 2603,1278 2636,1278 2669,1280 2703,1282"/>
                <TextEquiv>
                    <Unicode>1 Schnitzler in his sixty-eightl</Unicode>
                </TextEquiv>
            </TextLine>
            <TextLine id="r3l15" custom="readingOrder {index:14;}">
                <Coords points="2022,1338 2209,1330 2268,1355 2709,1333 2709,1290 2661,1285 2303,1301 2022,1280"/>
                <Baseline points="2029,1324 2062,1324 2096,1325 2129,1326 2163,1326 2197,1326 2230,1326 2264,1326 2297,1326 2331,1325 2365,1325 2398,1325 2432,1325 2465,1325 2499,1325 2533,1325 2566,1325 2600,1325 2633,1326 2667,1327 2701,1328"/>
                <TextEquiv>
                    <Unicode>year, European literature has los</Unicode>
                </TextEquiv>
            </TextLine>
            <TextLine id="r3l16" custom="readingOrder {index:15;}">
                <Coords points="2038,1369 2319,1386 2718,1372 2718,1346 2658,1339 2038,1340"/>
                <Baseline points="2046,1366 2079,1367 2112,1368 2145,1369 2178,1370 2212,1370 2245,1370 2278,1371 2311,1371 2344,1371 2378,1371 2411,1371 2444,1371 2477,1371 2510,1370 2544,1370 2577,1370 2610,1370 2643,1370 2676,1370 2710,1371"/>
                <TextEquiv>
                    <Unicode>one of its outstanding contempo,</Unicode>
                </TextEquiv>
            </TextLine>
            <TextLine id="r3l17" custom="readingOrder {index:16;}">
                <Coords points="2021,1413 2219,1442 2269,1417 2516,1434 2710,1415 2709,1388 2662,1374 2021,1389"/>
                <Baseline points="2029,1415 2062,1415 2096,1416 2130,1416 2163,1416 2197,1416 2231,1416 2264,1416 2298,1416 2332,1416 2366,1415 2399,1415 2433,1415 2467,1414 2500,1414 2534,1413 2568,1413 2601,1413 2635,1412 2669,1412 2703,1412"/>
                <TextEquiv>
                    <Unicode>rary talents and one whose work</Unicode>
                </TextEquiv>
            </TextLine>
            <TextLine id="r3l18" custom="readingOrder {index:17;}">
                <Coords points="2024,1467 2694,1481 2707,1417 2024,1434"/>
                <Baseline points="2031,1461 2064,1461 2097,1462 2131,1462 2164,1462 2198,1462 2231,1462 2264,1462 2298,1462 2331,1462 2365,1462 2398,1462 2431,1462 2465,1462 2498,1462 2532,1462 2565,1462 2598,1462 2632,1462 2665,1462 2699,1462"/>
                <TextEquiv>
                    <Unicode>in novel and play, is surely bound</Unicode>
                </TextEquiv>
            </TextLine>
            <TextLine id="r3l19" custom="readingOrder {index:18;}">
                <Coords points="2027,1513 2275,1530 2452,1506 2525,1530 2711,1508 2711,1477 2563,1466 2427,1483 2027,1468"/>
                <Baseline points="2035,1504 2068,1505 2101,1506 2135,1506 2168,1507 2202,1508 2235,1508 2269,1508 2302,1509 2336,1509 2369,1509 2402,1509 2436,1509 2469,1509 2503,1509 2536,1509 2570,1509 2603,1509 2637,1508 2670,1508 2704,1507"/>
                <TextEquiv>
                    <Unicode>to endure. He began his career as</Unicode>
                </TextEquiv>
            </TextLine>
            <TextLine id="r3l20" custom="readingOrder {index:19;}">
                <Coords points="2025,1577 2117,1556 2515,1574 2709,1555 2695,1517 2026,1519"/>
                <Baseline points="2033,1554 2066,1554 2099,1555 2133,1555 2166,1555 2200,1555 2233,1555 2267,1555 2300,1556 2334,1556 2367,1556 2400,1556 2434,1556 2467,1556 2501,1556 2534,1556 2568,1556 2601,1556 2635,1556 2668,1556 2702,1556"/>
                <TextEquiv>
                    <Unicode>a physician and turned exclusively</Unicode>
                </TextEquiv>
            </TextLine>
            <TextLine id="r3l21" custom="readingOrder {index:20;}">
                <Coords points="2023,1598 2716,1598 2716,1576 2668,1563 2601,1578 2561,1557 2023,1569"/>
                <Baseline points="2030,1595 2065,1595 2101,1595 2137,1596 2172,1596 2208,1597 2244,1597 2280,1597 2315,1598 2351,1598 2387,1598 2423,1598 2458,1598 2494,1598 2530,1598 2566,1597 2601,1596 2637,1595 2673,1594 2709,1591"/>
                <TextEquiv>
                    <Unicode>to writing after his amazing suc¬</Unicode>
                </TextEquiv>
            </TextLine>
            <TextLine id="r3l22" custom="readingOrder {index:21;}">
                <Coords points="2023,1627 2142,1649 2715,1643 2701,1599 2023,1602"/>
                <Baseline points="2031,1635 2064,1635 2098,1635 2132,1636 2166,1636 2200,1636 2233,1636 2267,1635 2301,1635 2335,1635 2369,1634 2402,1634 2436,1633 2470,1633 2504,1632 2537,1632 2571,1632 2605,1631 2639,1631 2673,1631 2707,1631"/>
                <TextEquiv>
                    <Unicode>cess with Anatol, a series of witty</Unicode>
                </TextEquiv>
            </TextLine>
            <TextLine id="r3l23" custom="readingOrder {index:22;}">
                <Coords points="2020,1674 2708,1682 2708,1647 2662,1637 2169,1650 2020,1629"/>
                <Baseline points="2028,1674 2061,1674 2095,1673 2128,1673 2162,1673 2196,1673 2229,1673 2263,1673 2297,1673 2330,1673 2364,1673 2398,1673 2431,1673 2465,1673 2499,1673 2532,1672 2566,1672 2600,1671 2633,1670 2667,1669 2701,1668"/>
                <TextEquiv>
                    <Unicode>dialogues embroidered onthetheme</Unicode>
                </TextEquiv>
            </TextLine>
            <TextLine id="r3l24" custom="readingOrder {index:23;}">
                <Coords points="2029,1720 2548,1706 2716,1723 2716,1682 2600,1674 2029,1678"/>
                <Baseline points="2036,1712 2069,1711 2103,1710 2136,1710 2170,1710 2204,1710 2237,1710 2271,1710 2305,1710 2338,1711 2372,1711 2406,1711 2439,1711 2473,1712 2507,1712 2540,1711 2574,1711 2608,1710 2641,1709 2675,1708 2709,1707"/>
                <TextEquiv>
                    <Unicode>of the Vpermanent fugacity' of love.</Unicode>
                </TextEquiv>
            </TextLine>
            <TextLine id="r3l25" custom="readingOrder {index:24;}">
                <Coords points="2023,1759 2136,1743 2632,1762 2723,1749 2723,1719 2023,1720"/>
                <Baseline points="2031,1749 2065,1748 2099,1748 2133,1748 2167,1747 2202,1747 2236,1747 2270,1747 2304,1747 2338,1746 2373,1746 2407,1746 2441,1746 2475,1746 2509,1746 2544,1746 2578,1745 2612,1745 2646,1744 2680,1744 2715,1744"/>
                <TextEquiv>
                    <Unicode>This was in 1892 and since then</Unicode>
                </TextEquiv>
            </TextLine>
            <TextLine id="r3l26" custom="readingOrder {index:25;}">
                <Coords points="2022,1775 2096,1796 2660,1797 2719,1774 2719,1751 2022,1759"/>
                <Baseline points="2029,1785 2063,1785 2097,1785 2131,1784 2165,1784 2199,1784 2233,1784 2267,1784 2301,1784 2335,1784 2370,1784 2404,1784 2438,1784 2472,1783 2506,1783 2540,1782 2574,1782 2608,1781 2642,1780 2676,1779 2711,1778"/>
                <TextEquiv>
                    <Unicode>there has steadily poured from his</Unicode>
                </TextEquiv>
            </TextLine>
            <TextLine id="r3l27" custom="readingOrder {index:26;}">
                <Coords points="2029,1833 2406,1833 2429,1813 2462,1835 2594,1813 2633,1834 2709,1817 2709,1785 2116,1786 2029,1807"/>
                <Baseline points="2037,1822 2070,1822 2103,1821 2136,1821 2169,1821 2203,1821 2236,1822 2269,1822 2302,1822 2335,1822 2369,1822 2402,1822 2435,1823 2468,1822 2501,1822 2535,1822 2568,1822 2601,1821 2634,1820 2667,1819 2701,1817"/>
                <TextEquiv>
                    <Unicode>unstinted pen some of the most</Unicode>
                </TextEquiv>
            </TextLine>
            <TextLine id="r3l28" custom="readingOrder {index:27;}">
                <Coords points="2021,1867 2636,1872 2720,1857 2720,1821 2021,1832"/>
                <Baseline points="2029,1861 2063,1860 2097,1860 2131,1859 2165,1859 2200,1859 2234,1859 2268,1859 2302,1859 2336,1859 2371,1859 2405,1859 2439,1859 2473,1859 2507,1859 2542,1859 2576,1859 2610,1858 2644,1858 2678,1857 2713,1856"/>
                <TextEquiv>
                    <Unicode>perfect prose of our time. Nor was</Unicode>
                </TextEquiv>
            </TextLine>
            <TextLine id="r3l29" custom="readingOrder {index:28;}">
                <Coords points="2031,1904 2657,1907 2711,1890 2711,1851 2609,1874 2031,1864"/>
                <Baseline points="2039,1895 2072,1895 2105,1896 2138,1896 2172,1897 2205,1897 2238,1897 2271,1897 2305,1897 2338,1897 2371,1897 2404,1897 2438,1897 2471,1897 2504,1896 2537,1896 2571,1895 2604,1894 2637,1893 2670,1891 2704,1890"/>
                <TextEquiv>
                    <Unicode>his an ivory-turretted and self¬</Unicode>
                </TextEquiv>
            </TextLine>
            <TextLine id="r3l30" custom="readingOrder {index:29;}">
                <Coords points="2023,1921 2094,1945 2296,1927 2362,1947 2613,1929 2712,1946 2711,1906 2688,1899 2023,1901"/>
                <Baseline points="2031,1932 2064,1933 2098,1933 2131,1934 2165,1934 2199,1934 2232,1934 2266,1934 2300,1934 2333,1934 2367,1934 2401,1934 2434,1933 2468,1933 2502,1932 2535,1932 2569,1931 2603,1931 2636,1930 2670,1930 2704,1929"/>
                <TextEquiv>
                    <Unicode>willed style; but, rather, one that</Unicode>
                </TextEquiv>
            </TextLine>
            <TextLine id="r3l31" custom="readingOrder {index:30;}">
                <Coords points="2031,1970 2698,1971 2697,1941 2619,1931 2031,1937"/>
                <Baseline points="2038,1969 2070,1969 2103,1970 2135,1971 2168,1971 2201,1971 2233,1971 2266,1971 2298,1971 2331,1971 2364,1971 2396,1970 2429,1970 2461,1969 2494,1969 2527,1968 2559,1968 2592,1967 2624,1967 2657,1966 2690,1966"/>
                <TextEquiv>
                    <Unicode>was pervaded and inspired by a</Unicode>
                </TextEquiv>
            </TextLine>
            <TextLine id="r3l32" custom="readingOrder {index:31;}">
                <Coords points="2026,2016 2426,2005 2712,2026 2711,1968 2026,1971"/>
                <Baseline points="2033,2009 2066,2008 2100,2008 2133,2008 2167,2007 2200,2007 2234,2007 2267,2007 2301,2007 2334,2007 2368,2007 2402,2006 2435,2006 2469,2006 2502,2006 2536,2006 2569,2005 2603,2005 2636,2005 2670,2004 2704,2003"/>
                <TextEquiv>
                    <Unicode>brilliant penetration of the human</Unicode>
                </TextEquiv>
            </TextLine>
            <TextLine id="r3l33" custom="readingOrder {index:32;}">
                <Coords points="2027,2036 2083,2058 2614,2059 2707,2039 2707,2008 2027,2016"/>
                <Baseline points="2035,2043 2068,2044 2101,2044 2134,2045 2167,2045 2201,2046 2234,2046 2267,2046 2300,2046 2333,2045 2367,2045 2400,2045 2433,2045 2466,2044 2499,2044 2533,2043 2566,2043 2599,2042 2632,2042 2665,2041 2699,2041"/>
                <TextEquiv>
                    <Unicode>consciousness; its changeable phases</Unicode>
                </TextEquiv>
            </TextLine>
            <TextLine id="r3l34" custom="readingOrder {index:33;}">
                <Coords points="2019,2077 2109,2101 2132,2082 2699,2086 2690,2047 2019,2053"/>
                <Baseline points="2027,2082 2060,2082 2093,2082 2126,2082 2159,2083 2193,2083 2226,2083 2259,2083 2292,2083 2325,2083 2359,2083 2392,2083 2425,2083 2458,2082 2491,2082 2525,2081 2558,2081 2591,2080 2624,2080 2657,2079 2691,2078"/>
                <TextEquiv>
                    <Unicode>and moods and its untiring search</Unicode>
                </TextEquiv>
            </TextLine>
            <TextLine id="r3l35" custom="readingOrder {index:34;}">
                <Coords points="2019,2116 2198,2135 2234,2114 2331,2119 2402,2148 2689,2127 2689,2087 2019,2081"/>
                <Baseline points="2027,2121 2059,2120 2092,2120 2125,2120 2158,2120 2190,2120 2223,2120 2256,2120 2289,2121 2321,2121 2354,2121 2387,2121 2420,2121 2452,2121 2485,2120 2518,2120 2551,2120 2583,2119 2616,2118 2649,2117 2682,2116"/>
                <TextEquiv>
                    <Unicode>for logic in a seemingly chance¬</Unicode>
                </TextEquiv>
            </TextLine>
            <TextLine id="r3l36" custom="readingOrder {index:35;}">
                <Coords points="2018,2173 2107,2160 2200,2171 2252,2166 2264,2154 2300,2171 2357,2163 2356,2128 2330,2119 2268,2131 2233,2114 2201,2133 2187,2125 2166,2135 2124,2118 2017,2129"/>
                <Baseline points="2025,2156 2052,2158 2079,2159 2106,2159 2133,2159 2160,2159 2187,2158 2214,2157 2241,2156 2268,2155 2295,2155 2322,2154 2349,2155"/>
                <TextEquiv>
                    <Unicode>ridden universe.</Unicode>
                </TextEquiv>
            </TextLine>
            <TextLine id="r3l37" custom="readingOrder {index:36;}">
                <Coords points="2060,2182 2176,2208 2470,2191 2645,2209 2704,2192 2704,2151 2617,2164 2432,2140 2323,2171 2060,2167"/>
                <Baseline points="2067,2191 2098,2192 2130,2192 2161,2193 2193,2194 2224,2195 2256,2195 2287,2195 2319,2195 2350,2195 2382,2195 2413,2195 2445,2195 2476,2194 2508,2194 2539,2193 2571,2193 2602,2193 2634,2192 2665,2192 2697,2191"/>
                <TextEquiv>
                    <Unicode>If you will pick up almost any</Unicode>
                </TextEquiv>
            </TextLine>
            <TextLine id="r3l38" custom="readingOrder {index:37;}">
                <Coords points="2026,2235 2701,2236 2685,2200 2026,2192"/>
                <Baseline points="2033,2230 2066,2231 2099,2231 2132,2231 2165,2231 2198,2231 2231,2231 2264,2231 2297,2231 2330,2230 2363,2230 2396,2230 2429,2230 2462,2230 2495,2230 2528,2230 2561,2230 2594,2230 2627,2231 2660,2231 2694,2232"/>
                <TextEquiv>
                    <Unicode>one of Schnitzler’s plays or novels</Unicode>
                </TextEquiv>
            </TextLine>
            <TextLine id="r3l39" custom="readingOrder {index:38;}">
                <Coords points="2041,2274 2089,2263 2144,2282 2167,2272 2258,2272 2273,2282 2296,2269 2345,2282 2345,2237 2231,2243 2176,2231 2148,2244 2114,2229 2073,2247 2041,2244"/>
                <Baseline points="2048,2260 2074,2264 2100,2266 2127,2266 2153,2267 2179,2266 2206,2265 2232,2265 2258,2264 2285,2264 2311,2265 2338,2267"/>
                <TextEquiv>
                    <Unicode>— Light-o-love,</Unicode>
                </TextEquiv>
            </TextLine>
            <TextLine id="r3l40" custom="readingOrder {index:39;}">
                <Coords points="2455,2276 2527,2270 2541,2276 2565,2268 2613,2281 2654,2273 2681,2288 2694,2285 2694,2239 2683,2237 2640,2232 2618,2241 2602,2233 2552,2242 2515,2228 2495,2240 2455,2245"/>
                <Baseline points="2463,2271 2491,2269 2519,2267 2547,2266 2575,2266 2603,2266 2631,2266 2659,2266 2687,2267"/>
                <TextEquiv>
                    <Unicode>ntess Mizzi.“</Unicode>
                </TextEquiv>
            </TextLine>
            <TextLine id="r3l41" custom="readingOrder {index:40;}">
                <Coords points="2032,2303 2111,2319 2142,2306 2256,2317 2277,2304 2390,2318 2437,2314 2438,2282 2351,2266 2332,2279 2298,2268 2276,2281 2172,2272 2144,2282 2093,2265 2060,2275 2033,2258"/>
                <Baseline points="2039,2294 2065,2297 2091,2299 2117,2300 2143,2303 2169,2304 2195,2304 2221,2305 2248,2305 2274,2305 2300,2305 2326,2305 2352,2304 2378,2304 2404,2303 2431,2302"/>
                <TextEquiv>
                    <Unicode>The Green Cockatoo</Unicode>
                </TextEquiv>
            </TextLine>
            <TextLine id="r3l42" custom="readingOrder {index:41;}">
                <Coords points="2529,2310 2536,2310 2541,2314 2543,2312 2551,2313 2566,2305 2590,2309 2592,2274 2585,2274 2578,2279 2571,2277 2565,2283 2561,2283 2554,2275 2538,2282 2530,2281"/>
                <Baseline points="2537,2302 2583,2304"/>
                <TextEquiv>
                    <Unicode>e</Unicode>
                </TextEquiv>
            </TextLine>
            <TextLine id="r3l43" custom="readingOrder {index:42;}">
                <Coords points="2609,2310 2623,2311 2638,2319 2648,2313 2661,2317 2685,2310 2684,2280 2654,2282 2642,2275 2638,2279 2634,2274 2629,2279 2618,2276 2608,2280"/>
                <Baseline points="2616,2306 2647,2304 2678,2304"/>
                <TextEquiv>
                    <Unicode>oun¬</Unicode>
                </TextEquiv>
            </TextLine>
            <TextLine id="r3l44" custom="readingOrder {index:43;}">
                <Coords points="2028,2346 2090,2350 2122,2332 2147,2355 2195,2345 2215,2354 2343,2350 2343,2311 2330,2309 2260,2319 2151,2305 2127,2318 2077,2318 2062,2306 2028,2307"/>
                <Baseline points="2035,2340 2060,2342 2085,2343 2110,2343 2135,2343 2160,2343 2185,2343 2210,2342 2235,2342 2260,2342 2285,2342 2310,2343 2335,2344"/>
                <TextEquiv>
                    <Unicode>try of the Sou</Unicode>
                </TextEquiv>
            </TextLine>
            <TextLine id="r3l45" custom="readingOrder {index:44;}">
                <Coords points="2027,2360 2108,2393 2243,2377 2269,2389 2375,2379 2396,2394 2438,2392 2429,2348 2327,2358 2264,2345 2198,2357 2135,2343 2028,2347"/>
                <Baseline points="2034,2366 2060,2371 2086,2376 2113,2379 2139,2381 2166,2382 2192,2382 2219,2382 2245,2381 2272,2380 2298,2380 2325,2380 2351,2379 2378,2380 2404,2381 2431,2382"/>
                <TextEquiv>
                    <Unicode>Beatrice,“None Bu</Unicode>
                </TextEquiv>
            </TextLine>
            <TextLine id="r3l46" custom="readingOrder {index:45;}">
                <Coords points="2535,2394 2544,2393 2545,2391 2549,2394 2551,2391 2564,2385 2570,2387 2577,2386 2572,2346 2562,2349 2559,2347 2546,2361 2532,2362"/>
                <Baseline points="2542,2382 2569,2379"/>
                <TextEquiv>
                    <Unicode>E</Unicode>
                </TextEquiv>
            </TextLine>
            <TextLine id="r3l47" custom="readingOrder {index:46;}">
                <Coords points="2029,2419 2053,2416 2079,2427 2110,2421 2117,2428 2162,2420 2186,2428 2201,2420 2220,2428 2268,2421 2269,2385 2160,2391 2147,2383 2114,2391 2061,2379 2030,2389"/>
                <Baseline points="2037,2408 2065,2411 2093,2413 2121,2414 2149,2416 2177,2416 2205,2417 2233,2417 2261,2416"/>
                <TextEquiv>
                    <Unicode>Bertha Gar</Unicode>
                </TextEquiv>
            </TextLine>
            <TextLine id="r3l48" custom="readingOrder {index:47;}">
                <Coords points="2402,2426 2411,2428 2418,2422 2430,2423 2434,2418 2451,2426 2470,2419 2484,2430 2492,2424 2505,2426 2506,2388 2487,2385 2483,2389 2477,2385 2464,2392 2456,2387 2445,2396 2434,2398 2422,2389 2403,2390"/>
                <Baseline points="2410,2417 2439,2419 2468,2420 2498,2419"/>
                <TextEquiv>
                    <Unicode>01 Wi</Unicode>
                </TextEquiv>
            </TextLine>
            <TextLine id="r3l49" custom="readingOrder {index:48;}">
                <Coords points="2624,2470 2633,2469 2642,2458 2646,2460 2664,2458 2670,2464 2696,2462 2691,2418 2679,2420 2671,2429 2666,2425 2644,2420 2639,2420 2634,2427 2620,2427"/>
                <Baseline points="2629,2451 2658,2450 2687,2445"/>
                <TextEquiv>
                    <Unicode>ar-</Unicode>
                </TextEquiv>
            </TextLine>
            <TextLine id="r3l50" custom="readingOrder {index:49;}">
                <Coords points="2026,2479 2089,2458 2131,2468 2154,2458 2173,2471 2216,2457 2235,2467 2250,2462 2250,2423 2206,2427 2199,2419 2185,2428 2164,2421 2138,2431 2130,2423 2099,2420 2051,2431 2027,2421"/>
                <Baseline points="2034,2456 2060,2454 2086,2453 2112,2453 2138,2454 2164,2454 2190,2455 2216,2455 2242,2456"/>
                <TextEquiv>
                    <Unicode>pressed wit</Unicode>
                </TextEquiv>
            </TextLine>
            <TextLine id="r3l51" custom="readingOrder {index:50;}">
                <Coords points="2651,2504 2658,2504 2665,2497 2666,2498 2672,2495 2683,2495 2679,2456 2660,2460 2656,2457 2646,2458"/>
                <Baseline points="2656,2491 2676,2489"/>
                <TextEquiv>
                    <Unicode>T</Unicode>
                </TextEquiv>
            </TextLine>
            <TextLine id="r3l52" custom="readingOrder {index:51;}">
                <Coords points="2447,2494 2478,2495 2489,2501 2502,2497 2508,2503 2523,2501 2538,2506 2557,2503 2559,2459 2538,2462 2521,2452 2505,2464 2491,2458 2476,2459 2460,2473 2448,2474"/>
                <Baseline points="2455,2492 2487,2493 2519,2493 2551,2496"/>
                <TextEquiv>
                    <Unicode>natur</Unicode>
                </TextEquiv>
            </TextLine>
            <TextLine id="r3l53" custom="readingOrder {index:52;}">
                <Coords points="2027,2534 2147,2539 2163,2526 2186,2526 2237,2545 2303,2544 2304,2504 2238,2506 2173,2491 2144,2503 2133,2495 2027,2499"/>
                <Baseline points="2034,2530 2060,2528 2086,2528 2112,2528 2138,2528 2165,2528 2191,2529 2217,2529 2243,2529 2269,2529 2296,2528"/>
                <TextEquiv>
                    <Unicode>nearly alway</Unicode>
                </TextEquiv>
            </TextLine>
            <TextLine id="r3l54" custom="readingOrder {index:53;}">
                <Coords points="2397,2535 2408,2536 2413,2532 2423,2531 2430,2538 2433,2535 2440,2537 2452,2533 2471,2536 2471,2495 2451,2494 2443,2489 2435,2495 2429,2496 2422,2492 2416,2496 2412,2491 2409,2493 2398,2490"/>
                <Baseline points="2404,2529 2434,2530 2464,2530"/>
                <TextEquiv>
                    <Unicode>nver</Unicode>
                </TextEquiv>
            </TextLine>
            <TextLine id="r3l55" custom="readingOrder {index:54;}">
                <Coords points="2545,2560 2555,2560 2574,2577 2603,2572 2642,2575 2647,2570 2652,2575 2693,2566 2692,2533 2679,2533 2666,2541 2644,2534 2625,2541 2601,2541 2589,2531 2572,2546 2545,2550"/>
                <Baseline points="2552,2564 2578,2563 2605,2563 2632,2562 2659,2561 2686,2560"/>
                <TextEquiv>
                    <Unicode>every¬</Unicode>
                </TextEquiv>
            </TextLine>
            <TextLine id="r3l56" custom="readingOrder {index:55;}">
                <Coords points="2398,2573 2418,2571 2429,2578 2446,2567 2486,2579 2492,2573 2500,2573 2502,2537 2451,2533 2428,2539 2423,2535 2413,2543 2398,2544"/>
                <Baseline points="2405,2564 2434,2562 2463,2564 2493,2566"/>
                <TextEquiv>
                    <Unicode>acts</Unicode>
                </TextEquiv>
            </TextLine>
            <TextLine id="r3l57" custom="readingOrder {index:56;}">
                <Coords points="2027,2564 2093,2579 2140,2569 2164,2581 2172,2572 2206,2576 2229,2564 2274,2572 2273,2537 2222,2542 2167,2528 2147,2538 2051,2533 2041,2541 2027,2534"/>
                <Baseline points="2035,2565 2060,2566 2086,2566 2112,2566 2137,2565 2163,2564 2189,2563 2214,2562 2240,2562 2266,2562"/>
                <TextEquiv>
                    <Unicode>that their ou</Unicode>
                </TextEquiv>
            </TextLine>
            <TextLine id="r3l58" custom="readingOrder {index:57;}">
                <Coords points="2020,2606 2090,2618 2123,2607 2149,2615 2161,2608 2284,2614 2284,2576 2266,2572 2246,2570 2226,2582 2187,2570 2165,2581 2146,2573 2116,2583 2061,2570 2020,2574"/>
                <Baseline points="2028,2600 2055,2603 2083,2605 2111,2605 2138,2605 2166,2605 2194,2604 2221,2604 2249,2603 2277,2604"/>
                <TextEquiv>
                    <Unicode>day, indeed</Unicode>
                </TextEquiv>
            </TextLine>
            <TextLine id="r3l59" custom="readingOrder {index:58;}">
                <Coords points="2587,2648 2597,2645 2619,2653 2626,2646 2632,2649 2641,2644 2650,2649 2664,2644 2680,2652 2694,2653 2695,2616 2669,2608 2657,2618 2633,2609 2611,2617 2588,2608"/>
                <Baseline points="2594,2641 2625,2638 2656,2639 2688,2641"/>
                <TextEquiv>
                    <Unicode>hand,</Unicode>
                </TextEquiv>
            </TextLine>
            <TextLine id="r3l60" custom="readingOrder {index:59;}">
                <Coords points="2408,2647 2418,2648 2426,2643 2437,2649 2446,2641 2449,2644 2466,2638 2481,2647 2488,2644 2510,2649 2510,2610 2497,2613 2487,2610 2483,2614 2470,2611 2461,2616 2442,2616 2435,2610 2425,2616 2418,2610 2409,2610"/>
                <Baseline points="2415,2640 2444,2642 2473,2642 2503,2642"/>
                <TextEquiv>
                    <Unicode>he otl</Unicode>
                </TextEquiv>
            </TextLine>
            <TextLine id="r3l61" custom="readingOrder {index:60;}">
                <Coords points="2019,2635 2090,2655 2118,2644 2226,2656 2247,2643 2264,2654 2319,2644 2319,2616 2298,2623 2261,2610 2150,2615 2122,2606 2095,2616 2020,2607"/>
                <Baseline points="2027,2640 2052,2640 2078,2641 2104,2641 2130,2641 2156,2641 2182,2641 2208,2641 2234,2641 2260,2642 2286,2642 2312,2642"/>
                <TextEquiv>
                    <Unicode>sensibility is,</Unicode>
                </TextEquiv>
            </TextLine>
            <TextLine id="r3l62" custom="readingOrder {index:61;}">
                <Coords points="2348,2653 2356,2653 2359,2650 2361,2653 2366,2651 2369,2654 2380,2645 2392,2645 2392,2611 2385,2611 2383,2609 2380,2611 2379,2609 2375,2609 2366,2614 2364,2612 2361,2614 2359,2611 2348,2611"/>
                <Baseline points="2356,2642 2384,2642"/>
                <TextEquiv>
                    <Unicode>1</Unicode>
                </TextEquiv>
            </TextLine>
            <TextLine id="r3l63" custom="readingOrder {index:62;}">
                <Coords points="2577,2697 2590,2698 2608,2683 2641,2691 2676,2689 2683,2693 2701,2679 2712,2678 2713,2659 2693,2663 2684,2652 2665,2645 2658,2651 2648,2647 2640,2653 2626,2646 2619,2652 2599,2646 2579,2651"/>
                <Baseline points="2586,2675 2615,2674 2645,2676 2674,2679 2704,2679"/>
                <TextEquiv>
                    <Unicode>ening.</Unicode>
                </TextEquiv>
            </TextLine>
            <TextLine id="r3l64" custom="readingOrder {index:63;}">
                <Coords points="2017,2674 2088,2692 2506,2692 2506,2649 2467,2640 2395,2654 2017,2646"/>
                <Baseline points="2024,2678 2049,2679 2074,2679 2099,2679 2124,2679 2149,2678 2174,2678 2199,2678 2224,2678 2249,2677 2274,2677 2299,2677 2324,2677 2349,2677 2374,2677 2399,2677 2424,2677 2449,2678 2474,2678 2499,2679"/>
                <TextEquiv>
                    <Unicode>simply tremendous and fr</Unicode>
                </TextEquiv>
            </TextLine>
            <TextLine id="r3l65" custom="readingOrder {index:64;}">
                <Coords points="2602,2722 2615,2725 2619,2720 2632,2731 2637,2728 2649,2733 2665,2723 2673,2724 2689,2707 2699,2707 2698,2687 2680,2691 2675,2688 2658,2693 2652,2688 2638,2690 2624,2683 2600,2685"/>
                <Baseline points="2609,2717 2637,2715 2665,2713 2693,2713"/>
                <TextEquiv>
                    <Unicode>How</Unicode>
                </TextEquiv>
            </TextLine>
            <TextLine id="r3l66" custom="readingOrder {index:65;}">
                <Coords points="2017,2727 2485,2729 2510,2726 2510,2691 2058,2685 2017,2698"/>
                <Baseline points="2025,2716 2050,2717 2075,2717 2100,2717 2125,2718 2150,2718 2175,2717 2200,2717 2225,2717 2250,2717 2276,2717 2301,2717 2326,2717 2351,2717 2376,2717 2401,2717 2426,2717 2451,2718 2476,2718 2502,2719"/>
                <TextEquiv>
                    <Unicode>And you are moved. to </Unicode>
                </TextEquiv>
            </TextLine>
            <TextLine id="r3l67" custom="readingOrder {index:66;}">
                <Coords points="2015,2745 2092,2767 2671,2764 2711,2744 2711,2711 2015,2728"/>
                <Baseline points="2023,2754 2057,2754 2091,2753 2125,2753 2159,2753 2193,2753 2227,2754 2261,2754 2295,2754 2329,2754 2363,2755 2397,2755 2431,2755 2465,2755 2499,2755 2533,2755 2567,2754 2601,2754 2635,2753 2669,2752 2703,2751"/>
                <TextEquiv>
                    <Unicode>could such ordinary people feel so</Unicode>
                </TextEquiv>
            </TextLine>
            <TextLine id="r3l68" custom="readingOrder {index:67;}">
                <Coords points="2022,2790 2709,2799 2690,2748 2600,2768 2022,2764"/>
                <Baseline points="2029,2790 2062,2790 2096,2791 2129,2791 2163,2791 2197,2792 2230,2792 2264,2792 2298,2792 2331,2793 2365,2793 2399,2793 2432,2793 2466,2793 2500,2793 2533,2793 2567,2793 2601,2793 2634,2793 2668,2793 2702,2793"/>
                <TextEquiv>
                    <Unicode>deeply? How could they, leading</Unicode>
                </TextEquiv>
            </TextLine>
            <TextLine id="r3l69" custom="readingOrder {index:68;}">
                <Coords points="2020,2835 2713,2839 2713,2803 2686,2794 2020,2798"/>
                <Baseline points="2027,2831 2060,2830 2094,2829 2128,2829 2162,2828 2196,2828 2230,2828 2264,2829 2298,2829 2332,2830 2366,2830 2399,2830 2433,2831 2467,2831 2501,2831 2535,2831 2569,2830 2603,2829 2637,2828 2671,2827 2705,2825"/>
                <TextEquiv>
                    <Unicode>quite humdrum lives such as any</Unicode>
                </TextEquiv>
            </TextLine>
            <TextLine id="r3l70" custom="readingOrder {index:69;}">
                <Coords points="2024,2875 2714,2877 2686,2835 2024,2833"/>
                <Baseline points="2031,2864 2064,2864 2098,2865 2132,2865 2166,2865 2200,2866 2233,2866 2267,2866 2301,2867 2335,2867 2369,2867 2402,2867 2436,2867 2470,2867 2504,2866 2537,2866 2571,2865 2605,2865 2639,2864 2673,2863 2707,2862"/>
                <TextEquiv>
                    <Unicode>one of us might lead, grope to the</Unicode>
                </TextEquiv>
            </TextLine>
            <TextLine id="r3l71" custom="readingOrder {index:70;}">
                <Coords points="2023,2897 2145,2919 2210,2898 2260,2918 2304,2895 2531,2918 2609,2898 2700,2921 2700,2878 2638,2869 2023,2875"/>
                <Baseline points="2030,2902 2063,2903 2096,2904 2129,2905 2162,2905 2195,2905 2228,2905 2262,2905 2295,2905 2328,2905 2361,2904 2394,2904 2427,2904 2460,2903 2494,2903 2527,2903 2560,2903 2593,2904 2626,2904 2659,2905 2693,2906"/>
                <TextEquiv>
                    <Unicode>perilous edge of the abyss, the</Unicode>
                </TextEquiv>
            </TextLine>
            <TextLine id="r3l72" custom="readingOrder {index:71;}">
                <Coords points="2022,2941 2703,2956 2702,2910 2610,2903 2021,2915"/>
                <Baseline points="2029,2940 2062,2941 2095,2941 2128,2942 2162,2942 2195,2943 2228,2943 2262,2943 2295,2942 2328,2942 2362,2942 2395,2941 2428,2941 2461,2941 2495,2940 2528,2940 2561,2939 2595,2939 2628,2939 2661,2939 2695,2939"/>
                <TextEquiv>
                    <Unicode>outer void? The answer, of course,</Unicode>
                </TextEquiv>
            </TextLine>
            <TextLine id="r3l73" custom="readingOrder {index:72;}">
                <Coords points="2018,2978 2499,2995 2574,2974 2631,2997 2707,2981 2708,2949 2018,2942"/>
                <Baseline points="2025,2979 2058,2978 2092,2978 2126,2978 2160,2977 2193,2977 2227,2978 2261,2978 2295,2978 2328,2978 2362,2979 2396,2979 2430,2980 2463,2980 2497,2980 2531,2980 2565,2980 2598,2979 2632,2979 2666,2978 2700,2977"/>
                <TextEquiv>
                    <Unicode>that Schnitzler, although by repu¬</Unicode>
                </TextEquiv>
            </TextLine>
            <TextLine id="r3l74" custom="readingOrder {index:73;}">
                <Coords points="2020,3012 2662,3026 2713,3007 2713,2983 2574,2974 2503,2992 2020,2978"/>
                <Baseline points="2027,3017 2060,3016 2094,3016 2128,3015 2162,3015 2196,3015 2230,3016 2264,3016 2298,3016 2332,3016 2366,3017 2399,3017 2433,3017 2467,3017 2501,3017 2535,3017 2569,3016 2603,3016 2637,3015 2671,3013 2705,3012"/>
                <TextEquiv>
                    <Unicode>tation a naturalist (it would be</Unicode>
                </TextEquiv>
            </TextLine>
            <TextLine id="r3l75" custom="readingOrder {index:74;}">
                <Coords points="2026,3055 2708,3063 2708,3035 2651,3018 2026,3018"/>
                <Baseline points="2033,3050 2066,3051 2099,3052 2133,3053 2166,3053 2199,3054 2233,3054 2266,3054 2299,3054 2333,3054 2366,3054 2399,3054 2433,3054 2466,3053 2499,3053 2533,3053 2566,3052 2599,3052 2633,3051 2666,3051 2700,3050"/>
                <TextEquiv>
                    <Unicode>more fitting to call him a naturalist</Unicode>
                </TextEquiv>
            </TextLine>
            <TextLine id="r3l76" custom="readingOrder {index:75;}">
                <Coords points="2023,3080 2708,3101 2708,3064 2654,3056 2023,3061"/>
                <Baseline points="2030,3086 2063,3087 2097,3088 2130,3089 2164,3090 2197,3090 2231,3091 2264,3091 2298,3091 2331,3091 2365,3091 2398,3091 2432,3090 2465,3090 2499,3090 2532,3090 2566,3091 2599,3091 2633,3091 2666,3092 2700,3093"/>
                <TextEquiv>
                    <Unicode>of souls, I have always thought),</Unicode>
                </TextEquiv>
            </TextLine>
            <TextLine id="r3l77" custom="readingOrder {index:76;}">
                <Coords points="2033,3132 2525,3144 2708,3122 2708,3093 2033,3093"/>
                <Baseline points="2040,3124 2073,3125 2106,3125 2139,3126 2172,3126 2205,3126 2238,3127 2271,3127 2304,3127 2337,3127 2370,3128 2403,3128 2436,3128 2469,3128 2502,3128 2535,3127 2568,3127 2601,3127 2634,3126 2667,3126 2700,3125"/>
                <TextEquiv>
                    <Unicode>was one of the finest sensoria of</Unicode>
                </TextEquiv>
            </TextLine>
            <TextLine id="r3l78" custom="readingOrder {index:77;}">
                <Coords points="2021,3160 2707,3169 2707,3128 2257,3129 2207,3151 2021,3134"/>
                <Baseline points="2028,3160 2061,3161 2095,3162 2128,3163 2162,3164 2196,3165 2229,3165 2263,3165 2296,3165 2330,3165 2364,3165 2397,3165 2431,3165 2464,3164 2498,3164 2532,3163 2565,3162 2599,3162 2632,3161 2666,3160 2700,3159"/>
                <TextEquiv>
                    <Unicode>our age. This being so, it need</Unicode>
                </TextEquiv>
            </TextLine>
            <TextLine id="r3l79" custom="readingOrder {index:78;}">
                <Coords points="2018,3214 2705,3215 2705,3166 2018,3174"/>
                <Baseline points="2025,3198 2058,3197 2092,3197 2125,3197 2159,3197 2193,3197 2226,3197 2260,3198 2293,3198 2327,3198 2361,3198 2394,3198 2428,3198 2461,3198 2495,3198 2529,3198 2562,3198 2596,3198 2629,3197 2663,3197 2697,3196"/>
                <TextEquiv>
                    <Unicode>cause us no surprise to find that in</Unicode>
                </TextEquiv>
            </TextLine>
            <TextLine id="r3l80" custom="readingOrder {index:79;}">
                <Coords points="2020,3243 2471,3255 2585,3234 2704,3253 2684,3205 2020,3213"/>
                <Baseline points="2028,3235 2061,3235 2094,3235 2128,3235 2161,3236 2195,3236 2228,3236 2262,3236 2295,3236 2329,3237 2362,3237 2395,3237 2429,3237 2462,3238 2496,3238 2529,3238 2563,3238 2596,3238 2630,3238 2663,3238 2697,3238"/>
                <TextEquiv>
                    <Unicode>many ways he anticipated both</Unicode>
                </TextEquiv>
            </TextLine>
            <TextLine id="r3l81" custom="readingOrder {index:80;}">
                <Coords points="2017,3280 2094,3299 2119,3280 2230,3297 2303,3279 2446,3289 2516,3274 2516,3244 2018,3244"/>
                <Baseline points="2025,3272 2050,3272 2075,3272 2101,3272 2126,3272 2152,3272 2177,3273 2202,3273 2228,3273 2253,3274 2279,3274 2304,3274 2330,3275 2355,3275 2380,3275 2406,3276 2431,3276 2457,3276 2482,3276 2508,3276"/>
                <TextEquiv>
                    <Unicode>Proust and James Joyce.</Unicode>
                </TextEquiv>
            </TextLine>
            <TextLine id="r3l82" custom="readingOrder {index:81;}">
                <Coords points="2052,3341 2412,3364 2700,3347 2700,3319 2656,3296 2585,3287 2465,3319 2349,3301 2214,3314 2126,3291 2052,3308"/>
                <Baseline points="2060,3343 2091,3344 2123,3345 2154,3345 2186,3346 2218,3346 2249,3346 2281,3345 2313,3345 2344,3345 2376,3345 2408,3344 2439,3344 2471,3343 2503,3343 2534,3343 2566,3343 2598,3343 2629,3343 2661,3343 2693,3344"/>
                <TextEquiv>
                    <Unicode>What is now called the “stream of</Unicode>
                </TextEquiv>
            </TextLine>
            <TextLine id="r3l83" custom="readingOrder {index:82;}">
                <Coords points="2029,3387 2611,3380 2656,3398 2692,3380 2692,3346 2029,3352"/>
                <Baseline points="2036,3382 2068,3381 2100,3380 2133,3380 2165,3379 2198,3379 2230,3380 2263,3380 2295,3380 2328,3381 2360,3381 2392,3382 2425,3383 2457,3383 2490,3383 2522,3383 2555,3383 2587,3382 2620,3382 2652,3380 2685,3378"/>
                <TextEquiv>
                    <Unicode>consciousness,“ as employed by</Unicode>
                </TextEquiv>
            </TextLine>
            <TextLine id="r3l84" custom="readingOrder {index:83;}">
                <Coords points="2010,3429 2646,3427 2698,3417 2698,3368 2639,3398 2613,3381 2010,3385"/>
                <Baseline points="2017,3418 2050,3417 2084,3416 2118,3416 2151,3416 2185,3416 2219,3417 2252,3417 2286,3417 2320,3418 2354,3419 2387,3420 2421,3420 2455,3420 2488,3420 2522,3420 2556,3420 2589,3419 2623,3417 2657,3414 2691,3412"/>
                <TextEquiv>
                    <Unicode>both Proust and Joyce, was used</Unicode>
                </TextEquiv>
            </TextLine>
            <TextLine id="r3l85" custom="readingOrder {index:84;}">
                <Coords points="2016,3453 2700,3465 2685,3414 2016,3424"/>
                <Baseline points="2023,3458 2056,3457 2090,3456 2123,3455 2157,3455 2190,3454 2224,3454 2257,3455 2291,3455 2324,3455 2358,3455 2391,3455 2425,3455 2458,3455 2492,3455 2525,3455 2559,3454 2592,3452 2626,3451 2659,3449 2693,3447"/>
                <TextEquiv>
                    <Unicode>many years ago by Schnitzler and</Unicode>
                </TextEquiv>
            </TextLine>
            <TextLine id="r3l86" custom="readingOrder {index:85;}">
                <Coords points="2021,3492 2476,3509 2570,3482 2599,3504 2698,3506 2698,3462 2657,3457 2021,3459"/>
                <Baseline points="2029,3491 2062,3491 2095,3491 2128,3491 2161,3491 2194,3491 2227,3491 2260,3491 2293,3491 2326,3491 2360,3491 2393,3491 2426,3491 2459,3491 2492,3491 2525,3491 2558,3490 2591,3489 2624,3488 2657,3486 2691,3485"/>
                <TextEquiv>
                    <Unicode>Edouard Dujardin, the early Paris</Unicode>
                </TextEquiv>
            </TextLine>
            <TextLine id="r3l87" custom="readingOrder {index:86;}">
                <Coords points="2015,3540 2569,3525 2685,3542 2702,3478 2477,3508 2015,3493"/>
                <Baseline points="2023,3527 2056,3526 2090,3525 2123,3525 2157,3525 2191,3525 2224,3525 2258,3525 2291,3526 2325,3526 2359,3526 2392,3527 2426,3527 2459,3527 2493,3527 2527,3526 2560,3526 2594,3525 2627,3524 2661,3523 2695,3521"/>
                <TextEquiv>
                    <Unicode>friend of George Moore. It is worth</Unicode>
                </TextEquiv>
            </TextLine>
            <TextLine id="r3l88" custom="readingOrder {index:87;}">
                <Coords points="2020,3569 2600,3576 2700,3561 2700,3529 2020,3533"/>
                <Baseline points="2027,3563 2060,3562 2093,3562 2126,3561 2160,3561 2193,3561 2226,3561 2259,3561 2293,3561 2326,3561 2359,3562 2392,3562 2426,3562 2459,3562 2492,3563 2525,3563 2559,3562 2592,3562 2625,3562 2658,3561 2692,3560"/>
                <TextEquiv>
                    <Unicode>nothing, however, that, as Schnitzler</Unicode>
                </TextEquiv>
            </TextLine>
            <TextLine id="r3l89" custom="readingOrder {index:88;}">
                <Coords points="2022,3609 2675,3605 2696,3567 2022,3570"/>
                <Baseline points="2029,3599 2063,3598 2098,3598 2133,3597 2167,3597 2202,3596 2237,3596 2271,3596 2306,3596 2341,3596 2375,3596 2410,3596 2445,3596 2479,3596 2514,3596 2549,3596 2583,3596 2618,3596 2653,3596 2688,3597"/>
                <TextEquiv>
                    <Unicode>uses it in None But the Brave,“ it</Unicode>
                </TextEquiv>
            </TextLine>
            <TextLine id="r3l90" custom="readingOrder {index:89;}">
                <Coords points="2026,3640 2580,3631 2654,3648 2701,3633 2701,3598 2026,3605"/>
                <Baseline points="2033,3632 2066,3633 2099,3633 2132,3633 2165,3633 2198,3633 2231,3633 2264,3633 2297,3633 2330,3632 2363,3632 2396,3632 2429,3631 2462,3631 2495,3630 2528,3630 2561,3630 2594,3630 2627,3630 2660,3630 2694,3630"/>
                <TextEquiv>
                    <Unicode>is about a thousand times moré</Unicode>
                </TextEquiv>
            </TextLine>
            <TextLine id="r3l91" custom="readingOrder {index:90;}">
                <Coords points="2024,3679 2695,3685 2695,3648 2579,3631 2024,3642"/>
                <Baseline points="2031,3670 2063,3670 2096,3669 2129,3669 2162,3668 2195,3668 2228,3668 2260,3668 2293,3667 2326,3667 2359,3667 2392,3667 2425,3667 2458,3667 2490,3667 2523,3666 2556,3666 2589,3666 2622,3665 2655,3665 2688,3664"/>
                <TextEquiv>
                    <Unicode>vital and significant than in Dujar¬</Unicode>
                </TextEquiv>
            </TextLine>
            <TextLine id="r3l92" custom="readingOrder {index:91;}">
                <Coords points="2023,3703 2684,3716 2668,3675 2023,3680"/>
                <Baseline points="2030,3708 2062,3707 2094,3706 2126,3706 2159,3705 2191,3705 2223,3704 2256,3704 2288,3704 2320,3704 2353,3704 2385,3704 2417,3704 2449,3705 2482,3705 2514,3705 2546,3705 2579,3706 2611,3706 2643,3706 2676,3706"/>
                <TextEquiv>
                    <Unicode>din's Les Lauriers sont coupes.“</Unicode>
                </TextEquiv>
            </TextLine>
            <TextLine id="r3l93" custom="readingOrder {index:92;}">
                <Coords points="2021,3745 2697,3747 2697,3715 2526,3703 2021,3708"/>
                <Baseline points="2029,3740 2062,3740 2095,3741 2128,3741 2161,3741 2194,3741 2227,3741 2260,3741 2293,3741 2326,3741 2359,3741 2392,3741 2425,3741 2458,3741 2491,3741 2524,3741 2557,3742 2590,3742 2623,3742 2656,3742 2689,3742"/>
                <TextEquiv>
                    <Unicode>It is far more than just fine-spun</Unicode>
                </TextEquiv>
            </TextLine>
            <TextLine id="r3l94" custom="readingOrder {index:93;}">
                <Coords points="2018,3779 2675,3783 2688,3744 2018,3750"/>
                <Baseline points="2025,3777 2057,3776 2090,3776 2123,3775 2156,3775 2189,3775 2221,3775 2254,3775 2287,3775 2320,3775 2353,3775 2385,3776 2418,3776 2451,3776 2484,3776 2516,3777 2549,3777 2582,3777 2615,3777 2648,3776 2681,3776"/>
                <TextEquiv>
                    <Unicode>theory, I think, to say that all of</Unicode>
                </TextEquiv>
            </TextLine>
            <TextLine id="r3l95" custom="readingOrder {index:94;}">
                <Coords points="2013,3817 2710,3818 2710,3785 2633,3777 2013,3778"/>
                <Baseline points="2021,3815 2055,3813 2089,3812 2123,3811 2157,3810 2191,3810 2225,3809 2259,3809 2293,3809 2327,3809 2362,3809 2396,3810 2430,3811 2464,3811 2498,3812 2532,3812 2566,3813 2600,3813 2634,3814 2668,3814 2703,3815"/>
                <TextEquiv>
                    <Unicode>Schnitzler’s work is autobiographical</Unicode>
                </TextEquiv>
            </TextLine>
            <TextLine id="r3l96" custom="readingOrder {index:95;}">
                <Coords points="2023,3846 2227,3864 2316,3844 2704,3854 2704,3835 2632,3820 2023,3826"/>
                <Baseline points="2030,3851 2063,3848 2096,3847 2129,3845 2163,3844 2196,3844 2229,3844 2263,3844 2296,3844 2329,3844 2363,3845 2396,3846 2429,3847 2462,3847 2496,3848 2529,3848 2562,3848 2596,3848 2629,3848 2662,3847 2696,3846"/>
                <TextEquiv>
                    <Unicode>in the deepest sense—in the sense</Unicode>
                </TextEquiv>
            </TextLine>
            <TextLine id="r3l97" custom="readingOrder {index:96;}">
                <Coords points="2013,3895 2699,3882 2699,3855 2564,3849 2014,3860"/>
                <Baseline points="2021,3886 2054,3885 2088,3883 2121,3882 2155,3881 2188,3881 2222,3880 2255,3880 2289,3880 2322,3881 2356,3881 2390,3881 2423,3882 2457,3882 2490,3882 2524,3883 2557,3883 2591,3884 2624,3884 2658,3884 2692,3884"/>
                <TextEquiv>
                    <Unicode>perhaps in which Flaubert referred</Unicode>
                </TextEquiv>
            </TextLine>
            <TextLine id="r3l98" custom="readingOrder {index:97;}">
                <Coords points="2016,3916 2707,3926 2675,3892 2016,3881"/>
                <Baseline points="2023,3918 2056,3918 2090,3918 2124,3918 2158,3918 2192,3918 2225,3917 2259,3917 2293,3917 2327,3917 2361,3917 2394,3916 2428,3916 2462,3917 2496,3917 2529,3917 2563,3918 2597,3919 2631,3920 2665,3921 2699,3922"/>
                <TextEquiv>
                    <Unicode>to Emma Bovary as a portrait of</Unicode>
                </TextEquiv>
            </TextLine>
            <TextLine id="r3l99" custom="readingOrder {index:98;}">
                <Coords points="2017,3952 2217,3969 2705,3955 2705,3928 2629,3920 2017,3920"/>
                <Baseline points="2025,3954 2058,3954 2092,3954 2125,3954 2159,3954 2193,3953 2226,3953 2260,3953 2294,3953 2327,3952 2361,3952 2395,3952 2428,3952 2462,3952 2496,3952 2529,3953 2563,3953 2597,3954 2630,3954 2664,3956 2698,3956"/>
                <TextEquiv>
                    <Unicode>himself. The inner life of Schnitz¬</Unicode>
                </TextEquiv>
            </TextLine>
            <TextLine id="r3l100" custom="readingOrder {index:99;}">
                <Coords points="2021,3995 2694,4001 2694,3971 2659,3962 2022,3955"/>
                <Baseline points="2028,3988 2062,3988 2097,3988 2132,3987 2166,3987 2201,3987 2236,3987 2270,3988 2305,3988 2340,3988 2374,3989 2409,3989 2444,3990 2478,3991 2513,3991 2548,3992 2582,3993 2617,3993 2652,3994 2687,3994"/>
                <TextEquiv>
                    <Unicode>ler’s characters, no matter how com¬</Unicode>
                </TextEquiv>
            </TextLine>
            <TextLine id="r3l101" custom="readingOrder {index:100;}">
                <Coords points="2017,4032 2694,4035 2674,3993 2017,3996"/>
                <Baseline points="2025,4026 2058,4025 2091,4024 2124,4024 2157,4024 2190,4024 2223,4024 2256,4024 2289,4025 2322,4025 2356,4025 2389,4026 2422,4027 2455,4027 2488,4028 2521,4028 2554,4028 2587,4028 2620,4028 2653,4027 2687,4027"/>
                <TextEquiv>
                    <Unicode>monplace on the outside, is but a</Unicode>
                </TextEquiv>
            </TextLine>
            <TextLine id="r3l102" custom="readingOrder {index:101;}">
                <Coords points="2026,4064 2642,4074 2698,4054 2698,4030 2026,4031"/>
                <Baseline points="2033,4061 2065,4061 2098,4060 2131,4060 2164,4060 2197,4060 2230,4060 2263,4060 2296,4060 2329,4060 2362,4061 2394,4061 2427,4061 2460,4061 2493,4061 2526,4061 2559,4061 2592,4060 2625,4060 2658,4059 2691,4058"/>
                <TextEquiv>
                    <Unicode>parallel chroniche of the author’s</Unicode>
                </TextEquiv>
            </TextLine>
            <TextLine id="r3l103" custom="readingOrder {index:102;}">
                <Coords points="2018,4095 2085,4112 2281,4094 2682,4111 2682,4075 2650,4069 2018,4067"/>
                <Baseline points="2025,4095 2057,4095 2090,4095 2122,4095 2155,4094 2187,4094 2220,4094 2252,4094 2285,4093 2317,4093 2350,4093 2382,4093 2415,4093 2447,4093 2480,4093 2512,4093 2545,4093 2577,4093 2610,4094 2642,4095 2675,4095"/>
                <TextEquiv>
                    <Unicode>kaleidoscopie consciousness. That,</Unicode>
                </TextEquiv>
            </TextLine>
            <TextLine id="r3l104" custom="readingOrder {index:103;}">
                <Coords points="2019,4137 2435,4134 2481,4153 2515,4134 2699,4137 2699,4111 2545,4100 2019,4095"/>
                <Baseline points="2026,4129 2059,4129 2092,4129 2125,4129 2159,4129 2192,4129 2225,4129 2259,4129 2292,4129 2325,4129 2359,4129 2392,4129 2425,4129 2458,4129 2492,4130 2525,4130 2558,4130 2592,4131 2625,4131 2658,4132 2692,4132"/>
                <TextEquiv>
                    <Unicode>in a word, is why the Viennese</Unicode>
                </TextEquiv>
            </TextLine>
            <TextLine id="r3l105" custom="readingOrder {index:104;}">
                <Coords points="2015,4161 2644,4165 2644,4147 2517,4135 2495,4154 2434,4133 2131,4129 2015,4147"/>
                <Baseline points="2023,4163 2053,4163 2084,4163 2115,4163 2145,4163 2176,4163 2207,4164 2237,4164 2268,4165 2299,4165 2330,4166 2360,4166 2391,4166 2422,4167 2452,4167 2483,4167 2514,4166 2544,4166 2575,4165 2606,4164 2637,4163"/>
                <TextEquiv>
                    <Unicode>novelist and dramatist seems</Unicode>
                </TextEquiv>
            </TextLine>
            <TextEquiv>
                <Unicode>box 6/3
Jecrhal-Post
kansas City mo
Nov 8-31
Great
European Writer,
Lately Dead
·FLIGHT INTO DARKNESS.
By Arthur Schnitzler (Simon an
Schuster) 82.
Reviewed by
PIERRE LOVING.
V THE recent death of Arthu
1 Schnitzler in his sixty-eightl
year, European literature has los
one of its outstanding contempo,
rary talents and one whose work
in novel and play, is surely bound
to endure. He began his career as
a physician and turned exclusively
to writing after his amazing suc¬
cess with Anatol, a series of witty
dialogues embroidered onthetheme
of the Vpermanent fugacity' of love.
This was in 1892 and since then
there has steadily poured from his
unstinted pen some of the most
perfect prose of our time. Nor was
his an ivory-turretted and self¬
willed style; but, rather, one that
was pervaded and inspired by a
brilliant penetration of the human
consciousness; its changeable phases
and moods and its untiring search
for logic in a seemingly chance¬
ridden universe.
If you will pick up almost any
one of Schnitzler’s plays or novels
— Light-o-love,
ntess Mizzi.“
The Green Cockatoo
e
oun¬
try of the Sou
Beatrice,“None Bu
E
Bertha Gar
01 Wi
ar-
pressed wit
T
natur
nearly alway
nver
every¬
acts
that their ou
day, indeed
hand,
he otl
sensibility is,
1
ening.
simply tremendous and fr
How
And you are moved. to 
could such ordinary people feel so
deeply? How could they, leading
quite humdrum lives such as any
one of us might lead, grope to the
perilous edge of the abyss, the
outer void? The answer, of course,
that Schnitzler, although by repu¬
tation a naturalist (it would be
more fitting to call him a naturalist
of souls, I have always thought),
was one of the finest sensoria of
our age. This being so, it need
cause us no surprise to find that in
many ways he anticipated both
Proust and James Joyce.
What is now called the “stream of
consciousness,“ as employed by
both Proust and Joyce, was used
many years ago by Schnitzler and
Edouard Dujardin, the early Paris
friend of George Moore. It is worth
nothing, however, that, as Schnitzler
uses it in None But the Brave,“ it
is about a thousand times moré
vital and significant than in Dujar¬
din's Les Lauriers sont coupes.“
It is far more than just fine-spun
theory, I think, to say that all of
Schnitzler’s work is autobiographical
in the deepest sense—in the sense
perhaps in which Flaubert referred
to Emma Bovary as a portrait of
himself. The inner life of Schnitz¬
ler’s characters, no matter how com¬
monplace on the outside, is but a
parallel chroniche of the author’s
kaleidoscopie consciousness. That,
in a word, is why the Viennese
novelist and dramatist seems</Unicode>
            </TextEquiv>
        </TextRegion>
    </Page>
</PcGts>
