<?xml version="1.0" encoding="UTF-8" standalone="yes"?>
<PcGts xmlns="http://schema.primaresearch.org/PAGE/gts/pagecontent/2013-07-15" xmlns:xsi="http://www.w3.org/2001/XMLSchema-instance" xsi:schemaLocation="http://schema.primaresearch.org/PAGE/gts/pagecontent/2013-07-15 http://schema.primaresearch.org/PAGE/gts/pagecontent/2013-07-15/pagecontent.xsd">
    <Metadata>
        <Creator>prov=University of Rostock/Institute of Mathematics/CITlab/Gundram Leifert/gundram.leifert@uni-rostock.de:name=ONB_Newseye_GT_M1+(htr_id=10810)::::v=2.4.2
prov=University of Rostock/Institute of Mathematics/CITlab/Tobias Gruening/tobias.gruening@uni-rostock.de:name=de.uros.citlab.module.baseline2polygon.B2PSeamMultiOriented:v=2.4.2
prov=University of Rostock/Institute of Mathematics/CITlab/Tobias Gruening/tobias.gruening@uni-rostock.de:name=/mnt/transkribus/LA/DEA/URO/LA_news_onb_att.pb:de.uros.citlab.segmentation.CITlab_LA_ML:v=2.4.2
Transkribus</Creator>
        <Created>2019-10-07T10:23:21.151+02:00</Created>
        <LastChange>2019-10-07T16:59:21.124+02:00</LastChange>
        <TranskribusMetadata docId="223885" pageId="9491021" pageNr="18" tsid="16392078" status="IN_PROGRESS" userId="40391" imgUrl="https://files.transkribus.eu/Get?id=FCBIOGDEJOPJEQVZHZEIBXMA&amp;fileType=view" xmlUrl="https://files.transkribus.eu/Get?id=CEUJTYOSYGZHWJNAXVUPTRDA" imageId="6181309"/>
    </Metadata>
    <Page imageFilename="223885_0018.jpeg" imageWidth="3484" imageHeight="4224">
        <ReadingOrder>
            <OrderedGroup id="ro_1711446430897" caption="Regions reading order">
                <RegionRefIndexed index="0" regionRef="r1"/>
                <RegionRefIndexed index="1" regionRef="r2"/>
                <RegionRefIndexed index="2" regionRef="r3"/>
            </OrderedGroup>
        </ReadingOrder>
        <TextRegion orientation="0.0" id="r1" custom="readingOrder {index:0;}">
            <Coords points="329,120 329,178 1671,178 1671,120"/>
            <TextLine id="r1l1" custom="readingOrder {index:0;}">
                <Coords points="1174,152 1636,153 1635,106 1443,111 1404,91 1325,113 1248,84 1174,84"/>
                <Baseline points="1179,145 1204,144 1229,143 1254,142 1279,142 1304,142 1329,142 1354,142 1379,142 1404,142 1429,142 1454,143 1479,143 1504,143 1529,143 1554,142 1579,142 1604,141 1630,140"/>
                <TextEquiv>
                    <Unicode>Finsternis</Unicode>
                </TextEquiv>
            </TextLine>
            <TextLine id="r1l2" custom="readingOrder {index:1;}">
                <Coords points="994,147 1017,156 1026,152 1079,156 1096,148 1114,156 1148,155 1147,116 1117,110 1103,114 1073,93 1050,98 1035,92 1020,103 993,107"/>
                <Baseline points="999,145 1027,146 1056,146 1085,145 1114,144 1143,143"/>
                <TextEquiv>
                    <Unicode>die</Unicode>
                </TextEquiv>
            </TextLine>
            <TextLine id="r1l3" custom="readingOrder {index:2;}">
                <Coords points="324,144 432,160 481,136 529,157 958,152 957,92 850,123 738,89 641,106 602,86 488,116 381,89 324,109"/>
                <Baseline points="329,144 360,145 391,146 422,146 453,147 484,147 515,147 547,146 578,146 609,146 640,145 671,144 702,144 733,144 765,143 796,143 827,143 858,144 889,144 920,145 952,147"/>
                <TextEquiv>
                    <Unicode>36. Flucht in</Unicode>
                </TextEquiv>
            </TextLine>
            <TextLine id="r1l4" custom="readingOrder {index:3;}">
                <Coords points="850,171 986,196 1095,170 1458,189 1664,172 1676,146 850,148"/>
                <Baseline points="855,167 895,167 936,167 977,167 1018,166 1059,166 1099,166 1140,166 1181,165 1222,165 1263,165 1303,165 1344,165 1385,165 1426,165 1467,165 1507,165 1548,165 1589,165 1630,166 1671,166"/>
                <TextEquiv>
                    <Unicode></Unicode>
                </TextEquiv>
            </TextLine>
            <TextLine id="r1l5" custom="readingOrder {index:4;}">
                <Coords points="554,188 579,181 599,186 619,171 627,179 671,175 751,196 806,191 806,150 555,149"/>
                <Baseline points="560,165 586,166 613,167 640,167 667,167 693,167 720,167 747,167 774,167 801,168"/>
                <TextEquiv>
                    <Unicode>V</Unicode>
                </TextEquiv>
            </TextLine>
            <TextEquiv>
                <Unicode>Finsternis
die
36. Flucht in

V</Unicode>
            </TextEquiv>
        </TextRegion>
        <TextRegion orientation="0.0" id="r2" custom="readingOrder {index:1;}">
            <Coords points="1886,40 1886,196 2220,196 2220,40"/>
            <TextLine id="r2l1" custom="readingOrder {index:0;}">
                <Coords points="1881,149 1908,155 1931,145 1987,164 2000,153 2031,155 2065,132 2131,161 2225,145 2226,93 2097,86 2058,110 1995,102 1978,115 1882,91"/>
                <Baseline points="1886,140 1911,142 1937,142 1963,143 1988,144 2014,145 2040,145 2065,146 2091,146 2117,146 2142,146 2168,146 2194,145 2220,145"/>
                <TextEquiv>
                    <Unicode>box 6/3</Unicode>
                </TextEquiv>
            </TextLine>
            <TextEquiv>
                <Unicode>box 6/3</Unicode>
            </TextEquiv>
        </TextRegion>
        <TextRegion orientation="0.0" id="r3" custom="readingOrder {index:2;}">
            <Coords points="2501,60 2501,4102 3251,4102 3251,60"/>
            <TextLine id="r3l1" custom="readingOrder {index:0;}">
                <Coords points="2533,102 2551,107 2570,95 2590,105 2634,83 2649,93 2683,92 2697,104 2726,110 2758,96 2759,65 2686,60 2643,62 2634,69 2623,59 2600,67 2593,60 2534,61"/>
                <Baseline points="2539,80 2565,81 2592,81 2619,82 2646,82 2672,83 2699,84 2726,86 2753,88"/>
                <TextEquiv>
                    <Unicode>work today.</Unicode>
                </TextEquiv>
            </TextLine>
            <TextLine id="r3l2" custom="readingOrder {index:1;}">
                <Coords points="2539,154 2624,173 3203,175 3203,144 3177,130 3055,139 2957,112 2764,138 2540,111"/>
                <Baseline points="2544,155 2576,156 2609,156 2642,157 2674,158 2707,158 2740,159 2772,160 2805,160 2838,161 2871,162 2903,162 2936,163 2969,164 3001,164 3034,165 3067,166 3099,167 3132,167 3165,168 3198,169"/>
                <TextEquiv>
                    <Unicode>One of the very few infallible ways</Unicode>
                </TextEquiv>
            </TextLine>
            <TextLine id="r3l3" custom="readingOrder {index:2;}">
                <Coords points="2507,194 2809,214 2995,199 3110,220 3209,205 3209,179 3144,173 2508,162"/>
                <Baseline points="2512,193 2546,195 2581,195 2615,197 2650,198 2685,199 2719,200 2754,200 2788,200 2823,201 2858,201 2892,201 2927,202 2961,202 2996,202 3031,202 3065,202 3100,202 3134,202 3169,202 3204,202"/>
                <TextEquiv>
                    <Unicode>of breaking into print is to mect a</Unicode>
                </TextEquiv>
            </TextLine>
            <TextLine id="r3l4" custom="readingOrder {index:3;}">
                <Coords points="2513,231 3187,253 3188,209 2514,199"/>
                <Baseline points="2518,231 2551,232 2584,233 2617,235 2650,235 2684,236 2717,237 2750,237 2783,237 2816,238 2850,238 2883,238 2916,239 2949,239 2982,239 3016,240 3049,240 3082,241 3115,241 3148,242 3182,243"/>
                <TextEquiv>
                    <Unicode>writer with a zest for “telling all“</Unicode>
                </TextEquiv>
            </TextLine>
            <TextLine id="r3l5" custom="readingOrder {index:4;}">
                <Coords points="2506,262 2578,285 2939,291 3025,273 3196,292 3197,257 3157,247 2507,241"/>
                <Baseline points="2511,268 2545,270 2579,272 2613,273 2647,274 2681,275 2715,275 2749,276 2783,276 2817,276 2851,276 2885,277 2919,277 2953,277 2987,277 3021,277 3055,277 3089,278 3123,278 3157,279 3191,280"/>
                <TextEquiv>
                    <Unicode>One like Harry Kemp, for example,</Unicode>
                </TextEquiv>
            </TextLine>
            <TextLine id="r3l6" custom="readingOrder {index:5;}">
                <Coords points="2510,299 2787,327 3144,324 3206,345 3206,302 3170,285 3081,302 3031,274 2997,303 2510,268"/>
                <Baseline points="2515,308 2549,309 2583,310 2617,311 2652,312 2686,313 2720,314 2755,314 2789,315 2823,315 2858,316 2892,316 2926,317 2960,317 2995,318 3029,318 3063,318 3098,318 3132,319 3166,319 3201,320"/>
                <TextEquiv>
                    <Unicode>who. in Love Among the Cape</Unicode>
                </TextEquiv>
            </TextLine>
            <TextLine id="r3l7" custom="readingOrder {index:6;}">
                <Coords points="2503,346 3113,353 3196,384 3205,344 3144,322 3017,339 2932,319 2806,335 2714,312 2503,319"/>
                <Baseline points="2508,347 2542,348 2577,349 2611,349 2646,350 2680,351 2715,351 2749,352 2784,352 2818,352 2853,353 2888,353 2922,353 2957,354 2991,354 3026,354 3060,355 3095,355 3129,356 3164,357 3199,358"/>
                <TextEquiv>
                    <Unicode>Enders,“ from Macaulay, tells the</Unicode>
                </TextEquiv>
            </TextLine>
            <TextLine id="r3l8" custom="readingOrder {index:7;}">
                <Coords points="2502,373 2657,399 3212,402 3212,383 3131,359 2503,349"/>
                <Baseline points="2507,385 2542,386 2577,387 2612,387 2647,388 2682,389 2717,389 2752,389 2787,390 2822,390 2857,390 2892,391 2927,391 2962,391 2997,392 3032,392 3067,393 3102,394 3137,395 3172,396 3207,397"/>
                <TextEquiv>
                    <Unicode>story of the Provincetown in much</Unicode>
                </TextEquiv>
            </TextLine>
            <TextLine id="r3l9" custom="readingOrder {index:8;}">
                <Coords points="2518,422 3147,432 3213,451 3213,420 3181,400 2518,392"/>
                <Baseline points="2523,422 2557,423 2591,423 2625,424 2660,424 2694,425 2728,425 2762,426 2797,427 2831,427 2865,428 2899,429 2934,429 2968,430 3002,430 3036,430 3071,431 3105,431 3139,431 3173,431 3208,431"/>
                <TextEquiv>
                    <Unicode>more breath-taking episodic fashion</Unicode>
                </TextEquiv>
            </TextLine>
            <TextLine id="r3l10" custom="readingOrder {index:9;}">
                <Coords points="2509,460 3134,471 3209,495 3210,451 2987,432 2944,454 2892,431 2778,454 2736,431 2509,426"/>
                <Baseline points="2514,458 2548,459 2583,460 2617,461 2652,462 2686,462 2721,463 2755,464 2790,465 2824,465 2859,466 2893,467 2928,467 2962,468 2997,468 3031,468 3066,469 3100,469 3135,469 3169,470 3204,470"/>
                <TextEquiv>
                    <Unicode>than Stella Hanau and Helen</Unicode>
                </TextEquiv>
            </TextLine>
            <TextLine id="r3l11" custom="readingOrder {index:10;}">
                <Coords points="2506,507 2933,517 3012,498 3196,532 3207,492 3106,472 2506,478"/>
                <Baseline points="2511,498 2545,498 2580,498 2614,499 2649,499 2683,500 2718,500 2752,501 2787,501 2821,502 2856,502 2890,503 2925,504 2959,504 2994,505 3028,506 3063,506 3097,507 3132,508 3166,509 3201,510"/>
                <TextEquiv>
                    <Unicode>Deutsch dare to employ in their</Unicode>
                </TextEquiv>
            </TextLine>
            <TextLine id="r3l12" custom="readingOrder {index:11;}">
                <Coords points="2516,534 2754,559 3013,546 3080,566 3195,561 3212,533 3143,512 2862,503 2790,525 2768,508 2517,507"/>
                <Baseline points="2521,532 2555,533 2589,534 2623,535 2658,536 2692,537 2726,538 2760,538 2795,539 2829,539 2863,540 2897,541 2932,541 2966,541 3000,542 3034,543 3069,543 3103,544 3137,544 3171,545 3206,546"/>
                <TextEquiv>
                    <Unicode>more formal and more believable</Unicode>
                </TextEquiv>
            </TextLine>
            <TextLine id="r3l13" custom="readingOrder {index:12;}">
                <Coords points="2507,584 2524,588 2540,581 2559,587 2583,579 2605,582 2628,576 2648,587 2676,579 2677,547 2632,543 2608,548 2588,540 2538,539 2524,550 2508,551"/>
                <Baseline points="2512,569 2538,570 2565,571 2591,571 2618,572 2644,572 2671,574"/>
                <TextEquiv>
                    <Unicode>history.</Unicode>
                </TextEquiv>
            </TextLine>
            <TextLine id="r3l14" custom="readingOrder {index:13;}">
                <Coords points="2545,594 2596,623 3211,619 3211,590 3101,577 2914,598 2829,575 2732,591 2696,569 2546,576"/>
                <Baseline points="2550,605 2582,607 2615,609 2648,611 2681,612 2714,613 2746,614 2779,614 2812,615 2845,616 2878,616 2910,616 2943,617 2976,617 3009,617 3041,617 3074,618 3107,618 3140,618 3173,619 3206,619"/>
                <TextEquiv>
                    <Unicode>Kemp's novel has the added at¬</Unicode>
                </TextEquiv>
            </TextLine>
            <TextLine id="r3l15" custom="readingOrder {index:14;}">
                <Coords points="2509,648 3210,674 3211,619 2911,640 2510,617"/>
                <Baseline points="2514,644 2548,646 2583,647 2617,648 2652,650 2686,651 2721,652 2755,654 2790,655 2824,656 2859,656 2894,657 2928,658 2963,658 2997,659 3032,659 3066,659 3101,659 3135,658 3170,657 3205,656"/>
                <TextEquiv>
                    <Unicode>traction of bing a guessing game</Unicode>
                </TextEquiv>
            </TextLine>
            <TextLine id="r3l16" custom="readingOrder {index:15;}">
                <Coords points="2514,696 3184,708 3199,674 2515,648"/>
                <Baseline points="2520,679 2553,680 2587,682 2621,684 2654,686 2688,687 2722,689 2755,690 2789,691 2823,692 2857,693 2890,693 2924,694 2958,694 2991,694 3025,694 3059,694 3092,694 3126,693 3160,692 3194,692"/>
                <TextEquiv>
                    <Unicode>as well, for. in telling the weak¬</Unicode>
                </TextEquiv>
            </TextLine>
            <TextLine id="r3l17" custom="readingOrder {index:16;}">
                <Coords points="2506,717 3209,742 3210,693 3032,712 2979,693 2507,693"/>
                <Baseline points="2512,717 2546,719 2581,721 2615,722 2650,724 2685,725 2719,726 2754,728 2788,728 2823,729 2858,730 2892,730 2927,731 2961,731 2996,731 3031,732 3065,732 3100,732 3134,732 3169,732 3204,732"/>
                <TextEquiv>
                    <Unicode>nesses of arty people, he carefully</Unicode>
                </TextEquiv>
            </TextLine>
            <TextLine id="r3l18" custom="readingOrder {index:17;}">
                <Coords points="2507,760 3212,787 3213,748 3148,736 2984,736 2952,756 2921,735 2508,733"/>
                <Baseline points="2512,758 2546,759 2581,759 2616,760 2651,760 2686,761 2720,762 2755,763 2790,764 2825,765 2860,765 2894,766 2929,767 2964,768 2999,769 3034,769 3068,770 3103,770 3138,771 3173,771 3208,771"/>
                <TextEquiv>
                    <Unicode>covers up their names. But not too</Unicode>
                </TextEquiv>
            </TextLine>
            <TextLine id="r3l19" custom="readingOrder {index:18;}">
                <Coords points="2507,786 2588,813 3035,820 3192,820 3210,786 2507,773"/>
                <Baseline points="2512,797 2546,797 2581,798 2615,798 2650,799 2685,799 2719,800 2754,801 2788,802 2823,802 2858,803 2892,804 2927,805 2961,805 2996,806 3031,806 3065,807 3100,807 3134,807 3169,807 3204,807"/>
                <TextEquiv>
                    <Unicode>deeply, let me add in haste, for easy</Unicode>
                </TextEquiv>
            </TextLine>
            <TextLine id="r3l20" custom="readingOrder {index:19;}">
                <Coords points="2503,847 2973,841 3173,861 3215,849 3216,814 2504,805"/>
                <Baseline points="2508,834 2543,835 2578,836 2613,837 2648,838 2683,839 2718,839 2753,840 2788,841 2823,841 2859,842 2894,843 2929,843 2964,844 2999,844 3034,845 3069,846 3104,847 3139,847 3174,848 3210,849"/>
                <TextEquiv>
                    <Unicode>recovery in case you like the ghoulish</Unicode>
                </TextEquiv>
            </TextLine>
            <TextLine id="r3l21" custom="readingOrder {index:20;}">
                <Coords points="2501,869 2591,889 3211,892 3211,861 3077,850 2502,846"/>
                <Baseline points="2506,875 2541,876 2576,876 2611,877 2646,877 2681,877 2716,878 2751,878 2786,879 2821,879 2856,880 2891,880 2926,880 2961,881 2996,882 3031,882 3066,883 3101,884 3136,885 3171,886 3206,887"/>
                <TextEquiv>
                    <Unicode>flavor to your reading. Bill Travers,</Unicode>
                </TextEquiv>
            </TextLine>
            <TextLine id="r3l22" custom="readingOrder {index:21;}">
                <Coords points="2507,907 2728,931 3213,931 3203,890 2508,878"/>
                <Baseline points="2512,911 2546,912 2581,913 2616,914 2651,915 2686,915 2720,916 2755,916 2790,917 2825,917 2860,917 2894,918 2929,918 2964,919 2999,919 3034,920 3068,921 3103,922 3138,924 3173,925 3208,927"/>
                <TextEquiv>
                    <Unicode>America’s greatest dramatist, is not</Unicode>
                </TextEquiv>
            </TextLine>
            <TextLine id="r3l23" custom="readingOrder {index:22;}">
                <Coords points="2516,948 3180,976 3201,948 3128,923 3083,941 2918,924 2885,942 2815,920 2516,921"/>
                <Baseline points="2521,948 2554,949 2588,950 2622,951 2656,952 2689,953 2723,954 2757,954 2791,955 2824,955 2858,956 2892,956 2926,957 2959,957 2993,958 3027,959 3061,959 3094,960 3128,961 3162,962 3196,963"/>
                <TextEquiv>
                    <Unicode>completely hidden, nor Jim. Dale,</Unicode>
                </TextEquiv>
            </TextLine>
            <TextLine id="r3l24" custom="readingOrder {index:23;}">
                <Coords points="2511,975 2628,1001 2776,985 2935,1008 3199,1003 3199,972 3151,965 2511,961"/>
                <Baseline points="2516,985 2549,986 2583,987 2617,989 2651,990 2685,991 2719,992 2753,993 2787,994 2821,995 2855,995 2888,996 2922,996 2956,996 2990,997 3024,997 3058,997 3092,998 3126,998 3160,998 3194,998"/>
                <TextEquiv>
                    <Unicode>the founder of the Provincetown.</Unicode>
                </TextEquiv>
            </TextLine>
            <TextLine id="r3l25" custom="readingOrder {index:24;}">
                <Coords points="2512,1035 3202,1039 3164,1004 2513,993"/>
                <Baseline points="2517,1025 2551,1026 2585,1027 2619,1027 2653,1028 2687,1028 2721,1029 2755,1030 2789,1030 2823,1031 2857,1031 2891,1032 2925,1032 2959,1033 2993,1033 3027,1034 3061,1035 3095,1036 3129,1036 3163,1037 3197,1038"/>
                <TextEquiv>
                    <Unicode>With the Hanau-Deutsch book in one</Unicode>
                </TextEquiv>
            </TextLine>
            <TextLine id="r3l26" custom="readingOrder {index:25;}">
                <Coords points="2514,1073 3199,1090 3212,1048 2514,1038"/>
                <Baseline points="2519,1066 2553,1066 2587,1066 2622,1066 2656,1067 2690,1067 2725,1068 2759,1068 2793,1069 2828,1070 2862,1070 2896,1071 2931,1072 2965,1072 2999,1073 3034,1073 3068,1074 3102,1074 3137,1075 3171,1075 3206,1075"/>
                <TextEquiv>
                    <Unicode>hand and Love Among the Cape</Unicode>
                </TextEquiv>
            </TextLine>
            <TextLine id="r3l27" custom="readingOrder {index:26;}">
                <Coords points="2511,1104 3201,1123 3201,1088 3165,1079 2511,1077"/>
                <Baseline points="2516,1101 2550,1102 2584,1102 2618,1103 2652,1104 2686,1105 2720,1105 2754,1106 2788,1106 2822,1108 2856,1108 2890,1109 2924,1110 2958,1110 2992,1111 3026,1112 3060,1112 3094,1113 3128,1113 3162,1113 3196,1113"/>
                <TextEquiv>
                    <Unicode>Enders“ in the other, you ought to</Unicode>
                </TextEquiv>
            </TextLine>
            <TextLine id="r3l28" custom="readingOrder {index:27;}">
                <Coords points="2501,1128 2540,1151 2637,1128 2662,1152 3088,1164 3201,1160 3202,1122 3021,1134 2971,1114 2944,1134 2864,1110 2501,1110"/>
                <Baseline points="2506,1139 2540,1139 2575,1140 2609,1141 2644,1142 2678,1143 2713,1144 2747,1144 2782,1145 2816,1146 2851,1146 2885,1147 2920,1148 2954,1149 2989,1149 3023,1150 3058,1150 3092,1151 3127,1151 3161,1152 3196,1153"/>
                <TextEquiv>
                    <Unicode>have gossip enough to establish</Unicode>
                </TextEquiv>
            </TextLine>
            <TextLine id="r3l29" custom="readingOrder {index:28;}">
                <Coords points="2513,1180 3197,1201 3198,1164 3161,1157 2514,1151"/>
                <Baseline points="2518,1176 2551,1176 2585,1177 2619,1178 2652,1179 2686,1179 2720,1180 2753,1181 2787,1181 2821,1182 2855,1183 2888,1183 2922,1184 2956,1185 2989,1186 3023,1186 3057,1187 3090,1188 3124,1189 3158,1191 3192,1192"/>
                <TextEquiv>
                    <Unicode>yourself as one of the most brightly</Unicode>
                </TextEquiv>
            </TextLine>
            <TextLine id="r3l30" custom="readingOrder {index:29;}">
                <Coords points="2512,1208 2548,1228 2590,1213 2673,1231 2789,1218 2944,1238 3073,1222 3073,1203 3004,1190 2919,1206 2825,1186 2512,1180"/>
                <Baseline points="2516,1215 2543,1215 2571,1214 2598,1214 2626,1215 2654,1215 2681,1216 2709,1217 2736,1217 2764,1218 2792,1219 2819,1220 2847,1221 2874,1222 2902,1222 2930,1223 2957,1223 2985,1223 3012,1223 3040,1223 3068,1222"/>
                <TextEquiv>
                    <Unicode>up-to-date of all the guests.</Unicode>
                </TextEquiv>
            </TextLine>
            <TextLine id="r3l31" custom="readingOrder {index:30;}">
                <Coords points="2553,1249 2688,1271 3037,1262 3192,1282 3194,1230 2554,1225"/>
                <Baseline points="2558,1250 2589,1250 2621,1252 2652,1252 2684,1253 2715,1254 2747,1255 2778,1256 2810,1257 2841,1258 2873,1259 2904,1260 2936,1261 2967,1262 2999,1263 3030,1263 3062,1265 3093,1265 3125,1266 3156,1266 3188,1267"/>
                <TextEquiv>
                    <Unicode>Confession and guesswork are not,</Unicode>
                </TextEquiv>
            </TextLine>
            <TextLine id="r3l32" custom="readingOrder {index:31;}">
                <Coords points="2501,1275 2547,1301 3194,1308 3194,1281 3037,1262 2965,1280 2501,1254"/>
                <Baseline points="2506,1287 2540,1288 2574,1289 2608,1290 2642,1291 2676,1292 2710,1292 2745,1293 2779,1294 2813,1295 2847,1296 2881,1296 2915,1297 2949,1298 2984,1298 3018,1299 3052,1300 3086,1301 3120,1301 3154,1302 3189,1302"/>
                <TextEquiv>
                    <Unicode>however, the sole claims of Kemp’s</Unicode>
                </TextEquiv>
            </TextLine>
            <TextLine id="r3l33" custom="readingOrder {index:32;}">
                <Coords points="2504,1326 2780,1343 2810,1322 2861,1346 3148,1354 3199,1349 3200,1310 2504,1298"/>
                <Baseline points="2509,1324 2543,1325 2577,1326 2611,1327 2646,1328 2680,1329 2714,1330 2748,1331 2783,1332 2817,1333 2851,1334 2885,1334 2920,1335 2954,1336 2988,1336 3022,1337 3057,1337 3091,1338 3125,1338 3159,1339 3194,1339"/>
                <TextEquiv>
                    <Unicode>semihistorical, semifictional novel</Unicode>
                </TextEquiv>
            </TextLine>
            <TextLine id="r3l34" custom="readingOrder {index:33;}">
                <Coords points="2507,1368 3203,1380 3203,1350 2508,1334"/>
                <Baseline points="2513,1362 2547,1363 2581,1364 2615,1365 2650,1365 2684,1366 2718,1367 2752,1368 2787,1369 2821,1369 2855,1370 2889,1371 2924,1371 2958,1372 2992,1373 3026,1374 3061,1374 3095,1375 3129,1376 3163,1377 3198,1377"/>
                <TextEquiv>
                    <Unicode>for your consideration. There's a</Unicode>
                </TextEquiv>
            </TextLine>
            <TextLine id="r3l35" custom="readingOrder {index:34;}">
                <Coords points="2510,1398 3128,1430 3205,1421 3206,1395 2511,1372"/>
                <Baseline points="2515,1400 2549,1401 2583,1403 2617,1405 2652,1405 2686,1406 2720,1407 2754,1407 2789,1408 2823,1408 2857,1408 2891,1408 2926,1409 2960,1409 2994,1409 3028,1410 3063,1410 3097,1411 3131,1412 3165,1413 3200,1414"/>
                <TextEquiv>
                    <Unicode>spicy atmosphere, a none-too-faint</Unicode>
                </TextEquiv>
            </TextLine>
            <TextLine id="r3l36" custom="readingOrder {index:35;}">
                <Coords points="2511,1434 3210,1468 3211,1418 3124,1437 3017,1414 2511,1411"/>
                <Baseline points="2516,1440 2550,1440 2584,1440 2619,1441 2653,1442 2688,1443 2722,1444 2757,1444 2791,1445 2826,1446 2860,1447 2894,1448 2929,1449 2963,1450 2998,1451 3032,1451 3067,1452 3101,1453 3136,1453 3170,1453 3205,1454"/>
                <TextEquiv>
                    <Unicode>scent of musk and amber in its</Unicode>
                </TextEquiv>
            </TextLine>
            <TextLine id="r3l37" custom="readingOrder {index:36;}">
                <Coords points="2507,1483 3199,1498 3187,1461 3032,1452 2543,1447 2507,1464"/>
                <Baseline points="2512,1479 2546,1478 2580,1478 2614,1478 2648,1478 2682,1478 2716,1479 2750,1480 2784,1481 2818,1482 2853,1483 2887,1485 2921,1486 2955,1487 2989,1488 3023,1489 3057,1489 3091,1489 3125,1489 3159,1488 3194,1488"/>
                <TextEquiv>
                    <Unicode>pages. and Kemp has no desire for</Unicode>
                </TextEquiv>
            </TextLine>
            <TextLine id="r3l38" custom="readingOrder {index:37;}">
                <Coords points="2513,1511 2973,1536 3035,1520 3104,1543 3218,1516 3218,1483 3178,1505 3065,1493 3014,1513 2824,1485 2513,1493"/>
                <Baseline points="2518,1513 2552,1514 2587,1515 2622,1516 2656,1517 2691,1518 2726,1518 2760,1519 2795,1520 2830,1521 2865,1521 2899,1522 2934,1523 2969,1523 3003,1524 3038,1524 3073,1525 3107,1525 3142,1526 3177,1526 3212,1527"/>
                <TextEquiv>
                    <Unicode>vou to miss the flavor. Stephen</Unicode>
                </TextEquiv>
            </TextLine>
            <TextLine id="r3l39" custom="readingOrder {index:38;}">
                <Coords points="2513,1550 3174,1576 3223,1551 3224,1516 3136,1540 2610,1514 2514,1535"/>
                <Baseline points="2518,1551 2553,1552 2588,1553 2623,1554 2658,1554 2693,1555 2728,1556 2763,1557 2798,1557 2833,1558 2868,1559 2903,1560 2938,1561 2973,1562 3008,1562 3043,1563 3078,1564 3113,1565 3148,1566 3183,1567 3218,1568"/>
                <TextEquiv>
                    <Unicode>Groton's world—Groton is the poet</Unicode>
                </TextEquiv>
            </TextLine>
            <TextLine id="r3l40" custom="readingOrder {index:39;}">
                <Coords points="2514,1578 2785,1610 3201,1601 3191,1569 2515,1555"/>
                <Baseline points="2519,1586 2552,1588 2586,1590 2620,1592 2654,1593 2688,1594 2722,1595 2755,1595 2789,1596 2823,1596 2857,1597 2891,1597 2925,1597 2959,1598 2992,1598 3026,1598 3060,1598 3094,1599 3128,1600 3162,1600 3196,1601"/>
                <TextEquiv>
                    <Unicode>who has many of the attributes of</Unicode>
                </TextEquiv>
            </TextLine>
            <TextLine id="r3l41" custom="readingOrder {index:40;}">
                <Coords points="3204,1624 3209,1624 3213,1621 3220,1624 3225,1620 3229,1620 3235,1626 3239,1622 3256,1624 3256,1593 3241,1595 3229,1586 3211,1586 3204,1584"/>
                <Baseline points="3209,1614 3251,1614"/>
                <TextEquiv>
                    <Unicode>1</Unicode>
                </TextEquiv>
            </TextLine>
            <TextLine id="r3l42" custom="readingOrder {index:41;}">
                <Coords points="2504,1631 2953,1652 2988,1622 3028,1647 3195,1645 3196,1602 2773,1613 2505,1591"/>
                <Baseline points="2510,1623 2544,1625 2578,1627 2612,1628 2646,1629 2680,1630 2714,1632 2748,1632 2782,1633 2816,1634 2850,1634 2884,1635 2918,1635 2952,1636 2986,1636 3020,1637 3054,1637 3088,1637 3122,1638 3156,1639 3190,1639"/>
                <TextEquiv>
                    <Unicode>Harry Kemp—is terribly “sexed-up.“</Unicode>
                </TextEquiv>
            </TextLine>
            <TextLine id="r3l43" custom="readingOrder {index:42;}">
                <Coords points="2511,1665 2715,1665 2761,1685 3210,1675 3183,1644 3131,1640 3102,1659 2512,1631"/>
                <Baseline points="2517,1663 2551,1664 2585,1665 2620,1667 2654,1667 2689,1668 2723,1669 2757,1670 2792,1671 2826,1671 2861,1672 2895,1672 2929,1673 2964,1674 2998,1674 3033,1675 3067,1675 3101,1676 3136,1676 3170,1677 3205,1677"/>
                <TextEquiv>
                    <Unicode>says Mr. Kemp, and says it with</Unicode>
                </TextEquiv>
            </TextLine>
            <TextLine id="r3l44" custom="readingOrder {index:43;}">
                <Coords points="2503,1692 2573,1712 3145,1710 3208,1734 3209,1675 2503,1673"/>
                <Baseline points="2508,1698 2542,1699 2577,1701 2612,1702 2647,1703 2681,1704 2716,1705 2751,1707 2786,1708 2820,1709 2855,1709 2890,1710 2925,1711 2959,1711 2994,1712 3029,1712 3064,1712 3098,1712 3133,1712 3168,1712 3203,1712"/>
                <TextEquiv>
                    <Unicode>three black exclamation points so</Unicode>
                </TextEquiv>
            </TextLine>
            <TextLine id="r3l45" custom="readingOrder {index:44;}">
                <Coords points="2508,1749 3081,1746 3137,1765 3203,1748 3203,1718 3129,1710 3074,1727 2509,1710"/>
                <Baseline points="2513,1739 2547,1739 2581,1739 2615,1739 2649,1739 2684,1740 2718,1740 2752,1741 2786,1742 2820,1743 2855,1744 2889,1744 2923,1745 2957,1746 2991,1747 3026,1747 3060,1748 3094,1748 3128,1748 3162,1748 3197,1747"/>
                <TextEquiv>
                    <Unicode>you'll not glide harmlessly by with¬</Unicode>
                </TextEquiv>
            </TextLine>
            <TextLine id="r3l46" custom="readingOrder {index:45;}">
                <Coords points="2508,1782 3247,1795 3229,1761 3200,1781 3081,1746 2508,1750"/>
                <Baseline points="2513,1776 2549,1776 2585,1777 2622,1778 2658,1778 2695,1779 2731,1780 2768,1781 2804,1781 2841,1782 2877,1783 2913,1784 2950,1785 2986,1786 3023,1787 3059,1787 3096,1788 3132,1789 3169,1790 3205,1790 3242,1791"/>
                <TextEquiv>
                    <Unicode>out having sensed the implications. 1</Unicode>
                </TextEquiv>
            </TextLine>
            <TextLine id="r3l47" custom="readingOrder {index:46;}">
                <Coords points="2518,1798 2566,1825 3159,1841 3237,1833 3238,1803 2518,1779"/>
                <Baseline points="2523,1812 2558,1812 2593,1813 2629,1813 2664,1814 2700,1814 2735,1815 2771,1816 2806,1817 2842,1818 2877,1819 2912,1821 2948,1822 2983,1823 3019,1824 3054,1825 3090,1826 3125,1827 3161,1828 3196,1829 3232,1829"/>
                <TextEquiv>
                    <Unicode>"Under cover of art, literature, busi¬1</Unicode>
                </TextEquiv>
            </TextLine>
            <TextLine id="r3l48" custom="readingOrder {index:47;}">
                <Coords points="2500,1863 3242,1868 3242,1835 3205,1829 2501,1834"/>
                <Baseline points="2506,1849 2542,1851 2579,1851 2615,1853 2652,1854 2688,1854 2725,1854 2761,1855 2798,1855 2834,1856 2871,1856 2908,1856 2944,1857 2981,1858 3017,1859 3054,1860 3090,1862 3127,1863 3163,1865 3200,1868 3237,1871"/>
                <TextEquiv>
                    <Unicode>ness, society, religion, everybody was 1</Unicode>
                </TextEquiv>
            </TextLine>
            <TextLine id="r3l49" custom="readingOrder {index:48;}">
                <Coords points="2506,1883 3246,1911 3246,1884 3206,1862 2506,1862"/>
                <Baseline points="2511,1884 2547,1886 2584,1888 2620,1890 2657,1891 2693,1892 2730,1893 2766,1893 2803,1894 2839,1894 2876,1895 2912,1895 2949,1895 2985,1896 3022,1897 3058,1899 3095,1900 3131,1902 3168,1904 3204,1906 3241,1910"/>
                <TextEquiv>
                    <Unicode>continually all sexed-up!!!“ he tells </Unicode>
                </TextEquiv>
            </TextLine>
            <TextLine id="r3l50" custom="readingOrder {index:49;}">
                <Coords points="2502,1927 3150,1939 3214,1967 3242,1955 3243,1919 2673,1908 2503,1883"/>
                <Baseline points="2508,1922 2544,1925 2580,1928 2617,1929 2653,1931 2690,1932 2726,1932 2763,1932 2799,1932 2836,1932 2872,1932 2908,1932 2945,1932 2981,1932 3018,1933 3054,1935 3091,1936 3127,1938 3164,1941 3200,1944 3237,1949"/>
                <TextEquiv>
                    <Unicode>his readers so that Provincetonn!</Unicode>
                </TextEquiv>
            </TextLine>
            <TextLine id="r3l51" custom="readingOrder {index:50;}">
                <Coords points="2502,1971 2991,1988 3031,1967 3105,1990 3203,1973 3203,1955 3136,1942 2836,1929 2784,1945 2595,1922 2503,1942"/>
                <Baseline points="2507,1964 2541,1965 2576,1966 2610,1967 2645,1967 2679,1968 2714,1968 2748,1969 2783,1969 2817,1969 2852,1970 2887,1970 2921,1971 2956,1971 2990,1972 3025,1973 3059,1974 3094,1975 3128,1976 3163,1978 3198,1979"/>
                <TextEquiv>
                    <Unicode>and old Greenwich Viilage may be</Unicode>
                </TextEquiv>
            </TextLine>
            <TextLine id="r3l52" custom="readingOrder {index:51;}">
                <Coords points="2501,2001 3173,2025 3213,2016 3214,1990 2502,1971"/>
                <Baseline points="2507,2000 2542,2001 2577,2002 2612,2003 2647,2003 2682,2004 2717,2005 2752,2005 2787,2006 2822,2006 2857,2007 2892,2008 2927,2009 2962,2009 2997,2010 3032,2011 3067,2013 3102,2014 3137,2016 3172,2018 3208,2020"/>
                <TextEquiv>
                    <Unicode>seen in their true colors. Of course,</Unicode>
                </TextEquiv>
            </TextLine>
            <TextLine id="r3l53" custom="readingOrder {index:52;}">
                <Coords points="2513,2036 3230,2067 3231,2026 3140,2013 2514,2012"/>
                <Baseline points="2518,2037 2553,2038 2588,2040 2624,2041 2659,2042 2694,2042 2730,2043 2765,2043 2800,2044 2836,2044 2871,2045 2906,2045 2942,2046 2977,2046 3012,2047 3048,2048 3083,2048 3118,2050 3154,2051 3189,2053 3225,2054"/>
                <TextEquiv>
                    <Unicode>he's not writing of Provincetonn 1</Unicode>
                </TextEquiv>
            </TextLine>
            <TextLine id="r3l54" custom="readingOrder {index:53;}">
                <Coords points="2499,2076 3220,2099 3247,2094 3248,2063 2499,2048"/>
                <Baseline points="2504,2075 2540,2075 2577,2076 2614,2076 2651,2077 2688,2077 2725,2078 2762,2079 2799,2080 2836,2080 2873,2081 2909,2082 2946,2083 2983,2083 3020,2085 3057,2085 3094,2087 3131,2087 3168,2089 3205,2090 3242,2091"/>
                <TextEquiv>
                    <Unicode>nor of the Village in this novel; he's</Unicode>
                </TextEquiv>
            </TextLine>
            <TextLine id="r3l55" custom="readingOrder {index:54;}">
                <Coords points="2502,2106 2577,2128 3164,2136 3221,2129 3222,2098 2502,2086"/>
                <Baseline points="2507,2111 2542,2112 2577,2113 2613,2115 2648,2116 2684,2117 2719,2117 2755,2118 2790,2119 2826,2120 2861,2120 2896,2121 2932,2122 2967,2122 3003,2123 3038,2124 3074,2124 3109,2125 3145,2126 3180,2126 3216,2127"/>
                <TextEquiv>
                    <Unicode>writing of Cape-End, but Cape-End</Unicode>
                </TextEquiv>
            </TextLine>
            <TextLine id="r3l56" custom="readingOrder {index:55;}">
                <Coords points="2512,2163 2850,2154 3217,2182 3229,2136 2513,2115"/>
                <Baseline points="2517,2149 2552,2151 2587,2152 2623,2152 2658,2153 2693,2154 2729,2155 2764,2155 2799,2156 2835,2157 2870,2157 2905,2158 2941,2159 2976,2159 3011,2160 3047,2161 3082,2162 3117,2164 3153,2164 3188,2166 3224,2168"/>
                <TextEquiv>
                    <Unicode>is so similar to Provincetown and</Unicode>
                </TextEquiv>
            </TextLine>
            <TextLine id="r3l57" custom="readingOrder {index:56;}">
                <Coords points="2503,2182 2685,2207 3243,2214 3243,2182 3162,2166 2837,2178 2792,2156 2503,2149"/>
                <Baseline points="2508,2188 2544,2189 2581,2190 2617,2191 2654,2192 2690,2193 2727,2194 2763,2194 2800,2195 2836,2195 2873,2196 2909,2196 2946,2197 2982,2198 3019,2198 3055,2199 3092,2200 3128,2200 3165,2201 3201,2202 3238,2203"/>
                <TextEquiv>
                    <Unicode>the people who summer on Cape:</Unicode>
                </TextEquiv>
            </TextLine>
            <TextLine id="r3l58" custom="readingOrder {index:57;}">
                <Coords points="2510,2225 3165,2251 3200,2244 3201,2204 2510,2193"/>
                <Baseline points="2515,2227 2549,2227 2583,2227 2617,2227 2651,2227 2685,2227 2719,2228 2753,2228 2787,2229 2821,2229 2855,2230 2889,2231 2923,2232 2957,2233 2991,2234 3025,2235 3059,2236 3093,2237 3127,2238 3161,2240 3195,2240"/>
                <TextEquiv>
                    <Unicode>Cod are so identical with those who</Unicode>
                </TextEquiv>
            </TextLine>
            <TextLine id="r3l59" custom="readingOrder {index:58;}">
                <Coords points="2512,2264 3065,2275 3096,2294 3201,2269 3219,2285 3234,2252 2513,2240"/>
                <Baseline points="2517,2265 2552,2265 2588,2266 2623,2266 2659,2266 2694,2267 2730,2267 2765,2267 2801,2268 2836,2269 2872,2269 2908,2269 2943,2270 2979,2271 3014,2272 3050,2272 3085,2273 3121,2274 3156,2274 3192,2275 3228,2276"/>
                <TextEquiv>
                    <Unicode>used to live on MacDougall street!!</Unicode>
                </TextEquiv>
            </TextLine>
            <TextLine id="r3l60" custom="readingOrder {index:59;}">
                <Coords points="2516,2318 2608,2299 2639,2317 2703,2303 3090,2314 3090,2287 3048,2276 2517,2268"/>
                <Baseline points="2521,2300 2549,2301 2577,2301 2605,2301 2633,2302 2662,2302 2690,2303 2718,2303 2746,2304 2774,2305 2803,2305 2831,2306 2859,2306 2887,2307 2915,2307 2944,2308 2972,2308 3000,2309 3028,2309 3056,2310 3085,2310"/>
                <TextEquiv>
                    <Unicode>that confusion is unavoidable.</Unicode>
                </TextEquiv>
            </TextLine>
            <TextLine id="r3l61" custom="readingOrder {index:60;}">
                <Coords points="2547,2340 3046,2365 3209,2354 3222,2321 2548,2307"/>
                <Baseline points="2553,2336 2586,2337 2619,2338 2652,2339 2685,2339 2718,2340 2751,2341 2785,2341 2818,2342 2851,2342 2884,2343 2917,2343 2950,2344 2983,2344 3017,2344 3050,2345 3083,2345 3116,2346 3149,2347 3182,2347 3216,2348"/>
                <TextEquiv>
                    <Unicode>It's a pity, too, that Kemp’s auto¬</Unicode>
                </TextEquiv>
            </TextLine>
            <TextLine id="r3l62" custom="readingOrder {index:61;}">
                <Coords points="2504,2359 2553,2388 2711,2372 2891,2395 2921,2374 2978,2400 3035,2383 3117,2400 3205,2393 3206,2358 2504,2345"/>
                <Baseline points="2509,2372 2543,2373 2578,2374 2612,2376 2647,2376 2681,2377 2716,2378 2750,2379 2785,2379 2819,2380 2854,2381 2889,2381 2923,2382 2958,2383 2992,2383 3027,2384 3061,2385 3096,2386 3130,2387 3165,2389 3200,2391"/>
                <TextEquiv>
                    <Unicode>biological yearnings need intrude</Unicode>
                </TextEquiv>
            </TextLine>
            <TextLine id="r3l63" custom="readingOrder {index:62;}">
                <Coords points="2509,2412 3169,2435 3198,2425 3199,2392 2509,2385"/>
                <Baseline points="2514,2411 2549,2412 2585,2414 2621,2415 2656,2415 2692,2416 2728,2417 2764,2417 2799,2418 2835,2418 2871,2419 2907,2420 2942,2420 2978,2421 3014,2421 3050,2422 3085,2423 3121,2424 3157,2424 3193,2425"/>
                <TextEquiv>
                    <Unicode>into his novel, for the search for</Unicode>
                </TextEquiv>
            </TextLine>
            <TextLine id="r3l64" custom="readingOrder {index:63;}">
                <Coords points="2503,2447 3194,2476 3195,2435 3121,2424 2504,2420"/>
                <Baseline points="2508,2447 2542,2449 2576,2450 2610,2451 2644,2452 2678,2453 2712,2453 2746,2454 2780,2454 2814,2454 2848,2454 2882,2454 2916,2455 2950,2455 2984,2456 3018,2456 3052,2457 3086,2459 3120,2460 3154,2462 3189,2464"/>
                <TextEquiv>
                    <Unicode>identifying originals interferes unduly</Unicode>
                </TextEquiv>
            </TextLine>
            <TextLine id="r3l65" custom="readingOrder {index:64;}">
                <Coords points="2514,2486 3144,2510 3205,2498 3206,2466 2930,2476 2865,2456 2699,2469 2515,2450"/>
                <Baseline points="2519,2486 2553,2486 2587,2487 2621,2488 2655,2488 2689,2489 2723,2490 2757,2490 2791,2491 2825,2492 2859,2492 2893,2493 2927,2494 2961,2494 2995,2495 3029,2496 3063,2497 3097,2497 3131,2498 3165,2499 3200,2500"/>
                <TextEquiv>
                    <Unicode>with the appreciation of the really</Unicode>
                </TextEquiv>
            </TextLine>
            <TextLine id="r3l66" custom="readingOrder {index:65;}">
                <Coords points="2510,2525 2996,2546 3075,2531 3209,2553 3201,2498 3064,2515 3007,2494 2975,2514 2929,2495 2511,2494"/>
                <Baseline points="2515,2522 2549,2523 2583,2525 2618,2526 2652,2527 2687,2528 2721,2529 2756,2529 2790,2530 2825,2531 2859,2532 2893,2532 2928,2533 2962,2534 2997,2534 3031,2535 3066,2535 3100,2536 3135,2536 3169,2537 3204,2537"/>
                <TextEquiv>
                    <Unicode>first- lass writing in his book.</Unicode>
                </TextEquiv>
            </TextLine>
            <TextLine id="r3l67" custom="readingOrder {index:66;}">
                <Coords points="2508,2566 2900,2586 3077,2570 3211,2596 3212,2554 3175,2541 2509,2531"/>
                <Baseline points="2513,2560 2547,2561 2582,2562 2617,2563 2651,2563 2686,2564 2721,2565 2755,2565 2790,2566 2825,2567 2860,2567 2894,2568 2929,2568 2964,2569 2998,2569 3033,2570 3068,2570 3102,2571 3137,2571 3172,2571 3207,2572"/>
                <TextEquiv>
                    <Unicode>Kemps sensitive appreciation leads</Unicode>
                </TextEquiv>
            </TextLine>
            <TextLine id="r3l68" custom="readingOrder {index:67;}">
                <Coords points="2511,2617 2608,2599 3113,2623 3189,2605 3177,2576 2512,2571"/>
                <Baseline points="2517,2600 2550,2600 2583,2601 2616,2602 2650,2603 2683,2603 2716,2604 2750,2605 2783,2605 2816,2606 2850,2606 2883,2607 2916,2607 2949,2608 2983,2608 3016,2608 3049,2608 3083,2609 3116,2609 3149,2609 3183,2609"/>
                <TextEquiv>
                    <Unicode>him to write superb descriptive pas¬</Unicode>
                </TextEquiv>
            </TextLine>
            <TextLine id="r3l69" custom="readingOrder {index:68;}">
                <Coords points="2508,2637 3089,2663 3193,2650 3194,2619 2508,2615"/>
                <Baseline points="2513,2640 2546,2639 2580,2639 2614,2639 2648,2640 2681,2640 2715,2641 2749,2641 2783,2642 2816,2643 2850,2643 2884,2644 2918,2644 2951,2645 2985,2645 3019,2645 3053,2645 3086,2645 3120,2644 3154,2644 3188,2643"/>
                <TextEquiv>
                    <Unicode>sages upon the colors, outlines, forms</Unicode>
                </TextEquiv>
            </TextLine>
            <TextLine id="r3l70" custom="readingOrder {index:69;}">
                <Coords points="2498,2672 3186,2693 3202,2654 2834,2648 2805,2665 2781,2645 2498,2643"/>
                <Baseline points="2503,2674 2537,2674 2572,2675 2606,2676 2641,2676 2676,2677 2710,2677 2745,2678 2780,2678 2814,2679 2849,2679 2884,2680 2918,2680 2953,2681 2988,2681 3022,2681 3057,2682 3092,2682 3126,2682 3161,2682 3196,2682"/>
                <TextEquiv>
                    <Unicode>and contrasts in sea and sand</Unicode>
                </TextEquiv>
            </TextLine>
            <TextLine id="r3l71" custom="readingOrder {index:70;}">
                <Coords points="2504,2707 3195,2725 3195,2691 3031,2697 2989,2676 2504,2687"/>
                <Baseline points="2509,2708 2543,2709 2577,2711 2611,2712 2645,2714 2679,2715 2713,2715 2747,2716 2781,2716 2815,2717 2849,2717 2883,2717 2917,2717 2951,2717 2985,2718 3019,2718 3053,2718 3087,2718 3121,2718 3155,2719 3190,2719"/>
                <TextEquiv>
                    <Unicode>dunes, to offer delightful comment</Unicode>
                </TextEquiv>
            </TextLine>
            <TextLine id="r3l72" custom="readingOrder {index:71;}">
                <Coords points="2512,2750 3189,2757 3189,2733 3131,2723 2838,2718 2793,2737 2757,2716 2512,2717"/>
                <Baseline points="2517,2749 2550,2749 2583,2749 2617,2750 2650,2750 2683,2751 2717,2752 2750,2753 2783,2753 2817,2754 2850,2754 2883,2755 2917,2755 2950,2755 2983,2755 3017,2755 3050,2754 3083,2754 3117,2753 3150,2752 3184,2751"/>
                <TextEquiv>
                    <Unicode>upon the true salt Cape Cod“born¬</Unicode>
                </TextEquiv>
            </TextLine>
            <TextLine id="r3l73" custom="readingOrder {index:72;}">
                <Coords points="2512,2792 3199,2808 3200,2778 3086,2757 2513,2750"/>
                <Baseline points="2517,2782 2550,2784 2584,2785 2618,2786 2652,2788 2686,2789 2720,2790 2753,2791 2787,2792 2821,2792 2855,2793 2889,2793 2923,2794 2957,2794 2990,2794 3024,2794 3058,2793 3092,2793 3126,2793 3160,2792 3194,2792"/>
                <TextEquiv>
                    <Unicode>ers“ and to reveal the sharp con¬</Unicode>
                </TextEquiv>
            </TextLine>
            <TextLine id="r3l74" custom="readingOrder {index:73;}">
                <Coords points="2503,2823 3196,2852 3197,2807 2503,2797"/>
                <Baseline points="2508,2820 2542,2823 2576,2824 2610,2825 2644,2826 2678,2828 2712,2829 2747,2829 2781,2830 2815,2830 2849,2831 2883,2831 2917,2831 2951,2831 2986,2831 3020,2831 3054,2831 3088,2830 3122,2830 3156,2830 3191,2830"/>
                <TextEquiv>
                    <Unicode>trasts in psychology between the</Unicode>
                </TextEquiv>
            </TextLine>
            <TextLine id="r3l75" custom="readingOrder {index:74;}">
                <Coords points="2513,2869 3199,2873 3199,2854 3144,2837 2513,2835"/>
                <Baseline points="2518,2861 2551,2862 2585,2863 2619,2863 2653,2864 2687,2864 2720,2864 2754,2865 2788,2865 2822,2865 2856,2865 2889,2865 2923,2865 2957,2865 2991,2865 3024,2865 3058,2866 3092,2866 3126,2866 3160,2867 3194,2867"/>
                <TextEquiv>
                    <Unicode>yearning artists of the Cape and the</Unicode>
                </TextEquiv>
            </TextLine>
            <TextLine id="r3l76" custom="readingOrder {index:75;}">
                <Coords points="2502,2903 3192,2913 3192,2876 2503,2871"/>
                <Baseline points="2508,2896 2543,2898 2579,2899 2615,2899 2650,2900 2686,2901 2722,2902 2758,2902 2793,2903 2829,2903 2865,2904 2901,2904 2936,2904 2972,2904 3008,2905 3044,2905 3079,2905 3115,2905 3151,2905 3187,2905"/>
                <TextEquiv>
                    <Unicode>supposedly more phlegmatic, more</Unicode>
                </TextEquiv>
            </TextLine>
            <TextLine id="r3l77" custom="readingOrder {index:76;}">
                <Coords points="2499,2949 3171,2956 3203,2946 3203,2897 3120,2922 2543,2899 2499,2917"/>
                <Baseline points="2504,2932 2538,2934 2573,2936 2608,2937 2642,2938 2677,2939 2712,2940 2746,2940 2781,2941 2816,2941 2851,2941 2885,2941 2920,2941 2955,2941 2989,2941 3024,2941 3059,2942 3093,2942 3128,2942 3163,2942 3198,2943"/>
                <TextEquiv>
                    <Unicode>elemental fisherfolk to whom art</Unicode>
                </TextEquiv>
            </TextLine>
            <TextLine id="r3l78" custom="readingOrder {index:77;}">
                <Coords points="2507,2969 2546,2986 3187,2988 3187,2955 3136,2947 2507,2945"/>
                <Baseline points="2512,2971 2545,2972 2579,2973 2612,2974 2646,2975 2679,2976 2713,2977 2746,2977 2780,2978 2813,2978 2847,2978 2880,2979 2914,2979 2947,2979 2981,2979 3014,2979 3048,2979 3081,2979 3115,2979 3148,2979 3182,2979"/>
                <TextEquiv>
                    <Unicode>might seem an exotic, alien growth.</Unicode>
                </TextEquiv>
            </TextLine>
            <TextLine id="r3l79" custom="readingOrder {index:78;}">
                <Coords points="2536,3004 3149,3032 3205,3024 3206,2983 2847,2996 2536,2979"/>
                <Baseline points="2541,3006 2575,3008 2610,3010 2645,3011 2679,3013 2714,3014 2749,3015 2783,3015 2818,3016 2853,3016 2887,3017 2922,3017 2957,3017 2991,3017 3026,3017 3061,3017 3095,3017 3130,3018 3165,3018 3200,3019"/>
                <TextEquiv>
                    <Unicode>Kemp’s belief, of course, is that</Unicode>
                </TextEquiv>
            </TextLine>
            <TextLine id="r3l80" custom="readingOrder {index:79;}">
                <Coords points="2509,3057 3201,3071 3201,3023 2510,3016"/>
                <Baseline points="2514,3043 2548,3046 2582,3048 2616,3049 2650,3050 2684,3052 2718,3053 2753,3053 2787,3054 2821,3054 2855,3054 2889,3054 2923,3054 2957,3054 2992,3054 3026,3054 3060,3053 3094,3053 3128,3053 3162,3053 3197,3053"/>
                <TextEquiv>
                    <Unicode>the art of Portuguese fishermen liv¬</Unicode>
                </TextEquiv>
            </TextLine>
            <TextLine id="r3l81" custom="readingOrder {index:80;}">
                <Coords points="2498,3079 2558,3100 2591,3082 2619,3100 3063,3107 3181,3104 3202,3071 2498,3049"/>
                <Baseline points="2503,3084 2537,3085 2572,3087 2606,3088 2641,3089 2676,3089 2710,3090 2745,3090 2780,3090 2814,3090 2849,3090 2884,3090 2918,3090 2953,3090 2988,3091 3022,3091 3057,3091 3092,3091 3126,3092 3161,3092 3196,3093"/>
                <TextEquiv>
                    <Unicode>ing in their honest Latin gayety is</Unicode>
                </TextEquiv>
            </TextLine>
            <TextLine id="r3l82" custom="readingOrder {index:81;}">
                <Coords points="2502,3130 3180,3140 3207,3095 2502,3095"/>
                <Baseline points="2507,3122 2541,3122 2576,3123 2611,3124 2645,3124 2680,3125 2715,3125 2749,3126 2784,3126 2819,3127 2854,3127 2888,3128 2923,3128 2958,3128 2992,3128 3027,3129 3062,3129 3096,3129 3131,3129 3166,3129 3201,3129"/>
                <TextEquiv>
                    <Unicode>more true to life than is the hectic</Unicode>
                </TextEquiv>
            </TextLine>
            <TextLine id="r3l83" custom="readingOrder {index:82;}">
                <Coords points="2499,3155 3104,3182 3207,3166 3208,3122 3083,3147 2499,3129"/>
                <Baseline points="2504,3159 2538,3160 2573,3161 2608,3162 2643,3163 2678,3164 2713,3164 2748,3165 2783,3165 2818,3166 2853,3166 2887,3166 2922,3166 2957,3166 2992,3167 3027,3167 3062,3167 3097,3168 3132,3168 3167,3169 3202,3169"/>
                <TextEquiv>
                    <Unicode>artificiality of summer visitors. With</Unicode>
                </TextEquiv>
            </TextLine>
            <TextLine id="r3l84" custom="readingOrder {index:83;}">
                <Coords points="2498,3211 3153,3219 3208,3203 3208,3169 2498,3171"/>
                <Baseline points="2503,3199 2538,3199 2573,3199 2608,3200 2643,3200 2678,3200 2713,3201 2748,3201 2783,3201 2818,3201 2853,3202 2888,3202 2923,3202 2958,3202 2993,3202 3028,3202 3063,3202 3098,3202 3133,3202 3168,3203 3203,3203"/>
                <TextEquiv>
                    <Unicode>his deep interest in the psychopathic</Unicode>
                </TextEquiv>
            </TextLine>
            <TextLine id="r3l85" custom="readingOrder {index:84;}">
                <Coords points="2504,3233 3129,3244 3199,3263 3199,3216 2505,3215"/>
                <Baseline points="2509,3235 2543,3235 2577,3236 2611,3237 2646,3238 2680,3238 2714,3239 2748,3239 2783,3240 2817,3240 2851,3241 2885,3241 2920,3241 2954,3241 2988,3242 3022,3242 3057,3242 3091,3242 3125,3242 3159,3242 3194,3242"/>
                <TextEquiv>
                    <Unicode>and his uncanny ability to worm</Unicode>
                </TextEquiv>
            </TextLine>
            <TextLine id="r3l86" custom="readingOrder {index:85;}">
                <Coords points="2499,3268 2590,3288 3200,3282 3200,3257 3067,3242 2499,3244"/>
                <Baseline points="2504,3271 2538,3272 2573,3273 2607,3274 2642,3275 2676,3276 2711,3276 2745,3277 2780,3277 2814,3277 2849,3278 2884,3278 2918,3278 2953,3278 2987,3277 3022,3277 3056,3277 3091,3277 3125,3276 3160,3276 3195,3276"/>
                <TextEquiv>
                    <Unicode>confession and confidence from those</Unicode>
                </TextEquiv>
            </TextLine>
            <TextLine id="r3l87" custom="readingOrder {index:86;}">
                <Coords points="2504,3306 3162,3331 3193,3317 3194,3290 2504,3280"/>
                <Baseline points="2509,3309 2544,3310 2580,3311 2616,3312 2651,3313 2687,3313 2723,3314 2759,3314 2794,3315 2830,3315 2866,3315 2902,3315 2937,3315 2973,3315 3009,3315 3045,3315 3080,3315 3116,3315 3152,3315 3188,3315"/>
                <TextEquiv>
                    <Unicode>whom he intends, to use as fictional</Unicode>
                </TextEquiv>
            </TextLine>
            <TextLine id="r3l88" custom="readingOrder {index:87;}">
                <Coords points="2504,3342 2894,3367 3192,3355 3192,3335 3125,3322 2504,3322"/>
                <Baseline points="2509,3346 2542,3347 2576,3348 2610,3349 2644,3350 2678,3350 2712,3351 2746,3352 2780,3353 2814,3353 2848,3353 2881,3354 2915,3354 2949,3354 2983,3354 3017,3354 3051,3353 3085,3353 3119,3352 3153,3351 3187,3350"/>
                <TextEquiv>
                    <Unicode>characters, Kemp reveals rich psy¬</Unicode>
                </TextEquiv>
            </TextLine>
            <TextLine id="r3l89" custom="readingOrder {index:88;}">
                <Coords points="2502,3378 2629,3399 3200,3393 3200,3365 3163,3361 2502,3356"/>
                <Baseline points="2507,3383 2541,3384 2575,3386 2610,3387 2644,3388 2679,3389 2713,3389 2747,3389 2782,3390 2816,3390 2851,3390 2885,3390 2919,3390 2954,3390 2988,3390 3023,3390 3057,3390 3091,3390 3126,3390 3160,3391 3195,3392"/>
                <TextEquiv>
                    <Unicode>chological truths, though at the cost</Unicode>
                </TextEquiv>
            </TextLine>
            <TextLine id="r3l90" custom="readingOrder {index:89;}">
                <Coords points="2506,3419 2586,3440 2764,3422 2859,3443 3185,3446 3196,3407 2506,3393"/>
                <Baseline points="2511,3420 2546,3420 2582,3421 2618,3422 2653,3423 2689,3423 2725,3424 2761,3425 2796,3425 2832,3426 2868,3426 2904,3427 2939,3427 2975,3428 3011,3428 3047,3429 3082,3429 3118,3429 3154,3430 3190,3430"/>
                <TextEquiv>
                    <Unicode>of sacrificing factual precision. With</Unicode>
                </TextEquiv>
            </TextLine>
            <TextLine id="r3l91" custom="readingOrder {index:90;}">
                <Coords points="2507,3451 2555,3472 2597,3456 2623,3473 3194,3467 3194,3442 3168,3438 2508,3431"/>
                <Baseline points="2512,3457 2545,3458 2579,3459 2613,3459 2647,3460 2681,3461 2714,3461 2748,3462 2782,3463 2816,3463 2850,3464 2883,3464 2917,3465 2951,3465 2985,3465 3018,3466 3052,3466 3086,3466 3120,3467 3154,3467 3188,3467"/>
                <TextEquiv>
                    <Unicode>his extraordinary insight he can</Unicode>
                </TextEquiv>
            </TextLine>
            <TextLine id="r3l92" custom="readingOrder {index:91;}">
                <Coords points="2504,3495 3197,3514 3187,3471 2505,3473"/>
                <Baseline points="2510,3495 2544,3496 2578,3497 2612,3498 2646,3498 2680,3499 2714,3500 2748,3500 2782,3500 2816,3500 2851,3501 2885,3501 2919,3501 2953,3501 2987,3501 3021,3501 3055,3501 3089,3501 3123,3501 3157,3501 3192,3501"/>
                <TextEquiv>
                    <Unicode>penetrate beneath surface intensity</Unicode>
                </TextEquiv>
            </TextLine>
            <TextLine id="r3l93" custom="readingOrder {index:92;}">
                <Coords points="2502,3525 2687,3549 2743,3536 2779,3557 2820,3537 3194,3540 3131,3508 2503,3495"/>
                <Baseline points="2507,3530 2541,3531 2575,3532 2609,3533 2643,3534 2677,3534 2711,3535 2745,3535 2779,3536 2813,3536 2848,3536 2882,3537 2916,3537 2950,3537 2984,3537 3018,3537 3052,3537 3086,3537 3120,3536 3154,3536 3189,3536"/>
                <TextEquiv>
                    <Unicode>to sce what lies beneath the eccen¬</Unicode>
                </TextEquiv>
            </TextLine>
            <TextLine id="r3l94" custom="readingOrder {index:93;}">
                <Coords points="2509,3568 2928,3591 3187,3576 3179,3542 2509,3539"/>
                <Baseline points="2514,3569 2547,3570 2580,3571 2614,3572 2647,3572 2681,3573 2714,3573 2747,3573 2781,3574 2814,3574 2848,3574 2881,3574 2914,3574 2948,3574 2981,3574 3015,3573 3048,3573 3081,3573 3115,3572 3148,3572 3182,3571"/>
                <TextEquiv>
                    <Unicode>tricities and extravagant behavior</Unicode>
                </TextEquiv>
            </TextLine>
            <TextLine id="r3l95" custom="readingOrder {index:94;}">
                <Coords points="2504,3604 2822,3626 3200,3617 3192,3579 2504,3580"/>
                <Baseline points="2509,3606 2543,3607 2577,3609 2611,3609 2646,3610 2680,3610 2714,3611 2749,3611 2783,3611 2817,3610 2852,3610 2886,3610 2920,3610 2954,3610 2989,3609 3023,3609 3057,3609 3092,3610 3126,3610 3160,3611 3195,3612"/>
                <TextEquiv>
                    <Unicode>of his unusual group of characters.</Unicode>
                </TextEquiv>
            </TextLine>
            <TextLine id="r3l96" custom="readingOrder {index:95;}">
                <Coords points="2503,3644 3195,3663 3195,3617 2503,3623"/>
                <Baseline points="2508,3645 2542,3645 2576,3646 2610,3646 2644,3647 2678,3647 2712,3647 2746,3647 2780,3647 2814,3647 2849,3647 2883,3647 2917,3647 2951,3647 2985,3647 3019,3647 3053,3647 3087,3648 3121,3648 3155,3649 3190,3649"/>
                <TextEquiv>
                    <Unicode>He understands both the skyward</Unicode>
                </TextEquiv>
            </TextLine>
            <TextLine id="r3l97" custom="readingOrder {index:96;}">
                <Coords points="2496,3678 2596,3701 2681,3681 2819,3700 3189,3694 3189,3665 3117,3653 2496,3659"/>
                <Baseline points="2501,3682 2535,3683 2569,3684 2603,3684 2637,3685 2671,3685 2705,3685 2740,3685 2774,3684 2808,3684 2842,3684 2876,3683 2910,3683 2944,3683 2979,3683 3013,3683 3047,3683 3081,3683 3115,3683 3149,3684 3184,3685"/>
                <TextEquiv>
                    <Unicode>idealism drawing artists upward and</Unicode>
                </TextEquiv>
            </TextLine>
            <TextLine id="r3l98" custom="readingOrder {index:97;}">
                <Coords points="2505,3722 2762,3720 2792,3737 2922,3730 2941,3711 2982,3736 3113,3738 3174,3731 3191,3693 2505,3696"/>
                <Baseline points="2510,3719 2543,3720 2577,3721 2611,3722 2645,3723 2679,3723 2712,3723 2746,3723 2780,3723 2814,3723 2848,3723 2881,3723 2915,3722 2949,3722 2983,3722 3016,3722 3050,3722 3084,3723 3118,3723 3152,3724 3186,3725"/>
                <TextEquiv>
                    <Unicode>the earthly passions which bind</Unicode>
                </TextEquiv>
            </TextLine>
            <TextLine id="r3l99" custom="readingOrder {index:98;}">
                <Coords points="2499,3760 3195,3768 3195,3737 3171,3729 2499,3733"/>
                <Baseline points="2504,3757 2538,3758 2572,3759 2606,3759 2641,3760 2675,3760 2709,3760 2744,3760 2778,3760 2812,3760 2847,3760 2881,3760 2915,3760 2949,3759 2984,3759 3018,3759 3052,3759 3087,3759 3121,3760 3155,3760 3190,3761"/>
                <TextEquiv>
                    <Unicode>them to the ground. His elemental</Unicode>
                </TextEquiv>
            </TextLine>
            <TextLine id="r3l100" custom="readingOrder {index:99;}">
                <Coords points="2499,3798 3187,3801 3171,3767 3129,3788 2913,3759 2875,3776 2499,3769"/>
                <Baseline points="2504,3792 2537,3793 2571,3795 2605,3796 2639,3796 2673,3797 2707,3797 2741,3797 2775,3797 2809,3796 2843,3796 2876,3796 2910,3796 2944,3795 2978,3795 3012,3795 3046,3795 3080,3796 3114,3797 3148,3798 3182,3799"/>
                <TextEquiv>
                    <Unicode>candor, his disdain of reticence, at</Unicode>
                </TextEquiv>
            </TextLine>
            <TextLine id="r3l101" custom="readingOrder {index:100;}">
                <Coords points="2502,3832 3145,3844 3185,3830 3185,3803 2502,3807"/>
                <Baseline points="2507,3831 2540,3831 2574,3831 2607,3831 2641,3831 2675,3832 2708,3832 2742,3833 2776,3833 2809,3834 2843,3834 2877,3834 2910,3835 2944,3835 2978,3835 3011,3834 3045,3834 3079,3833 3112,3832 3146,3831 3180,3829"/>
                <TextEquiv>
                    <Unicode>times bring to his writing the care¬</Unicode>
                </TextEquiv>
            </TextLine>
            <TextLine id="r3l102" custom="readingOrder {index:101;}">
                <Coords points="2502,3865 3163,3882 3197,3874 3197,3833 3081,3851 2502,3843"/>
                <Baseline points="2507,3867 2541,3867 2575,3867 2609,3867 2643,3868 2678,3868 2712,3869 2746,3869 2780,3870 2814,3870 2849,3870 2883,3870 2917,3871 2951,3871 2985,3871 3020,3871 3054,3870 3088,3870 3122,3869 3156,3869 3191,3868"/>
                <TextEquiv>
                    <Unicode>freo manner and enthusiasm with</Unicode>
                </TextEquiv>
            </TextLine>
            <TextLine id="r3l103" custom="readingOrder {index:102;}">
                <Coords points="2501,3893 2548,3913 2843,3922 3195,3909 3123,3876 2501,3870"/>
                <Baseline points="2506,3905 2540,3904 2574,3904 2608,3904 2642,3904 2677,3904 2711,3904 2745,3904 2779,3904 2813,3904 2848,3905 2882,3905 2916,3905 2950,3906 2984,3906 3019,3906 3053,3906 3087,3907 3121,3907 3155,3907 3190,3908"/>
                <TextEquiv>
                    <Unicode>which Kemp seasons his own living.</Unicode>
                </TextEquiv>
            </TextLine>
            <TextLine id="r3l104" custom="readingOrder {index:103;}">
                <Coords points="2540,3946 3148,3959 3179,3947 3179,3920 2609,3908 2540,3934"/>
                <Baseline points="2545,3941 2576,3941 2607,3941 2639,3941 2670,3941 2702,3941 2733,3941 2765,3942 2796,3943 2828,3943 2859,3944 2890,3944 2922,3945 2953,3945 2985,3945 3016,3945 3048,3945 3079,3945 3111,3945 3142,3944 3174,3943"/>
                <TextEquiv>
                    <Unicode>All of which makes for an en¬</Unicode>
                </TextEquiv>
            </TextLine>
            <TextLine id="r3l105" custom="readingOrder {index:104;}">
                <Coords points="2497,3980 3181,3991 3164,3948 2497,3949"/>
                <Baseline points="2502,3977 2535,3978 2569,3979 2603,3980 2636,3980 2670,3981 2704,3981 2737,3981 2771,3981 2805,3982 2839,3982 2872,3982 2906,3982 2940,3982 2973,3981 3007,3981 3041,3981 3074,3981 3108,3980 3142,3980 3176,3980"/>
                <TextEquiv>
                    <Unicode>thralling novel, but not a great one,</Unicode>
                </TextEquiv>
            </TextLine>
            <TextLine id="r3l106" custom="readingOrder {index:105;}">
                <Coords points="2507,4024 3180,4036 3197,3983 2507,3993"/>
                <Baseline points="2512,4014 2546,4015 2580,4015 2614,4015 2648,4016 2682,4016 2716,4016 2750,4016 2784,4016 2818,4016 2852,4016 2886,4015 2920,4015 2954,4015 2988,4015 3022,4015 3056,4016 3090,4016 3124,4016 3158,4017 3192,4018"/>
                <TextEquiv>
                    <Unicode>and not a novel that most readers</Unicode>
                </TextEquiv>
            </TextLine>
            <TextLine id="r3l107" custom="readingOrder {index:106;}">
                <Coords points="2499,4049 3186,4069 3186,4036 3139,4025 2606,4020 2499,4039"/>
                <Baseline points="2504,4049 2537,4051 2571,4052 2605,4052 2639,4053 2673,4053 2707,4052 2740,4052 2774,4051 2808,4050 2842,4050 2876,4049 2910,4049 2944,4048 2977,4048 3011,4049 3045,4049 3079,4051 3113,4053 3147,4055 3181,4058"/>
                <TextEquiv>
                    <Unicode>will find charming. For Kemp, in</Unicode>
                </TextEquiv>
            </TextLine>
            <TextLine id="r3l108" custom="readingOrder {index:107;}">
                <Coords points="2503,4101 3187,4100 3187,4067 3122,4062 2503,4063"/>
                <Baseline points="2508,4089 2541,4089 2575,4089 2609,4089 2642,4089 2676,4090 2710,4090 2743,4090 2777,4091 2811,4091 2845,4092 2878,4092 2912,4092 2946,4092 2979,4092 3013,4092 3047,4091 3080,4091 3114,4090 3148,4089 3182,4088"/>
                <TextEquiv>
                    <Unicode>his impassioned love for truth, some¬</Unicode>
                </TextEquiv>
            </TextLine>
            <TextEquiv>
                <Unicode>work today.
One of the very few infallible ways
of breaking into print is to mect a
writer with a zest for “telling all“
One like Harry Kemp, for example,
who. in Love Among the Cape
Enders,“ from Macaulay, tells the
story of the Provincetown in much
more breath-taking episodic fashion
than Stella Hanau and Helen
Deutsch dare to employ in their
more formal and more believable
history.
Kemp's novel has the added at¬
traction of bing a guessing game
as well, for. in telling the weak¬
nesses of arty people, he carefully
covers up their names. But not too
deeply, let me add in haste, for easy
recovery in case you like the ghoulish
flavor to your reading. Bill Travers,
America’s greatest dramatist, is not
completely hidden, nor Jim. Dale,
the founder of the Provincetown.
With the Hanau-Deutsch book in one
hand and Love Among the Cape
Enders“ in the other, you ought to
have gossip enough to establish
yourself as one of the most brightly
up-to-date of all the guests.
Confession and guesswork are not,
however, the sole claims of Kemp’s
semihistorical, semifictional novel
for your consideration. There's a
spicy atmosphere, a none-too-faint
scent of musk and amber in its
pages. and Kemp has no desire for
vou to miss the flavor. Stephen
Groton's world—Groton is the poet
who has many of the attributes of
1
Harry Kemp—is terribly “sexed-up.“
says Mr. Kemp, and says it with
three black exclamation points so
you'll not glide harmlessly by with¬
out having sensed the implications. 1
"Under cover of art, literature, busi¬1
ness, society, religion, everybody was 1
continually all sexed-up!!!“ he tells 
his readers so that Provincetonn!
and old Greenwich Viilage may be
seen in their true colors. Of course,
he's not writing of Provincetonn 1
nor of the Village in this novel; he's
writing of Cape-End, but Cape-End
is so similar to Provincetown and
the people who summer on Cape:
Cod are so identical with those who
used to live on MacDougall street!!
that confusion is unavoidable.
It's a pity, too, that Kemp’s auto¬
biological yearnings need intrude
into his novel, for the search for
identifying originals interferes unduly
with the appreciation of the really
first- lass writing in his book.
Kemps sensitive appreciation leads
him to write superb descriptive pas¬
sages upon the colors, outlines, forms
and contrasts in sea and sand
dunes, to offer delightful comment
upon the true salt Cape Cod“born¬
ers“ and to reveal the sharp con¬
trasts in psychology between the
yearning artists of the Cape and the
supposedly more phlegmatic, more
elemental fisherfolk to whom art
might seem an exotic, alien growth.
Kemp’s belief, of course, is that
the art of Portuguese fishermen liv¬
ing in their honest Latin gayety is
more true to life than is the hectic
artificiality of summer visitors. With
his deep interest in the psychopathic
and his uncanny ability to worm
confession and confidence from those
whom he intends, to use as fictional
characters, Kemp reveals rich psy¬
chological truths, though at the cost
of sacrificing factual precision. With
his extraordinary insight he can
penetrate beneath surface intensity
to sce what lies beneath the eccen¬
tricities and extravagant behavior
of his unusual group of characters.
He understands both the skyward
idealism drawing artists upward and
the earthly passions which bind
them to the ground. His elemental
candor, his disdain of reticence, at
times bring to his writing the care¬
freo manner and enthusiasm with
which Kemp seasons his own living.
All of which makes for an en¬
thralling novel, but not a great one,
and not a novel that most readers
will find charming. For Kemp, in
his impassioned love for truth, some¬</Unicode>
            </TextEquiv>
        </TextRegion>
    </Page>
</PcGts>
