3436 4224
376 85 459 140 nd
501 85 846 138 waps ne anliel
350 129 856 186 Proust and James Joyce.
393 181 1047 253 What is now called the “stream of
359 228 1031 287 consciousness, as employed by
359 262 1040 315 hoth Proust and Joyce, was used
352 301 1048 354 many years ago by Schnitzler and
353 346 1044 385 Edouard Dujardin, the early Paris
359 376 1043 423 friend of George Moore. It is wort“
351 398 1035 458 nothing. however, that, as Schnitzler
354 453 1015 496 uses it in None But the Brave,“
359 484 1038 533 is about a thousand times mo é
350 516 1028 562 vital and significant than in Duja.¬
357 564 1034 607 din's Les Lauriers sont coupes.“
351 588 1039 641 It is far more than just fine-spun
357 635 1041 678 thoory, I think, to say that all of
352 666 1036 706 Schnitzler’s work is autobiographical
356 704 1032 739 in the decpest sense—in the sense
355 737 1045 788 perhaps in which Flaubert referred
347 773 1033 821 to Emma Bovary as a portrait of
346 806 1044 853 himself. The inner life of Schnitz¬
347 846 1041 890 ler’s characters, no matter how com¬
359 880 1036 929 monplace on the outside, is but a
350 909 1033 962 parallel chronicle of the author’s
357 952 1030 996 kaleidoscopic consciousness. That,
350 981 1038 1034 in a word, is why the Viennese
356 1018 1034 1071 novelist and dramatist seems so
354 1056 1040 1119 peculiarly a child of the age of
348 1093 516 1145 Freud.
415 1110 1026 1178 Flight Into Darkness“ as obvi¬
350 1153 1045 1215 ously written many years ago and,
360 1206 1032 1248 while it contains, ample evidence
343 1239 1046 1286 of the author’s remarkable gifts, can
350 1279 1034 1325 not be numbered among his best
348 1306 1042 1356 books. It is the wayward story of a
355 1344 1045 1399 man suffering from persccution
347 1388 1041 1428 mania. Robert, the central figure, a
352 1419 1030 1474 clerk in the ministry of education.
343 1454 1031 1506 feels himself going mad. He accuses
345 1496 1034 1541 himself of the death of his wife, a
352 1528 1043 1579 frail, elinging creature who died of
351 1564 1039 1626 a sudden heart attack; of his mis¬
353 1603 1027 1653 tress who had eloped with an Amer¬
347 1638 1037 1688 ican; of a number of his friends and
351 1684 1041 1727 acquaintances and, finally, of his
346 1715 1037 1767 brother, physician. In the end he
351 1749 1039 1804 actually does kill his brother. This
344 1789 1045 1835 conclusion, though a bit violent, is
345 1817 1029 1872 determined by a curious metaphys¬
344 1860 1029 1915 ical concept; namely, that premo¬
347 1896 1041 1948 ritions have the power to fulfill
353 1930 1037 1986 themselves; that thought sequences
339 1966 1030 2010 are endless and flower in the world
345 2008 1029 2053 of physical events; and, finally, that
352 2051 1025 2091 death does not exist since every
347 2070 1021 2122 limit to a chain of thought must
341 2117 1047 2178 have yet another limit, and so on ad
345 2150 596 2217 infinitum.
376 2202 1032 2273 Flight into Darkness“ is written
351 2261 1035 2312 with all of Schnitzler’s skill and
353 2296 1032 2354 inimitable charm. If the vehement
346 2339 1031 2381 ending shocks us, it is because we
339 2375 1038 2426 feel its incongruity with the gentle
346 2406 1038 2462 autumnal narrative niood that leads
441 2446 1028 2502 to it. Evidently Schnitzler
354 2457 444 2500 up
349 2487 1031 2537 sensed that his small novel would
345 2525 1029 2580 have no reason for being if the
344 2563 1040 2613 metaphysical framework were not
342 2594 1040 2658 present. So he put it there, a little
349 2634 1028 2691 forcibly; but it enabled him mean¬
344 2675 1032 2733 while to dally; as in his other
349 2700 1040 2764 novels and plays, with the trio of
337 2750 1036 2807 fate, death and love, and their awe¬
336 2786 1043 2841 inspiring closeness in the normal
340 2830 1042 2878 current of our lives. In the author’s
345 2872 1029 2915 own life these forces blended, as 1
334 2899 1036 2954 had occasion to observe when I last
341 2943 1042 2991 saw Arthur Schnitzler some years
345 2988 1036 3032 age: He brooded deeply on his
338 3009 1031 3069 separation from his wise. He
340 3038 1044 3103 mourned the loss of a beloved
340 3086 1031 3129 daughter who had just taken her
339 3127 1035 3181 own life in Italy. And as he gazed
344 3165 1030 3221 at a small porcelain statue of
336 3201 1047 3251 Goethe in schlafrock on his tall
351 3237 1028 3285 work-table, he regretted the steal¬
350 3278 1041 3335 ing up of age—perhaps of death
338 3311 1041 3363 itself— with only a tithe done of
353 3358 1030 3411 what he felt clamoring for expres¬
350 3394 817 3454 sion in his own breast.
396 3410 1023 3481 When his life is scen at last in
352 3468 1025 3511 true retrospect, I believe his work
347 3503 1031 3550 will be recognized as the fruit of
345 3541 1030 3598 an important movement in the Eu¬
353 3576 1034 3631 ropean consciousness. He is, beyond
348 3614 1032 3672 deubt, one of the great moderns:
353 3648 1029 3704 and with his going a little more of
350 3695 1044 3742 the transitional dusk settles down
356 3721 901 3788 on the world of lesser men.
1593 158 1848 228 lucht
2029 161 2093 230 d
2209 162 2686 231 Finsternis
1348 185 2692 255 36 MiS
1171 543 1317 611 or1d
1140 596 1449 681 Tuisa Ck1
1307 653 1615 730 Noy 9-31
1167 738 1675 860 Schnitzler
1153 859 1706 976 Novel Out
1284 975 1714 1057 By. WARE, TORREF
1155 1031 1848 1104 IN STRIKING commemoration, a
2505 1031 2644 1106 News
1192 1086 1849 1139 — week or so after the death of Ar¬
2488 1097 2825 1174 Enid Ckla
1168 1115 1850 1180 thur Schnitzler, Austrian novelist
1159 1163 1851 1205 and dramatist, ccmes the publica¬
2653 1151 2956 1248 Nov 3-31
1164 1200 1848 1251 tion of his last novel, Flight Into
1154 1222 1384 1269 Darkness.“
1195 1239 1843 1308 Schnitzler spreads bare before us
1171 1280 1844 1345 she later life and thoughts of a man
1160 1325 1707 1374 who is afraid of going mad.
1200 1350 1857 1401 The story begins when Robert
2903 1353 3000 1418 com-
1165 1391 1853 1427 senses the shadow of a mental dis¬
2316 1396 2383 1473 m
1155 1427 1856 1466 turbance. He notices that his left
1171 1456 1847 1499 eyelid droops lower than the right,
2326 1457 2373 1512 d
1167 1474 1848 1542 and fears that this is a symptom of
1163 1514 1478 1564 mental disease.
1208 1544 1844 1590 Through the complexities of self¬
1166 1575 1851 1622 doubt and slackening mental con¬
1159 1610 1852 1666 trol, and through a labyrinth of in¬
1172 1649 1850 1705 trospection, Schnitzler traces Rob¬
1163 1675 1655 1723 ert’s gradual breakdown.
1193 1711 1852 1756 Early in life, after brooding over
1156 1746 1850 1791 a friend’s insanity, Robert had giv¬
1159 1771 1850 1819 en his brother Otto a document au¬
1162 1804 1851 1854 thorizing Otto, a physician, to kill
1168 1835 1848 1899 him painlessly, should he show signs
1171 1872 1429 1920 of madness.
1206 1888 1849 1953 When the terror actually begins
1164 1907 1839 1979 to close around him, Robert develops
1159 1969 1845 2031 a dread that Otto will carry out this
1162 1997 1344 2051 request.
1197 2021 1843 2080 Robert becomes more abnormal, in
1166 2071 1846 2120 action and reasoning. Realizing this,
1166 2100 1841 2149 and no longer wishing to die if he
1176 2131 1840 2179 becomes insanc, Robert’s fear that
1169 2164 1842 2231 Otto will kill him grows into a per¬
1168 2191 1477 2238 secution-mania.
1202 2216 1836 2276 The dark and fantastic powers of
1168 2259 1844 2309 this mania press him to despera¬
1173 2291 1841 2341 tion, and carrv him on to a climax
1169 2320 1851 2380 that is superb in its inevitability.
1210 2356 1850 2410 Flight Into Darkness“ is a mas¬
1169 2388 1846 2437 terful psychological study. Schnitz¬
1156 2403 1844 2475 ler’s clear, simple stvle and his nat¬
1176 2458 1840 2498 uralness of approach also create a
1164 2491 1840 2543 story that grips attention. Though a
1162 2512 1828 2589 short novel, the book is dramatical¬
1159 2547 1385 2596 ly intense.
1186 2575 1846 2637 In its penetration into a man's
1167 2619 1844 2668 character and mind, its clear pres¬
1169 2643 1847 2704 entation of a subtle and involved
1161 2678 1839 2731 situation and its highly sustained in¬
1152 2706 1844 2765 terest," Flight Into Darkness“ stands
1162 2743 1846 2809 as a worthy final mark of Schnitz¬
1157 2775 1376 2822 ler’s fame.
1230 3102 1386 3173 Star
1219 3168 1734 3256 vashington bel
2341 3193 2449 3243 a sto
2338 3233 2426 3285 ast
1434 3224 1762 3316 Nov 8-31
2336 3266 2577 3339 ally intense.
1229 3301 1875 3377 Manhattan Side-Show', by Kon¬
2342 3330 2518 3398 FINIS
1189 3359 1895 3416 rad Bercovici (Century), is filled
2373 3369 3029 3438 In its penetration into a man's
1206 3398 1897 3445 with great names but it is mediocre
2339 3408 3021 3468 character and mind, its clear pre¬
1202 3433 1901 3491 alongside some of the author’s other
2342 3463 3029 3517 sentation of a subtle and involved
1199 3481 1349 3531 work.
2353 3502 3014 3560 situation and its highly sustalned
1248 3486 1901 3558 Sins of America—As Exposed by
2354 3542 3028 3603 interest, Flight Into Darkness.“
1202 3544 1891 3596 the Police Gazette,? by Edward Van
1195 3583 1885 3641 Every (Stokes), is a companion vol¬
2352 3583 3032 3646 stands as a worthy final mark of
1204 3629 1902 3678 ume to“Sins of New Vork.? Thomas
2354 3631 2708 3695 Schnitzer’s fame.
1196 3666 1721 3721 Beer does the introduction.
1248 3683 1901 3747 New York reviewers are cheering
2378 3696 3011 3762 — . M. „ . —
1204 3730 1895 3790 Instily for Clemence Dane’s“ Broome
1199 3771 1360 3826 Stage.)
1248 3803 1896 3857 Simon & Schuster have just
1202 3836 1908 3906 brought out Arthur Schnitzler’s last
1202 3879 1893 3929 short novel, Flight Into Darkness.“
1233 3907 1908 3972 Robert Ripley’s sccond“Believe lt
1214 3965 1912 4022 or Not'’ book is not as interesting as
1205 3998 1397 4070 the first.
2900 165 3242 252 box 6/3
