<?xml version="1.0" encoding="UTF-8" standalone="yes"?>
<PcGts xmlns="http://schema.primaresearch.org/PAGE/gts/pagecontent/2013-07-15" xmlns:xsi="http://www.w3.org/2001/XMLSchema-instance" xsi:schemaLocation="http://schema.primaresearch.org/PAGE/gts/pagecontent/2013-07-15 http://schema.primaresearch.org/PAGE/gts/pagecontent/2013-07-15/pagecontent.xsd">
    <Metadata>
        <Creator>prov=University of Rostock/Institute of Mathematics/CITlab/Gundram Leifert/gundram.leifert@uni-rostock.de:name=ONB_Newseye_GT_M1+(htr_id=10810)::::v=2.4.2
prov=University of Rostock/Institute of Mathematics/CITlab/Tobias Gruening/tobias.gruening@uni-rostock.de:name=de.uros.citlab.module.baseline2polygon.B2PSeamMultiOriented:v=2.4.2
prov=University of Rostock/Institute of Mathematics/CITlab/Tobias Gruening/tobias.gruening@uni-rostock.de:name=/mnt/transkribus/LA/DEA/URO/LA_news_onb_att.pb:de.uros.citlab.segmentation.CITlab_LA_ML:v=2.4.2
Transkribus</Creator>
        <Created>2019-10-07T11:31:51.440+02:00</Created>
        <LastChange>2019-10-08T11:08:00.540+02:00</LastChange>
        <TranskribusMetadata docId="223972" pageId="9499171" pageNr="36" tsid="16535742" status="IN_PROGRESS" userId="40391" imgUrl="https://files.transkribus.eu/Get?id=PDMHWEMSTBBUQMVGQVSXBGIN&amp;fileType=view" xmlUrl="https://files.transkribus.eu/Get?id=MEBIOCGWRIIPBAUTAQFGKZKR" imageId="6189393"/>
    </Metadata>
    <Page imageFilename="223972_0036.jpeg" imageWidth="3436" imageHeight="4320">
        <ReadingOrder>
            <OrderedGroup id="ro_1711450324303" caption="Regions reading order">
                <RegionRefIndexed index="0" regionRef="r1"/>
                <RegionRefIndexed index="1" regionRef="r2"/>
            </OrderedGroup>
        </ReadingOrder>
        <TextRegion orientation="0.0" id="r1" custom="readingOrder {index:0;}">
            <Coords points="242,230 242,3862 1543,3862 1543,230"/>
            <TextLine id="r1l1" custom="readingOrder {index:0;}">
                <Coords points="234,258 544,302 1538,309 1540,259 1469,227 237,199"/>
                <Baseline points="242,250 306,256 370,262 435,267 499,272 564,276 628,280 692,285 757,287 821,291 886,294 950,296 1014,298 1079,300 1143,302 1208,303 1272,304 1336,305 1401,306 1465,306 1530,306"/>
                <TextEquiv>
                    <Unicode>17.3. Zun Krossen Würstel</Unicode>
                </TextEquiv>
            </TextLine>
            <TextLine id="r1l2" custom="readingOrder {index:1;}">
                <Coords points="1088,797 1436,807 1467,789 1467,750 1438,757 1400,727 1325,736 1304,751 1216,730 1187,745 1153,731 1089,742"/>
                <Baseline points="1096,775 1121,775 1147,775 1173,776 1199,776 1225,776 1251,776 1277,777 1303,777 1329,777 1355,777 1381,778 1407,778 1433,778 1459,778"/>
                <TextEquiv>
                    <Unicode>Telephon 12801.</Unicode>
                </TextEquiv>
            </TextLine>
            <TextLine id="r1l3" custom="readingOrder {index:2;}">
                <Coords points="1235,887 1252,887 1260,894 1266,887 1271,890 1286,877 1310,873 1304,810 1291,808 1283,814 1278,811 1272,818 1257,812 1243,828 1230,831"/>
                <Baseline points="1242,875 1272,867 1302,869"/>
                <TextEquiv>
                    <Unicode>9</Unicode>
                </TextEquiv>
            </TextLine>
            <TextLine id="r1l4" custom="readingOrder {index:3;}">
                <Coords points="545,934 588,953 638,932 964,941 1010,918 1223,937 1255,930 1255,883 1197,861 1146,897 1060,903 962,865 754,900 636,863 545,918"/>
                <Baseline points="552,942 586,936 621,931 656,928 691,925 725,923 760,921 795,921 830,921 864,921 899,922 934,923 969,924 1003,925 1038,926 1073,927 1108,928 1142,928 1177,929 1212,928 1247,927"/>
                <TextEquiv>
                    <Unicode>„ODSEHVER</Unicode>
                </TextEquiv>
            </TextLine>
            <TextLine id="r1l5" custom="readingOrder {index:4;}">
                <Coords points="385,1005 1470,991 1468,916 1438,914 1308,948 384,950"/>
                <Baseline points="393,991 446,988 499,987 553,985 606,984 660,983 713,982 766,982 820,981 873,981 927,981 980,981 1033,980 1087,980 1140,979 1194,978 1247,977 1300,976 1354,974 1407,971 1461,968"/>
                <TextEquiv>
                    <Unicode>I. österr. behördl. konz. Unternehmen für Zeitungs-Aussohnitte</Unicode>
                </TextEquiv>
            </TextLine>
            <TextLine id="r1l6" custom="readingOrder {index:5;}">
                <Coords points="574,1054 745,1073 835,1041 950,1066 1238,1039 1289,1064 1307,1002 573,1004"/>
                <Baseline points="582,1048 617,1048 653,1047 689,1047 725,1047 761,1046 797,1046 832,1046 868,1046 904,1046 940,1045 976,1045 1012,1044 1048,1044 1083,1044 1119,1043 1155,1042 1191,1042 1227,1041 1263,1040 1299,1039"/>
                <TextEquiv>
                    <Unicode>Wien, I., Concordiaplatz 4.</Unicode>
                </TextEquiv>
            </TextLine>
            <TextLine id="r1l7" custom="readingOrder {index:6;}">
                <Coords points="776,1113 798,1101 858,1118 909,1101 1006,1116 1093,1104 1092,1071 1038,1066 1002,1073 980,1062 960,1072 936,1061 912,1074 880,1058 862,1071 818,1062 775,1079"/>
                <Baseline points="784,1102 809,1101 834,1101 859,1100 884,1100 909,1099 934,1099 959,1099 984,1098 1009,1098 1034,1098 1059,1098 1084,1098"/>
                <TextEquiv>
                    <Unicode>Vertretungen</Unicode>
                </TextEquiv>
            </TextLine>
            <TextLine id="r1l8" custom="readingOrder {index:7;}">
                <Coords points="385,1162 1471,1145 1470,1113 1241,1091 384,1135"/>
                <Baseline points="393,1155 446,1155 500,1155 553,1154 607,1154 660,1153 714,1152 767,1150 821,1149 874,1148 928,1147 981,1145 1035,1144 1088,1143 1142,1141 1195,1140 1249,1139 1302,1138 1356,1138 1409,1137 1463,1137"/>
                <TextEquiv>
                    <Unicode>in Berlin, Budapest, Chicago, Christiania, Genf, Kopenhagen,</Unicode>
                </TextEquiv>
            </TextLine>
            <TextLine id="r1l9" custom="readingOrder {index:8;}">
                <Coords points="383,1196 1482,1197 1481,1150 1376,1144 382,1173"/>
                <Baseline points="391,1192 445,1193 499,1193 553,1193 607,1192 661,1191 715,1190 769,1189 823,1188 877,1187 932,1185 986,1184 1040,1183 1094,1182 1148,1181 1202,1180 1256,1179 1310,1179 1364,1179 1418,1179 1473,1179"/>
                <TextEquiv>
                    <Unicode>London, Madrid, Mailand, Minneapolis, New-York, Paris, Rom,</Unicode>
                </TextEquiv>
            </TextLine>
            <TextLine id="r1l10" custom="readingOrder {index:9;}">
                <Coords points="555,1233 1272,1242 1327,1219 1327,1194 555,1199"/>
                <Baseline points="564,1226 601,1226 639,1227 677,1227 715,1226 752,1226 790,1226 828,1225 866,1224 903,1224 941,1223 979,1222 1017,1221 1054,1221 1092,1220 1130,1220 1168,1220 1205,1220 1243,1220 1281,1221 1319,1221"/>
                <TextEquiv>
                    <Unicode>San Francisco, Stockholm, St. Petersburg.</Unicode>
                </TextEquiv>
            </TextLine>
            <TextLine id="r1l11" custom="readingOrder {index:10;}">
                <Coords points="741,1267 795,1290 849,1270 956,1278 1065,1264 1093,1277 1145,1260 1145,1243 1113,1228 858,1242 795,1242 776,1229 741,1245"/>
                <Baseline points="749,1263 774,1263 800,1263 826,1262 852,1261 878,1260 904,1260 930,1259 955,1258 981,1258 1007,1257 1033,1257 1059,1257 1085,1257 1111,1257 1137,1258"/>
                <TextEquiv>
                    <Unicode>(Quellenangabe ohne Gewühr.)</Unicode>
                </TextEquiv>
            </TextLine>
            <TextLine id="r1l12" custom="readingOrder {index:11;}">
                <Coords points="389,1351 473,1357 489,1373 618,1351 657,1370 684,1350 781,1358 819,1347 819,1326 775,1303 707,1317 584,1289 491,1320 439,1302 389,1332"/>
                <Baseline points="397,1350 422,1350 448,1350 474,1350 500,1349 526,1349 552,1349 578,1347 604,1347 629,1346 655,1345 681,1345 707,1344 733,1344 759,1344 785,1344 811,1344"/>
                <TextEquiv>
                    <Unicode>Ausschnitt aus:</Unicode>
                </TextEquiv>
            </TextLine>
            <TextLine id="r1l13" custom="readingOrder {index:12;}">
                <Coords points="560,1421 642,1408 689,1417 724,1404 776,1415 799,1407 812,1417 845,1394 845,1336 781,1359 742,1351 723,1367 686,1351 658,1369 636,1352 560,1357"/>
                <Baseline points="568,1394 595,1397 622,1398 649,1400 676,1400 703,1400 730,1399 757,1398 784,1397 811,1396 838,1394"/>
                <TextEquiv>
                    <Unicode>19. 3. 1906</Unicode>
                </TextEquiv>
            </TextLine>
            <TextLine id="r1l14" custom="readingOrder {index:13;}">
                <Coords points="956,1452 1072,1462 1161,1429 1244,1420 1277,1438 1325,1405 1368,1421 1392,1404 1554,1406 1545,1326 1529,1323 1393,1337 1261,1383 1146,1364 949,1391"/>
                <Baseline points="964,1446 994,1444 1024,1440 1055,1438 1085,1434 1116,1432 1146,1428 1177,1424 1207,1421 1238,1417 1268,1413 1299,1410 1329,1406 1360,1402 1390,1399 1421,1397 1451,1393 1482,1391 1512,1389 1543,1387"/>
                <TextEquiv>
                    <Unicode>nifurter Zoitung</Unicode>
                </TextEquiv>
            </TextLine>
            <TextLine id="r1l15" custom="readingOrder {index:14;}">
                <Coords points="392,1453 415,1459 428,1452 436,1459 457,1454 553,1456 554,1411 538,1417 474,1405 445,1414 430,1406 419,1407 409,1417 393,1418"/>
                <Baseline points="400,1455 429,1452 458,1450 487,1451 516,1454 546,1457"/>
                <TextEquiv>
                    <Unicode>vom:</Unicode>
                </TextEquiv>
            </TextLine>
            <TextLine id="r1l16" custom="readingOrder {index:15;}">
                <Coords points="853,1488 860,1488 865,1482 872,1483 885,1481 880,1446 867,1446 866,1448 864,1448 855,1443 847,1444"/>
                <Baseline points="857,1462 874,1460"/>
                <TextEquiv>
                    <Unicode>1</Unicode>
                </TextEquiv>
            </TextLine>
            <TextLine id="r1l17" custom="readingOrder {index:16;}">
                <Coords points="1324,1472 1357,1474 1366,1468 1399,1477 1410,1468 1421,1478 1463,1469 1479,1477 1495,1476 1494,1439 1473,1428 1430,1444 1414,1439 1409,1443 1367,1426 1361,1431 1351,1421 1323,1427"/>
                <Baseline points="1333,1465 1358,1465 1384,1465 1410,1465 1435,1464 1461,1463 1487,1461"/>
                <TextEquiv>
                    <Unicode>5</Unicode>
                </TextEquiv>
            </TextLine>
            <TextLine id="r1l18" custom="readingOrder {index:17;}">
                <Coords points="747,1511 1302,1511 1338,1537 1384,1503 1516,1512 1516,1457 1281,1480 1194,1448 747,1488"/>
                <Baseline points="756,1504 793,1505 831,1505 868,1506 906,1506 944,1507 981,1507 1019,1507 1056,1508 1094,1508 1132,1508 1169,1508 1207,1509 1244,1509 1282,1508 1320,1508 1357,1508 1395,1508 1432,1507 1470,1507 1508,1506"/>
                <TextEquiv>
                    <Unicode>#e Lehle Prattisch anzuwenden, und dann</Unicode>
                </TextEquiv>
            </TextLine>
            <TextLine id="r1l19" custom="readingOrder {index:18;}">
                <Coords points="372,1565 612,1544 978,1565 1091,1542 1091,1508 865,1521 561,1488 372,1510"/>
                <Baseline points="381,1551 416,1549 451,1547 486,1547 521,1546 556,1545 591,1545 626,1545 661,1545 696,1545 732,1545 767,1545 802,1546 837,1546 872,1546 907,1546 942,1546 977,1545 1012,1545 1047,1544 1083,1543"/>
                <TextEquiv>
                    <Unicode>ging er hin und schuf die Zensur.“</Unicode>
                </TextEquiv>
            </TextLine>
            <TextLine id="r1l20" custom="readingOrder {index:19;}">
                <Coords points="491,1598 1528,1591 1365,1540 1225,1568 491,1564"/>
                <Baseline points="498,1595 549,1596 600,1596 651,1596 702,1597 753,1597 804,1597 855,1597 906,1597 957,1597 1009,1596 1060,1596 1111,1596 1162,1596 1213,1595 1264,1595 1315,1594 1366,1594 1417,1593 1468,1593 1520,1592"/>
                <TextEquiv>
                    <Unicode>[Wiener Theater.] Man schreibt uns aus Wien:</Unicode>
                </TextEquiv>
            </TextLine>
            <TextLine id="r1l21" custom="readingOrder {index:20;}">
                <Coords points="366,1640 1517,1632 1462,1595 366,1591"/>
                <Baseline points="375,1634 431,1635 488,1635 545,1635 601,1635 658,1636 715,1636 771,1636 828,1636 885,1635 942,1635 998,1635 1055,1635 1112,1635 1168,1635 1225,1634 1282,1634 1338,1634 1395,1634 1452,1634 1509,1634"/>
                <TextEquiv>
                    <Unicode>Eine Schüssel voll Delikatessen servierte das Lustspiel¬</Unicode>
                </TextEquiv>
            </TextLine>
            <TextLine id="r1l22" custom="readingOrder {index:21;}">
                <Coords points="370,1693 1515,1673 1399,1631 370,1633"/>
                <Baseline points="377,1674 433,1674 490,1674 546,1674 603,1674 659,1674 716,1674 772,1674 829,1674 885,1675 942,1675 998,1675 1055,1675 1111,1676 1168,1676 1224,1676 1281,1676 1337,1676 1394,1676 1450,1676 1507,1676"/>
                <TextEquiv>
                    <Unicode>Thräter an seinem dieswöchentlichen literarischen Abend:</Unicode>
                </TextEquiv>
            </TextLine>
            <TextLine id="r1l23" custom="readingOrder {index:22;}">
                <Coords points="379,1722 1511,1704 1350,1669 379,1683"/>
                <Baseline points="386,1713 441,1711 497,1710 553,1710 609,1710 665,1710 721,1710 777,1711 833,1712 889,1712 945,1713 1000,1714 1056,1714 1112,1715 1168,1715 1224,1714 1280,1714 1336,1713 1392,1711 1448,1710 1504,1707"/>
                <TextEquiv>
                    <Unicode>Lucians „Fahrt über den Styx“ in Paul Lin¬</Unicode>
                </TextEquiv>
            </TextLine>
            <TextLine id="r1l24" custom="readingOrder {index:23;}">
                <Coords points="370,1739 1501,1749 1478,1710 370,1725"/>
                <Baseline points="377,1750 432,1750 488,1749 544,1749 600,1749 655,1749 711,1749 767,1749 823,1750 878,1750 934,1751 990,1751 1046,1751 1101,1752 1157,1752 1213,1752 1269,1751 1324,1751 1380,1750 1436,1749 1492,1748"/>
                <TextEquiv>
                    <Unicode>daus Bearbeitung, die „Landstörzerin Courage“</Unicode>
                </TextEquiv>
            </TextLine>
            <TextLine id="r1l25" custom="readingOrder {index:24;}">
                <Coords points="369,1781 1508,1793 1508,1743 369,1754"/>
                <Baseline points="377,1787 433,1787 489,1787 545,1787 601,1787 657,1787 713,1787 769,1787 825,1788 881,1788 938,1788 994,1788 1050,1789 1106,1789 1162,1789 1218,1789 1274,1789 1330,1789 1386,1789 1442,1788 1499,1787"/>
                <TextEquiv>
                    <Unicode>des Grimmelshausen in einer Dramatisierung von</Unicode>
                </TextEquiv>
            </TextLine>
            <TextLine id="r1l26" custom="readingOrder {index:25;}">
                <Coords points="367,1844 1370,1843 1508,1809 367,1810"/>
                <Baseline points="375,1824 431,1825 487,1825 543,1826 600,1827 656,1827 712,1827 768,1827 825,1828 881,1828 937,1828 993,1828 1050,1827 1106,1827 1162,1826 1218,1826 1275,1825 1331,1824 1387,1823 1443,1822 1500,1820"/>
                <TextEquiv>
                    <Unicode>Erich Korn und endlich Arthur Schnitzlers Burleske</Unicode>
                </TextEquiv>
            </TextLine>
            <TextLine id="r1l27" custom="readingOrder {index:26;}">
                <Coords points="375,1878 1469,1873 1501,1820 1266,1850 375,1841"/>
                <Baseline points="383,1869 438,1867 494,1866 549,1865 605,1864 660,1864 716,1864 771,1864 827,1865 882,1865 938,1866 993,1866 1049,1866 1104,1867 1160,1867 1215,1867 1271,1866 1326,1866 1382,1865 1437,1863 1493,1861"/>
                <TextEquiv>
                    <Unicode>„Zum Froßen Wurstl“. Eine „Satire“, ein „Bild“,</Unicode>
                </TextEquiv>
            </TextLine>
            <TextLine id="r1l28" custom="readingOrder {index:27;}">
                <Coords points="364,1907 1500,1916 1487,1866 364,1889"/>
                <Baseline points="371,1908 427,1907 483,1905 539,1905 595,1904 651,1903 707,1903 763,1903 819,1903 875,1903 931,1904 987,1904 1043,1904 1099,1904 1155,1904 1211,1904 1267,1904 1323,1903 1379,1902 1435,1901 1492,1900"/>
                <TextEquiv>
                    <Unicode>eine „Burleske“; die Bezeichnungen sagen schon, daß keines</Unicode>
                </TextEquiv>
            </TextLine>
            <TextLine id="r1l29" custom="readingOrder {index:28;}">
                <Coords points="373,1945 1179,1961 1490,1946 1501,1912 373,1914"/>
                <Baseline points="381,1946 436,1945 492,1945 547,1944 603,1943 658,1943 714,1943 769,1943 825,1943 880,1943 936,1943 992,1943 1047,1943 1103,1943 1158,1943 1214,1943 1269,1942 1325,1942 1380,1941 1436,1940 1492,1938"/>
                <TextEquiv>
                    <Unicode>der Stücke als im Wesen dramatisch angesehen sein will.</Unicode>
                </TextEquiv>
            </TextLine>
            <TextLine id="r1l30" custom="readingOrder {index:29;}">
                <Coords points="367,1990 1506,2003 1506,1941 367,1962"/>
                <Baseline points="375,1984 431,1983 487,1982 543,1981 599,1981 656,1981 712,1981 768,1981 824,1981 880,1982 937,1982 993,1982 1049,1982 1105,1983 1161,1983 1218,1982 1274,1982 1330,1982 1386,1981 1442,1980 1499,1979"/>
                <TextEquiv>
                    <Unicode>Aber die Befriedigung des Zuschauers und Hörers war doch</Unicode>
                </TextEquiv>
            </TextLine>
            <TextLine id="r1l31" custom="readingOrder {index:30;}">
                <Coords points="372,2023 1511,2023 1466,1986 372,1989"/>
                <Baseline points="381,2022 437,2022 493,2022 549,2022 605,2022 661,2022 717,2021 774,2021 830,2021 886,2021 942,2020 998,2020 1054,2020 1110,2020 1167,2020 1223,2020 1279,2020 1335,2020 1391,2020 1447,2020 1504,2020"/>
                <TextEquiv>
                    <Unicode>eine starke, denn es gab zu schauen und zu horchen genug.</Unicode>
                </TextEquiv>
            </TextLine>
            <TextLine id="r1l32" custom="readingOrder {index:31;}">
                <Coords points="373,2073 1512,2069 1512,2023 373,2023"/>
                <Baseline points="381,2061 437,2060 493,2060 549,2060 605,2059 661,2059 717,2059 774,2059 830,2059 886,2059 942,2058 998,2058 1054,2058 1110,2058 1167,2058 1223,2058 1279,2058 1335,2058 1391,2057 1447,2057 1504,2057"/>
                <TextEquiv>
                    <Unicode>Lucian steht vielleicht von allen antiken Geistern uns am</Unicode>
                </TextEquiv>
            </TextLine>
            <TextLine id="r1l33" custom="readingOrder {index:32;}">
                <Coords points="367,2115 1408,2112 1509,2105 1509,2068 366,2075"/>
                <Baseline points="375,2100 431,2100 487,2100 543,2100 600,2099 656,2099 712,2099 769,2099 825,2099 881,2099 938,2099 994,2099 1050,2098 1106,2098 1163,2098 1219,2097 1275,2097 1332,2096 1388,2095 1444,2094 1501,2093"/>
                <TextEquiv>
                    <Unicode>nächsten, nicht nur in seiner Auffassung der Olympischen,</Unicode>
                </TextEquiv>
            </TextLine>
            <TextLine id="r1l34" custom="readingOrder {index:33;}">
                <Coords points="369,2142 1503,2144 1466,2098 369,2097"/>
                <Baseline points="377,2139 435,2138 494,2137 553,2136 612,2136 671,2135 730,2135 789,2135 848,2135 907,2135 965,2135 1024,2135 1083,2135 1142,2135 1201,2135 1260,2135 1319,2135 1378,2135 1437,2135 1496,2134"/>
                <TextEquiv>
                    <Unicode>mehr noch in seinem Urteil über Menschliches, Allzumensch¬</Unicode>
                </TextEquiv>
            </TextLine>
            <TextLine id="r1l35" custom="readingOrder {index:34;}">
                <Coords points="365,2190 1504,2200 1504,2145 364,2151"/>
                <Baseline points="372,2178 428,2177 484,2177 540,2176 596,2176 653,2175 709,2175 765,2175 821,2175 877,2174 934,2174 990,2174 1046,2174 1102,2174 1158,2174 1215,2174 1271,2173 1327,2173 1383,2173 1439,2173 1496,2173"/>
                <TextEquiv>
                    <Unicode>liches. Der Philosoph und der Schuster, die vor dem Ty¬</Unicode>
                </TextEquiv>
            </TextLine>
            <TextLine id="r1l36" custom="readingOrder {index:35;}">
                <Coords points="376,2212 1500,2226 1500,2194 1349,2175 376,2183"/>
                <Baseline points="384,2216 439,2215 494,2214 550,2213 605,2213 661,2213 716,2213 772,2213 827,2213 883,2213 938,2213 993,2214 1049,2214 1104,2214 1160,2214 1215,2214 1271,2214 1326,2213 1382,2212 1437,2211 1493,2210"/>
                <TextEquiv>
                    <Unicode>rannen voraushaben, leicht sterben zu können, der Tyrann,</Unicode>
                </TextEquiv>
            </TextLine>
            <TextLine id="r1l37" custom="readingOrder {index:36;}">
                <Coords points="369,2252 1345,2267 1511,2253 1511,2207 369,2221"/>
                <Baseline points="377,2253 433,2253 489,2252 545,2252 602,2252 658,2252 714,2252 771,2252 827,2252 883,2252 940,2253 996,2253 1052,2253 1108,2253 1165,2253 1221,2252 1277,2252 1334,2251 1390,2250 1446,2249 1503,2247"/>
                <TextEquiv>
                    <Unicode>der selbst die Unsterblichen noch zu korrumpieren versucht, sie</Unicode>
                </TextEquiv>
            </TextLine>
            <TextLine id="r1l38" custom="readingOrder {index:37;}">
                <Coords points="364,2305 1471,2301 1505,2251 364,2256"/>
                <Baseline points="373,2294 429,2293 485,2292 541,2291 597,2291 654,2291 710,2291 766,2291 822,2291 878,2291 935,2291 991,2292 1047,2292 1103,2292 1159,2291 1216,2291 1272,2291 1328,2290 1384,2289 1440,2288 1497,2286"/>
                <TextEquiv>
                    <Unicode>sind Figuren von heute; ganz erschreckend modern aber ist</Unicode>
                </TextEquiv>
            </TextLine>
            <TextLine id="r1l39" custom="readingOrder {index:38;}">
                <Coords points="367,2332 1508,2334 1445,2289 367,2305"/>
                <Baseline points="375,2334 431,2333 487,2332 543,2332 600,2331 656,2331 712,2331 768,2331 825,2331 881,2331 937,2331 993,2331 1050,2330 1106,2330 1162,2330 1218,2329 1275,2328 1331,2327 1387,2326 1443,2324 1500,2322"/>
                <TextEquiv>
                    <Unicode>der unerbittliche Haß gegen den Despotismus, der in uner¬</Unicode>
                </TextEquiv>
            </TextLine>
            <TextLine id="r1l40" custom="readingOrder {index:39;}">
                <Coords points="369,2358 1448,2378 1511,2331 369,2345"/>
                <Baseline points="377,2372 433,2371 489,2370 545,2369 602,2369 658,2369 714,2369 771,2368 827,2368 883,2368 940,2369 996,2369 1052,2369 1108,2369 1165,2368 1221,2368 1277,2368 1334,2367 1390,2367 1446,2366 1503,2365"/>
                <TextEquiv>
                    <Unicode>sättlicher Machtgier ein. ganzes Volk unter seine Sohle</Unicode>
                </TextEquiv>
            </TextLine>
            <TextLine id="r1l41" custom="readingOrder {index:40;}">
                <Coords points="379,2412 1515,2409 1497,2359 379,2369"/>
                <Baseline points="387,2409 443,2408 499,2407 555,2406 611,2406 667,2405 723,2405 779,2405 835,2405 891,2405 947,2405 1003,2405 1059,2405 1115,2405 1171,2405 1227,2405 1283,2404 1339,2404 1395,2403 1451,2402 1507,2401"/>
                <TextEquiv>
                    <Unicode>stampft. Der Spötter Lucian? Ja, aber ein Spötter mit</Unicode>
                </TextEquiv>
            </TextLine>
            <TextLine id="r1l42" custom="readingOrder {index:41;}">
                <Coords points="374,2442 1513,2442 1424,2405 374,2413"/>
                <Baseline points="381,2447 437,2445 493,2444 549,2443 605,2443 661,2443 717,2443 774,2443 830,2443 886,2444 942,2444 998,2445 1054,2445 1110,2445 1167,2445 1223,2445 1279,2445 1335,2444 1391,2443 1447,2442 1504,2440"/>
                <TextEquiv>
                    <Unicode>tragischen Akzenten, ein Pathetiker des Spottes, ein Ver¬</Unicode>
                </TextEquiv>
            </TextLine>
            <TextLine id="r1l43" custom="readingOrder {index:42;}">
                <Coords points="369,2486 1510,2500 1510,2439 369,2463"/>
                <Baseline points="377,2488 433,2486 489,2485 545,2483 601,2483 658,2482 714,2482 770,2482 826,2482 882,2482 939,2483 995,2483 1051,2483 1107,2484 1163,2484 1220,2484 1276,2484 1332,2484 1388,2483 1444,2482 1501,2481"/>
                <TextEquiv>
                    <Unicode>zweifelnder, der sich in die Ironie rettet. Die Fahrt über</Unicode>
                </TextEquiv>
            </TextLine>
            <TextLine id="r1l44" custom="readingOrder {index:43;}">
                <Coords points="365,2527 1516,2520 1393,2478 365,2490"/>
                <Baseline points="373,2525 429,2524 486,2522 543,2521 600,2521 656,2520 713,2520 770,2520 827,2520 883,2520 940,2521 997,2521 1054,2522 1110,2522 1167,2523 1224,2523 1281,2523 1337,2524 1394,2524 1451,2524 1508,2524"/>
                <TextEquiv>
                    <Unicode>den Styx ist ein anarchistisches Bekenntnis. Nur einen</Unicode>
                </TextEquiv>
            </TextLine>
            <TextLine id="r1l45" custom="readingOrder {index:44;}">
                <Coords points="367,2571 1475,2575 1509,2534 367,2538"/>
                <Baseline points="375,2565 431,2562 487,2561 543,2560 600,2559 656,2558 712,2558 769,2558 825,2558 881,2559 938,2559 994,2560 1050,2561 1106,2561 1163,2562 1219,2562 1275,2562 1332,2562 1388,2562 1444,2561 1501,2560"/>
                <TextEquiv>
                    <Unicode>Trost hat der Ohnmächtige: auch der Mächtige muß sterben,</Unicode>
                </TextEquiv>
            </TextLine>
            <TextLine id="r1l46" custom="readingOrder {index:45;}">
                <Coords points="361,2614 1480,2612 1512,2559 361,2572"/>
                <Baseline points="369,2605 425,2602 482,2601 539,2599 595,2599 652,2598 709,2598 765,2598 822,2598 879,2598 936,2598 992,2599 1049,2599 1106,2599 1162,2599 1219,2599 1276,2599 1332,2598 1389,2598 1446,2596 1503,2594"/>
                <TextEquiv>
                    <Unicode>und ihm tut der Tod doppelt weh. Merkwürdig, welche Stim¬</Unicode>
                </TextEquiv>
            </TextLine>
            <TextLine id="r1l47" custom="readingOrder {index:46;}">
                <Coords points="359,2652 1451,2650 1504,2606 359,2616"/>
                <Baseline points="367,2644 423,2642 480,2640 536,2638 593,2637 649,2637 706,2636 762,2636 819,2636 875,2636 932,2636 988,2637 1045,2637 1101,2637 1158,2638 1214,2638 1271,2638 1327,2638 1384,2638 1440,2638 1497,2637"/>
                <TextEquiv>
                    <Unicode>mung von den Bildern aus der Unterwelt ausgeht. Man</Unicode>
                </TextEquiv>
            </TextLine>
            <TextLine id="r1l48" custom="readingOrder {index:47;}">
                <Coords points="362,2689 1506,2671 1395,2636 362,2646"/>
                <Baseline points="371,2680 427,2678 483,2676 540,2675 596,2674 653,2673 709,2673 765,2673 822,2674 878,2674 935,2674 991,2675 1047,2676 1104,2676 1160,2676 1217,2677 1273,2677 1329,2676 1386,2676 1442,2674 1499,2673"/>
                <TextEquiv>
                    <Unicode>sollte das Stück überall spielen, wo schwelgerischer Reichtum</Unicode>
                </TextEquiv>
            </TextLine>
            <TextLine id="r1l49" custom="readingOrder {index:48;}">
                <Coords points="365,2718 1514,2713 1472,2677 366,2686"/>
                <Baseline points="373,2716 429,2714 486,2713 543,2712 599,2712 656,2712 713,2712 769,2712 826,2712 883,2713 940,2713 996,2714 1053,2714 1110,2714 1166,2714 1223,2715 1280,2714 1336,2714 1393,2713 1450,2713 1507,2711"/>
                <TextEquiv>
                    <Unicode>und hoffnungslose Armut nebeneinander wohnen. Es spricht</Unicode>
                </TextEquiv>
            </TextLine>
            <TextLine id="r1l50" custom="readingOrder {index:49;}">
                <Coords points="360,2752 1508,2752 1508,2714 361,2718"/>
                <Baseline points="369,2753 425,2752 482,2752 538,2751 595,2751 651,2751 708,2751 764,2751 821,2752 877,2752 934,2752 990,2752 1047,2753 1103,2753 1160,2753 1216,2753 1273,2753 1329,2753 1386,2752 1442,2751 1499,2750"/>
                <TextEquiv>
                    <Unicode>für Erich Korns Mamsell Kourasche, daß sie sich nach diesen</Unicode>
                </TextEquiv>
            </TextLine>
            <TextLine id="r1l51" custom="readingOrder {index:50;}">
                <Coords points="359,2795 1508,2793 1508,2755 360,2755"/>
                <Baseline points="368,2791 424,2791 481,2791 537,2790 594,2790 651,2791 707,2791 764,2791 820,2791 877,2792 934,2792 990,2793 1047,2793 1103,2793 1160,2794 1217,2794 1273,2794 1330,2793 1386,2793 1443,2792 1500,2791"/>
                <TextEquiv>
                    <Unicode>Stimmen aus der Antike noch behaupten konnte. Freilich,</Unicode>
                </TextEquiv>
            </TextLine>
            <TextLine id="r1l52" custom="readingOrder {index:51;}">
                <Coords points="366,2851 1510,2832 1510,2799 1443,2794 366,2796"/>
                <Baseline points="375,2829 431,2829 487,2829 544,2829 600,2829 656,2830 713,2830 769,2830 825,2831 882,2831 938,2831 994,2832 1051,2832 1107,2832 1163,2832 1220,2832 1276,2831 1332,2831 1389,2830 1445,2829 1502,2828"/>
                <TextEquiv>
                    <Unicode>die Farben zu dem Bilde aus dem dreißigjährigen Krieg hat</Unicode>
                </TextEquiv>
            </TextLine>
            <TextLine id="r1l53" custom="readingOrder {index:52;}">
                <Coords points="365,2878 1419,2881 1504,2867 1504,2833 365,2843"/>
                <Baseline points="374,2870 430,2869 486,2868 542,2868 598,2867 654,2867 710,2867 767,2868 823,2868 879,2869 935,2869 991,2870 1047,2870 1103,2870 1160,2870 1216,2870 1272,2870 1328,2870 1384,2869 1440,2868 1497,2866"/>
                <TextEquiv>
                    <Unicode>nicht der moderne Bearbeiter gemischt, sondern Grimmels¬</Unicode>
                </TextEquiv>
            </TextLine>
            <TextLine id="r1l54" custom="readingOrder {index:53;}">
                <Coords points="369,2918 1512,2923 1512,2865 369,2875"/>
                <Baseline points="377,2909 433,2908 489,2907 545,2907 602,2907 658,2907 714,2907 771,2907 827,2907 883,2907 940,2907 996,2908 1052,2908 1108,2908 1165,2908 1221,2908 1277,2908 1334,2908 1390,2908 1446,2907 1503,2907"/>
                <TextEquiv>
                    <Unicode>hausen selbst, dessen „Landstörzerin“ mit dem Simplicius</Unicode>
                </TextEquiv>
            </TextLine>
            <TextLine id="r1l55" custom="readingOrder {index:54;}">
                <Coords points="368,2963 1509,2953 1488,2911 1280,2901 368,2917"/>
                <Baseline points="376,2947 432,2946 488,2945 544,2945 600,2945 657,2944 713,2944 769,2944 825,2944 881,2944 938,2944 994,2945 1050,2945 1106,2945 1162,2945 1219,2946 1275,2946 1331,2946 1387,2946 1443,2946 1500,2946"/>
                <TextEquiv>
                    <Unicode>wetteifert an Lebensfülle. Aber Korn hat im Guten wie im</Unicode>
                </TextEquiv>
            </TextLine>
            <TextLine id="r1l56" custom="readingOrder {index:55;}">
                <Coords points="375,2991 1480,2996 1511,2953 375,2959"/>
                <Baseline points="382,2988 438,2986 494,2984 550,2983 606,2982 662,2982 718,2982 774,2982 830,2982 886,2983 942,2983 998,2984 1054,2984 1110,2985 1166,2986 1222,2986 1278,2986 1334,2986 1390,2985 1446,2985 1502,2983"/>
                <TextEquiv>
                    <Unicode>Schlimmen auch Eigenes dazu getan und, was ihm am mei¬</Unicode>
                </TextEquiv>
            </TextLine>
            <TextLine id="r1l57" custom="readingOrder {index:56;}">
                <Coords points="373,3033 1235,3046 1445,3037 1500,2990 373,2993"/>
                <Baseline points="381,3025 436,3024 492,3023 547,3022 603,3022 658,3021 714,3021 769,3022 825,3022 880,3022 936,3023 992,3023 1047,3024 1103,3024 1158,3025 1214,3025 1269,3025 1325,3025 1380,3025 1436,3025 1492,3024"/>
                <TextEquiv>
                    <Unicode>sten angerechnet werden soll, in der Dramatisierung den Ton</Unicode>
                </TextEquiv>
            </TextLine>
            <TextLine id="r1l58" custom="readingOrder {index:57;}">
                <Coords points="364,3060 1484,3077 1510,3023 364,3035"/>
                <Baseline points="373,3064 429,3063 485,3062 542,3061 598,3061 655,3061 711,3061 767,3061 824,3062 880,3062 937,3063 993,3063 1049,3064 1106,3064 1162,3064 1219,3064 1275,3064 1331,3064 1388,3063 1444,3062 1501,3060"/>
                <TextEquiv>
                    <Unicode>der Zeit getroffen. Eine dichterische Leistung, an der auch</Unicode>
                </TextEquiv>
            </TextLine>
            <TextLine id="r1l59" custom="readingOrder {index:58;}">
                <Coords points="367,3107 1510,3109 1510,3060 367,3057"/>
                <Baseline points="375,3103 431,3101 487,3101 543,3100 600,3100 656,3100 712,3100 769,3100 825,3100 881,3101 938,3101 994,3101 1050,3102 1106,3102 1163,3102 1219,3103 1275,3103 1332,3102 1388,3102 1444,3101 1501,3100"/>
                <TextEquiv>
                    <Unicode>der Philologe sein Teil hat. Nur die tragische Zuspitzung</Unicode>
                </TextEquiv>
            </TextLine>
            <TextLine id="r1l60" custom="readingOrder {index:59;}">
                <Coords points="362,3138 1504,3159 1505,3108 362,3112"/>
                <Baseline points="370,3140 426,3138 482,3137 538,3136 595,3135 651,3135 707,3135 764,3136 820,3136 876,3137 933,3138 989,3139 1045,3140 1101,3141 1158,3142 1214,3142 1270,3143 1327,3143 1383,3143 1439,3142 1496,3141"/>
                <TextEquiv>
                    <Unicode>des im Roman mit einer Prügelszene endenden Kapitels und</Unicode>
                </TextEquiv>
            </TextLine>
            <TextLine id="r1l61" custom="readingOrder {index:60;}">
                <Coords points="356,3191 1512,3170 1440,3142 357,3153"/>
                <Baseline points="365,3177 424,3176 484,3175 544,3174 604,3174 664,3174 724,3174 784,3174 844,3175 904,3176 964,3177 1024,3178 1084,3179 1144,3179 1204,3180 1264,3181 1324,3181 1384,3181 1444,3180 1504,3180"/>
                <TextEquiv>
                    <Unicode>den pathetischen Aufputz der kecken Dirne hätten wir ihm gern</Unicode>
                </TextEquiv>
            </TextLine>
            <TextLine id="r1l62" custom="readingOrder {index:61;}">
                <Coords points="380,3220 1510,3222 1510,3190 1389,3179 380,3186"/>
                <Baseline points="388,3220 443,3219 499,3219 554,3218 610,3218 666,3218 721,3218 777,3219 833,3219 888,3219 944,3220 1000,3220 1055,3220 1111,3220 1167,3220 1222,3220 1278,3219 1334,3218 1389,3217 1445,3215 1501,3213"/>
                <TextEquiv>
                    <Unicode>geschenkt. Ganz mod## Wien von beute, ist Schnihlers</Unicode>
                </TextEquiv>
            </TextLine>
            <TextLine id="r1l63" custom="readingOrder {index:62;}">
                <Coords points="680,3283 1081,3272 1080,3228 1027,3230 1001,3214 945,3228 926,3218 679,3227"/>
                <Baseline points="687,3257 712,3257 738,3257 764,3256 789,3256 815,3256 841,3256 867,3256 892,3255 918,3255 944,3255 970,3255 995,3255 1021,3254 1047,3254 1073,3254"/>
                <TextEquiv>
                    <Unicode></Unicode>
                </TextEquiv>
            </TextLine>
            <TextLine id="r1l64" custom="readingOrder {index:63;}">
                <Coords points="1290,3275 1348,3284 1366,3277 1376,3284 1402,3268 1434,3277 1447,3267 1482,3273 1510,3254 1529,3255 1530,3218 1471,3227 1455,3221 1423,3233 1370,3231 1357,3223 1326,3222 1315,3232 1291,3228"/>
                <Baseline points="1299,3252 1326,3254 1354,3255 1382,3256 1410,3256 1437,3256 1465,3256 1493,3256 1521,3256"/>
                <TextEquiv>
                    <Unicode>B H</Unicode>
                </TextEquiv>
            </TextLine>
            <TextLine id="r1l65" custom="readingOrder {index:64;}">
                <Coords points="397,3333 1517,3327 1516,3287 1410,3267 396,3288"/>
                <Baseline points="405,3324 460,3322 515,3321 570,3320 625,3319 681,3319 736,3319 791,3319 846,3319 901,3319 957,3319 1012,3319 1067,3318 1122,3318 1177,3318 1233,3316 1288,3315 1343,3313 1398,3311 1453,3308 1509,3305"/>
                <TextEquiv>
                    <Unicode>„Wurstl“. Eine Praterszene voll Witz und eine Selbst¬</Unicode>
                </TextEquiv>
            </TextLine>
            <TextLine id="r1l66" custom="readingOrder {index:65;}">
                <Coords points="384,3378 1482,3358 1524,3346 1524,3301 383,3328"/>
                <Baseline points="391,3366 447,3364 503,3363 559,3362 616,3361 672,3360 728,3360 784,3359 841,3359 897,3358 953,3358 1009,3358 1066,3358 1122,3357 1178,3357 1234,3356 1291,3355 1347,3354 1403,3353 1459,3351 1516,3349"/>
                <TextEquiv>
                    <Unicode>persiflage voll Wehmut. Seine eigenen Gestalten läßt der</Unicode>
                </TextEquiv>
            </TextLine>
            <TextLine id="r1l67" custom="readingOrder {index:66;}">
                <Coords points="387,3404 1518,3388 1517,3356 1435,3350 386,3379"/>
                <Baseline points="395,3405 450,3403 506,3402 562,3400 618,3399 673,3398 729,3398 785,3397 841,3397 896,3397 952,3396 1008,3396 1064,3396 1119,3396 1175,3396 1231,3395 1287,3395 1342,3394 1398,3393 1454,3392 1510,3391"/>
                <TextEquiv>
                    <Unicode>Dichter auf der Marionettenbühne auftreten, und sein Publi¬</Unicode>
                </TextEquiv>
            </TextLine>
            <TextLine id="r1l68" custom="readingOrder {index:67;}">
                <Coords points="385,3437 1516,3447 1516,3404 1374,3387 385,3402"/>
                <Baseline points="393,3442 448,3441 504,3439 560,3438 616,3437 671,3436 727,3436 783,3435 839,3435 894,3434 950,3434 1006,3434 1062,3434 1117,3434 1173,3433 1229,3433 1285,3433 1340,3433 1396,3433 1452,3433 1508,3432"/>
                <TextEquiv>
                    <Unicode>kum und seine Kritiker dazu. Dann kommt der schwarze</Unicode>
                </TextEquiv>
            </TextLine>
            <TextLine id="r1l69" custom="readingOrder {index:68;}">
                <Coords points="390,3493 1518,3469 1484,3435 1119,3426 390,3446"/>
                <Baseline points="398,3480 453,3479 509,3478 564,3477 620,3476 676,3476 731,3475 787,3474 842,3474 898,3473 954,3472 1009,3472 1065,3472 1120,3471 1176,3471 1232,3470 1287,3470 1343,3470 1398,3469 1454,3469 1510,3469"/>
                <TextEquiv>
                    <Unicode>Ritter und mäht sie alle nieder und schwingt sein Schwert</Unicode>
                </TextEquiv>
            </TextLine>
            <TextLine id="r1l70" custom="readingOrder {index:69;}">
                <Coords points="393,3528 1516,3514 1515,3480 1459,3471 392,3483"/>
                <Baseline points="401,3519 456,3518 511,3517 566,3516 622,3515 677,3514 732,3513 788,3512 843,3512 898,3511 954,3511 1009,3510 1064,3510 1119,3510 1175,3509 1230,3509 1285,3509 1341,3508 1396,3508 1451,3508 1507,3507"/>
                <TextEquiv>
                    <Unicode>von der Bühne herunter selbst gegen das Parterre. Die</Unicode>
                </TextEquiv>
            </TextLine>
            <TextLine id="r1l71" custom="readingOrder {index:70;}">
                <Coords points="391,3564 1444,3561 1523,3552 1523,3499 390,3530"/>
                <Baseline points="398,3557 453,3555 509,3554 565,3553 621,3552 677,3551 733,3550 789,3550 845,3549 901,3549 957,3549 1012,3548 1068,3548 1124,3548 1180,3548 1236,3548 1292,3547 1348,3547 1404,3547 1460,3546 1516,3546"/>
                <TextEquiv>
                    <Unicode>besten Gaben des Dichters sind in dem kurzen Spiel zu¬</Unicode>
                </TextEquiv>
            </TextLine>
            <TextLine id="r1l72" custom="readingOrder {index:71;}">
                <Coords points="385,3602 1514,3597 1514,3554 385,3562"/>
                <Baseline points="393,3598 448,3595 504,3593 560,3592 615,3590 671,3589 727,3588 782,3587 838,3587 894,3586 950,3586 1005,3586 1061,3585 1117,3585 1172,3585 1228,3585 1284,3585 1339,3584 1395,3584 1451,3583 1507,3583"/>
                <TextEquiv>
                    <Unicode>sammengedrängt. Ein Scherzspiel auf dem düsteren Grunde</Unicode>
                </TextEquiv>
            </TextLine>
            <TextLine id="r1l73" custom="readingOrder {index:72;}">
                <Coords points="390,3646 899,3616 1434,3640 1517,3599 389,3603"/>
                <Baseline points="397,3634 452,3633 508,3631 563,3630 619,3629 675,3628 730,3627 786,3626 842,3625 897,3624 953,3624 1009,3624 1064,3623 1120,3623 1176,3623 1231,3623 1287,3623 1343,3623 1398,3623 1454,3623 1510,3624"/>
                <TextEquiv>
                    <Unicode>des Salomonischen „Alles ist eitel!“ Man kann der Regie</Unicode>
                </TextEquiv>
            </TextLine>
            <TextLine id="r1l74" custom="readingOrder {index:73;}">
                <Coords points="394,3677 1516,3682 1515,3635 1380,3620 394,3646"/>
                <Baseline points="403,3673 458,3671 513,3670 568,3669 624,3667 679,3666 734,3665 789,3665 845,3664 900,3663 955,3663 1010,3662 1066,3662 1121,3662 1176,3662 1231,3662 1287,3662 1342,3662 1397,3662 1452,3662 1508,3663"/>
                <TextEquiv>
                    <Unicode>kein höheres Lob zollen, als daß man von ihr sagt, sie sei</Unicode>
                </TextEquiv>
            </TextLine>
            <TextLine id="r1l75" custom="readingOrder {index:74;}">
                <Coords points="387,3729 1497,3711 1517,3645 1462,3676 386,3676"/>
                <Baseline points="394,3717 449,3713 505,3711 561,3709 617,3707 672,3705 728,3704 784,3703 840,3702 895,3701 951,3700 1007,3700 1063,3700 1118,3700 1174,3700 1230,3700 1286,3700 1341,3700 1397,3700 1453,3701 1509,3701"/>
                <TextEquiv>
                    <Unicode>den schwierigen Aufgaben des Abends gerecht geworden. Vom</Unicode>
                </TextEquiv>
            </TextLine>
            <TextLine id="r1l76" custom="readingOrder {index:75;}">
                <Coords points="396,3773 1094,3759 1212,3735 1212,3708 395,3725"/>
                <Baseline points="403,3754 443,3753 483,3753 523,3752 563,3751 603,3750 643,3749 683,3748 723,3746 763,3745 803,3744 843,3743 883,3742 923,3741 963,3740 1003,3739 1043,3738 1083,3738 1123,3737 1163,3737 1204,3736"/>
                <TextEquiv>
                    <Unicode>Publikum läßt sich nicht das Gleiche sagen.</Unicode>
                </TextEquiv>
            </TextLine>
            <TextLine id="r1l77" custom="readingOrder {index:76;}">
                <Coords points="502,3823 1362,3821 1533,3784 1304,3747 1048,3778 925,3746 501,3784"/>
                <Baseline points="510,3818 560,3815 611,3812 662,3810 713,3808 763,3807 814,3807 865,3806 916,3806 966,3806 1017,3807 1068,3807 1119,3807 1169,3807 1220,3808 1271,3807 1322,3807 1372,3806 1423,3805 1474,3804 1525,3801"/>
                <TextEquiv>
                    <Unicode>(Das bemalte Dorf.] In der illustrierten Halbmonats##</Unicode>
                </TextEquiv>
            </TextLine>
            <TextLine id="r1l78" custom="readingOrder {index:77;}">
                <Coords points="351,3872 1535,3869 1535,3826 529,3825 350,3790"/>
                <Baseline points="359,3851 417,3851 475,3851 534,3851 592,3851 651,3851 709,3850 767,3849 826,3849 884,3848 943,3848 1001,3847 1059,3847 1118,3847 1176,3847 1235,3847 1293,3847 1351,3848 1410,3849 1468,3850 1527,3852"/>
                <TextEquiv>
                    <Unicode>schrift „Die Schweiz“ (Verlag der „Schweiz“ in Zürich)s</Unicode>
                </TextEquiv>
            </TextLine>
            <TextEquiv>
                <Unicode>17.3. Zun Krossen Würstel
Telephon 12801.
9
„ODSEHVER
I. österr. behördl. konz. Unternehmen für Zeitungs-Aussohnitte
Wien, I., Concordiaplatz 4.
Vertretungen
in Berlin, Budapest, Chicago, Christiania, Genf, Kopenhagen,
London, Madrid, Mailand, Minneapolis, New-York, Paris, Rom,
San Francisco, Stockholm, St. Petersburg.
(Quellenangabe ohne Gewühr.)
Ausschnitt aus:
19. 3. 1906
nifurter Zoitung
vom:
1
5
#e Lehle Prattisch anzuwenden, und dann
ging er hin und schuf die Zensur.“
[Wiener Theater.] Man schreibt uns aus Wien:
Eine Schüssel voll Delikatessen servierte das Lustspiel¬
Thräter an seinem dieswöchentlichen literarischen Abend:
Lucians „Fahrt über den Styx“ in Paul Lin¬
daus Bearbeitung, die „Landstörzerin Courage“
des Grimmelshausen in einer Dramatisierung von
Erich Korn und endlich Arthur Schnitzlers Burleske
„Zum Froßen Wurstl“. Eine „Satire“, ein „Bild“,
eine „Burleske“; die Bezeichnungen sagen schon, daß keines
der Stücke als im Wesen dramatisch angesehen sein will.
Aber die Befriedigung des Zuschauers und Hörers war doch
eine starke, denn es gab zu schauen und zu horchen genug.
Lucian steht vielleicht von allen antiken Geistern uns am
nächsten, nicht nur in seiner Auffassung der Olympischen,
mehr noch in seinem Urteil über Menschliches, Allzumensch¬
liches. Der Philosoph und der Schuster, die vor dem Ty¬
rannen voraushaben, leicht sterben zu können, der Tyrann,
der selbst die Unsterblichen noch zu korrumpieren versucht, sie
sind Figuren von heute; ganz erschreckend modern aber ist
der unerbittliche Haß gegen den Despotismus, der in uner¬
sättlicher Machtgier ein. ganzes Volk unter seine Sohle
stampft. Der Spötter Lucian? Ja, aber ein Spötter mit
tragischen Akzenten, ein Pathetiker des Spottes, ein Ver¬
zweifelnder, der sich in die Ironie rettet. Die Fahrt über
den Styx ist ein anarchistisches Bekenntnis. Nur einen
Trost hat der Ohnmächtige: auch der Mächtige muß sterben,
und ihm tut der Tod doppelt weh. Merkwürdig, welche Stim¬
mung von den Bildern aus der Unterwelt ausgeht. Man
sollte das Stück überall spielen, wo schwelgerischer Reichtum
und hoffnungslose Armut nebeneinander wohnen. Es spricht
für Erich Korns Mamsell Kourasche, daß sie sich nach diesen
Stimmen aus der Antike noch behaupten konnte. Freilich,
die Farben zu dem Bilde aus dem dreißigjährigen Krieg hat
nicht der moderne Bearbeiter gemischt, sondern Grimmels¬
hausen selbst, dessen „Landstörzerin“ mit dem Simplicius
wetteifert an Lebensfülle. Aber Korn hat im Guten wie im
Schlimmen auch Eigenes dazu getan und, was ihm am mei¬
sten angerechnet werden soll, in der Dramatisierung den Ton
der Zeit getroffen. Eine dichterische Leistung, an der auch
der Philologe sein Teil hat. Nur die tragische Zuspitzung
des im Roman mit einer Prügelszene endenden Kapitels und
den pathetischen Aufputz der kecken Dirne hätten wir ihm gern
geschenkt. Ganz mod## Wien von beute, ist Schnihlers

B H
„Wurstl“. Eine Praterszene voll Witz und eine Selbst¬
persiflage voll Wehmut. Seine eigenen Gestalten läßt der
Dichter auf der Marionettenbühne auftreten, und sein Publi¬
kum und seine Kritiker dazu. Dann kommt der schwarze
Ritter und mäht sie alle nieder und schwingt sein Schwert
von der Bühne herunter selbst gegen das Parterre. Die
besten Gaben des Dichters sind in dem kurzen Spiel zu¬
sammengedrängt. Ein Scherzspiel auf dem düsteren Grunde
des Salomonischen „Alles ist eitel!“ Man kann der Regie
kein höheres Lob zollen, als daß man von ihr sagt, sie sei
den schwierigen Aufgaben des Abends gerecht geworden. Vom
Publikum läßt sich nicht das Gleiche sagen.
(Das bemalte Dorf.] In der illustrierten Halbmonats##
schrift „Die Schweiz“ (Verlag der „Schweiz“ in Zürich)s</Unicode>
            </TextEquiv>
        </TextRegion>
        <TextRegion orientation="0.0" id="r2" custom="readingOrder {index:1;}">
            <Coords points="1704,276 1704,3510 2956,3510 2956,276"/>
            <TextLine id="r2l1" custom="readingOrder {index:0;}">
                <Coords points="1695,308 1785,309 1833,328 1881,310 1959,312 2036,337 2147,337 2150,256 1940,242 1885,275 1855,256 1764,258 1736,238 1697,255"/>
                <Baseline points="1704,296 1729,297 1755,298 1780,298 1806,300 1832,301 1857,302 1883,303 1909,305 1934,305 1960,306 1986,307 2011,307 2037,308 2063,308 2088,307 2114,306 2140,305"/>
                <TextEquiv>
                    <Unicode>box 22/9</Unicode>
                </TextEquiv>
            </TextLine>
            <TextLine id="r2l2" custom="readingOrder {index:1;}">
                <Coords points="2485,1275 2861,1276 2860,1226 2817,1211 2720,1207 2680,1225 2654,1204 2620,1222 2586,1211 2559,1220 2528,1204 2485,1222"/>
                <Baseline points="2494,1253 2519,1254 2545,1254 2570,1254 2596,1254 2621,1254 2647,1253 2673,1253 2698,1252 2724,1252 2749,1252 2775,1251 2800,1251 2826,1251 2852,1251"/>
                <TextEquiv>
                    <Unicode>Telephon 12801.</Unicode>
                </TextEquiv>
            </TextLine>
            <TextLine id="r2l3" custom="readingOrder {index:2;}">
                <Coords points="2622,1337 2641,1334 2646,1339 2656,1338 2663,1344 2672,1340 2684,1343 2699,1333 2707,1338 2715,1337 2712,1290 2698,1291 2689,1286 2686,1289 2671,1280 2651,1292 2639,1288 2630,1293 2619,1292"/>
                <Baseline points="2629,1335 2655,1335 2681,1331 2707,1331"/>
                <TextEquiv>
                    <Unicode>59</Unicode>
                </TextEquiv>
            </TextLine>
            <TextLine id="r2l4" custom="readingOrder {index:3;}">
                <Coords points="1963,1394 2006,1410 2263,1383 2316,1402 2483,1376 2659,1400 2675,1345 2599,1314 2501,1347 2459,1323 2427,1347 2308,1321 2240,1352 2134,1338 1963,1362"/>
                <Baseline points="1971,1394 2005,1389 2040,1385 2075,1381 2110,1379 2145,1377 2179,1375 2214,1374 2249,1374 2284,1374 2319,1375 2353,1376 2388,1377 2423,1378 2458,1379 2493,1380 2527,1382 2562,1382 2597,1383 2632,1384 2667,1384"/>
                <TextEquiv>
                    <Unicode>„ODSERVER</Unicode>
                </TextEquiv>
            </TextLine>
            <TextLine id="r2l5" custom="readingOrder {index:4;}">
                <Coords points="1792,1438 1955,1465 2902,1430 2902,1401 2821,1387 1792,1399"/>
                <Baseline points="1800,1438 1854,1437 1909,1436 1964,1436 2018,1436 2073,1436 2128,1436 2182,1436 2237,1436 2292,1436 2347,1436 2401,1436 2456,1436 2511,1436 2565,1435 2620,1435 2675,1434 2729,1433 2784,1431 2839,1429 2894,1426"/>
                <TextEquiv>
                    <Unicode>I. österr. behördl. konz. Unternehmen für Zeitungs-Ausschnitte</Unicode>
                </TextEquiv>
            </TextLine>
            <TextLine id="r2l6" custom="readingOrder {index:5;}">
                <Coords points="1978,1505 2086,1527 2112,1506 2324,1526 2411,1500 2592,1525 2624,1497 2703,1508 2703,1460 2662,1453 2625,1473 2269,1442 2224,1473 2182,1453 1978,1460"/>
                <Baseline points="1986,1498 2021,1498 2056,1498 2092,1498 2127,1498 2163,1498 2198,1498 2234,1498 2269,1498 2305,1498 2340,1498 2375,1498 2411,1498 2446,1498 2482,1497 2517,1497 2553,1497 2588,1496 2624,1495 2659,1494 2695,1493"/>
                <TextEquiv>
                    <Unicode>Wien, I., Concordiaplatz 4.</Unicode>
                </TextEquiv>
            </TextLine>
            <TextLine id="r2l7" custom="readingOrder {index:6;}">
                <Coords points="2199,1567 2344,1560 2373,1570 2455,1563 2475,1572 2488,1559 2505,1561 2506,1527 2416,1531 2382,1514 2319,1528 2200,1517"/>
                <Baseline points="2207,1553 2233,1553 2259,1553 2286,1554 2312,1554 2339,1555 2365,1555 2392,1556 2418,1556 2445,1556 2471,1556 2498,1555"/>
                <TextEquiv>
                    <Unicode>Vertretungen</Unicode>
                </TextEquiv>
            </TextLine>
            <TextLine id="r2l8" custom="readingOrder {index:7;}">
                <Coords points="1800,1612 2902,1601 2901,1553 2846,1548 2726,1577 1799,1562"/>
                <Baseline points="1808,1604 1862,1604 1916,1604 1970,1604 2025,1604 2079,1604 2133,1603 2188,1603 2242,1603 2296,1602 2351,1602 2405,1601 2459,1601 2513,1600 2568,1600 2622,1599 2676,1599 2731,1599 2785,1598 2839,1598 2894,1598"/>
                <TextEquiv>
                    <Unicode>in Berlin, Budapest, Chicago, Christiania, Genf, Kopenhagen,</Unicode>
                </TextEquiv>
            </TextLine>
            <TextLine id="r2l9" custom="readingOrder {index:8;}">
                <Coords points="1799,1661 2900,1651 2800,1606 1799,1618"/>
                <Baseline points="1808,1644 1862,1644 1916,1644 1970,1643 2024,1643 2079,1643 2133,1642 2187,1642 2241,1641 2295,1641 2350,1641 2404,1640 2458,1640 2512,1640 2566,1640 2621,1640 2675,1640 2729,1640 2783,1641 2837,1641 2892,1642"/>
                <TextEquiv>
                    <Unicode>London, Madrid, Mailand, Minneapolis, New-Vork, Paris, Rom,</Unicode>
                </TextEquiv>
            </TextLine>
            <TextLine id="r2l10" custom="readingOrder {index:9;}">
                <Coords points="1956,1686 2686,1701 2732,1662 2346,1642 1996,1646 1956,1667"/>
                <Baseline points="1964,1680 2002,1679 2040,1679 2078,1679 2116,1678 2154,1678 2192,1678 2230,1678 2268,1678 2306,1678 2344,1678 2382,1678 2420,1678 2458,1678 2496,1678 2534,1679 2572,1679 2610,1680 2648,1680 2686,1681 2724,1682"/>
                <TextEquiv>
                    <Unicode>San Francisco, Stockholm, St. Petersburg.</Unicode>
                </TextEquiv>
            </TextLine>
            <TextLine id="r2l11" custom="readingOrder {index:10;}">
                <Coords points="2138,1726 2166,1745 2196,1745 2217,1725 2307,1748 2335,1736 2351,1749 2407,1718 2481,1737 2551,1727 2551,1687 2338,1696 2309,1683 2196,1698 2138,1687"/>
                <Baseline points="2147,1721 2173,1720 2199,1719 2226,1718 2252,1717 2279,1717 2305,1716 2331,1716 2358,1716 2384,1717 2411,1717 2437,1717 2463,1718 2490,1718 2516,1718 2543,1718"/>
                <TextEquiv>
                    <Unicode>(Quellenangabe ohne Gewähr.)</Unicode>
                </TextEquiv>
            </TextLine>
            <TextLine id="r2l12" custom="readingOrder {index:11;}">
                <Coords points="1788,1833 2486,1819 2824,1858 2825,1776 2746,1759 1789,1764"/>
                <Baseline points="1797,1821 1850,1818 1904,1815 1957,1814 2011,1813 2065,1813 2118,1813 2172,1813 2226,1814 2279,1815 2333,1817 2386,1818 2440,1820 2494,1821 2547,1822 2601,1823 2655,1824 2708,1824 2762,1825 2816,1824"/>
                <TextEquiv>
                    <Unicode>Ausschnitt ausNational Zeitung, Berlin</Unicode>
                </TextEquiv>
            </TextLine>
            <TextLine id="r2l13" custom="readingOrder {index:12;}">
                <Coords points="2171,1902 2242,1915 2274,1904 2303,1920 2364,1913 2404,1932 2439,1932 2491,1924 2493,1884 2431,1856 2385,1865 2291,1844 2260,1857 2222,1849 2173,1857"/>
                <Baseline points="2179,1900 2204,1901 2229,1903 2255,1904 2280,1905 2305,1906 2331,1907 2356,1908 2381,1909 2407,1909 2432,1910 2457,1911 2483,1912"/>
                <TextEquiv>
                    <Unicode>20. 3. 1906</Unicode>
                </TextEquiv>
            </TextLine>
            <TextLine id="r2l14" custom="readingOrder {index:13;}">
                <Coords points="1801,1902 1817,1905 1836,1925 1867,1926 1877,1920 1888,1926 1906,1921 1912,1925 1965,1922 1966,1904 1955,1904 1947,1895 1926,1891 1905,1878 1880,1879 1868,1889 1847,1889 1833,1880 1802,1881"/>
                <Baseline points="1809,1914 1838,1914 1868,1915 1898,1917 1928,1917 1958,1919"/>
                <TextEquiv>
                    <Unicode>vom:</Unicode>
                </TextEquiv>
            </TextLine>
            <TextLine id="r2l15" custom="readingOrder {index:14;}">
                <Coords points="2707,1929 2724,1923 2757,1934 2789,1923 2818,1936 2865,1924 2883,1935 2944,1934 2943,1858 2910,1860 2888,1875 2862,1862 2841,1871 2812,1860 2771,1887 2737,1884 2706,1896"/>
                <Baseline points="2715,1923 2742,1922 2770,1922 2797,1922 2825,1922 2852,1922 2880,1921 2907,1920 2935,1917"/>
                <TextEquiv>
                    <Unicode>Vorgestern</Unicode>
                </TextEquiv>
            </TextLine>
            <TextLine id="r2l16" custom="readingOrder {index:15;}">
                <Coords points="1739,2000 1891,1967 2944,1966 2943,1917 2643,1904 1738,1938"/>
                <Baseline points="1747,1971 1806,1970 1865,1969 1925,1968 1984,1967 2044,1967 2103,1967 2163,1967 2222,1967 2282,1967 2341,1967 2400,1967 2460,1967 2519,1966 2579,1966 2638,1965 2698,1963 2757,1962 2817,1960 2876,1957 2936,1955"/>
                <TextEquiv>
                    <Unicode>bracht das Lustspieltheater einen literaxischen Einatter¬</Unicode>
                </TextEquiv>
            </TextLine>
            <TextLine id="r2l17" custom="readingOrder {index:16;}">
                <Coords points="1761,2015 2913,2011 2938,1963 1760,1986"/>
                <Baseline points="1768,2012 1826,2011 1884,2011 1942,2010 2000,2010 2058,2009 2116,2009 2175,2008 2233,2008 2291,2008 2349,2008 2407,2007 2465,2007 2523,2006 2582,2006 2640,2005 2698,2004 2756,2003 2814,2002 2872,2000 2931,1999"/>
                <TextEquiv>
                    <Unicode>abend, der einen starken künstlerischen Erfolg bedeutete. Zuerst</Unicode>
                </TextEquiv>
            </TextLine>
            <TextLine id="r2l18" custom="readingOrder {index:17;}">
                <Coords points="1755,2055 2846,2053 2936,2043 2936,2006 1755,2018"/>
                <Baseline points="1764,2052 1822,2051 1880,2050 1938,2050 1997,2049 2055,2049 2113,2048 2171,2048 2230,2048 2288,2048 2346,2047 2404,2047 2463,2047 2521,2046 2579,2046 2637,2045 2696,2044 2754,2043 2812,2042 2870,2040 2929,2038"/>
                <TextEquiv>
                    <Unicode>kam Lucian zu Wort, dessen Satire „Die Fahrt über den</Unicode>
                </TextEquiv>
            </TextLine>
            <TextLine id="r2l19" custom="readingOrder {index:18;}">
                <Coords points="1750,2098 2910,2089 2939,2052 1749,2054"/>
                <Baseline points="1758,2090 1816,2090 1875,2090 1933,2089 1992,2088 2051,2088 2109,2087 2168,2087 2226,2086 2285,2086 2344,2086 2402,2085 2461,2085 2519,2084 2578,2084 2637,2083 2695,2083 2754,2082 2812,2081 2871,2081 2930,2080"/>
                <TextEquiv>
                    <Unicode>Styx“ Paul Lindau für die deutsche Bühne bearbeitet und</Unicode>
                </TextEquiv>
            </TextLine>
            <TextLine id="r2l20" custom="readingOrder {index:19;}">
                <Coords points="1754,2126 2763,2132 2911,2124 2942,2083 1754,2110"/>
                <Baseline points="1762,2130 1820,2129 1879,2128 1937,2127 1996,2126 2055,2126 2113,2125 2172,2125 2230,2125 2289,2124 2348,2124 2406,2124 2465,2123 2523,2123 2582,2122 2641,2121 2699,2120 2758,2119 2816,2118 2875,2116 2934,2115"/>
                <TextEquiv>
                    <Unicode>auch im Humor ein wenig verdeutscht hat. Das Publikum folgte</Unicode>
                </TextEquiv>
            </TextLine>
            <TextLine id="r2l21" custom="readingOrder {index:20;}">
                <Coords points="1758,2171 2786,2169 2912,2163 2947,2115 1758,2128"/>
                <Baseline points="1766,2167 1824,2166 1883,2166 1941,2165 2000,2165 2059,2164 2117,2163 2176,2163 2235,2162 2293,2162 2352,2161 2411,2161 2469,2160 2528,2159 2587,2159 2645,2158 2704,2157 2763,2157 2821,2156 2880,2155 2939,2154"/>
                <TextEquiv>
                    <Unicode>dem geistvollen Stückchen, das durch die S hatten der Unterwelt die</Unicode>
                </TextEquiv>
            </TextLine>
            <TextLine id="r2l22" custom="readingOrder {index:21;}">
                <Coords points="1746,2200 2944,2204 2943,2150 1746,2171"/>
                <Baseline points="1754,2207 1813,2206 1872,2205 1931,2204 1990,2204 2049,2203 2108,2203 2167,2202 2226,2202 2285,2201 2344,2201 2403,2200 2462,2200 2521,2199 2580,2199 2639,2198 2698,2197 2757,2196 2816,2195 2875,2193 2935,2191"/>
                <TextEquiv>
                    <Unicode>Lichter eines freien Humors huschen läßt und mit der scharfen</Unicode>
                </TextEquiv>
            </TextLine>
            <TextLine id="r2l23" custom="readingOrder {index:22;}">
                <Coords points="1746,2244 2944,2235 2900,2197 1746,2201"/>
                <Baseline points="1755,2247 1814,2245 1873,2244 1932,2242 1991,2241 2050,2241 2109,2240 2168,2239 2227,2239 2286,2239 2345,2238 2404,2238 2463,2238 2522,2237 2581,2237 2640,2236 2699,2235 2758,2234 2817,2232 2876,2231 2935,2229"/>
                <TextEquiv>
                    <Unicode>klaren Kraft der Satire die Schlagschatten der handelnden Figuren</Unicode>
                </TextEquiv>
            </TextLine>
            <TextLine id="r2l24" custom="readingOrder {index:23;}">
                <Coords points="1751,2289 2947,2271 2934,2234 1751,2248"/>
                <Baseline points="1759,2285 1818,2284 1877,2283 1936,2283 1995,2282 2054,2281 2113,2280 2172,2279 2231,2278 2290,2278 2349,2277 2408,2276 2467,2275 2526,2275 2585,2274 2644,2274 2703,2273 2762,2273 2821,2273 2880,2273 2939,2273"/>
                <TextEquiv>
                    <Unicode>scharf umreißt, mit geteiltem Verständnis, woran die Darstellung,</Unicode>
                </TextEquiv>
            </TextLine>
            <TextLine id="r2l25" custom="readingOrder {index:24;}">
                <Coords points="1759,2328 2816,2327 2932,2313 2933,2280 1759,2294"/>
                <Baseline points="1767,2325 1828,2325 1889,2324 1950,2324 2011,2323 2072,2322 2133,2322 2194,2321 2255,2320 2316,2319 2377,2318 2438,2317 2499,2316 2560,2315 2621,2314 2682,2313 2743,2312 2804,2311 2865,2311 2926,2310"/>
                <TextEquiv>
                    <Unicode>die den Ton der leisen Ironie nicht völlig traf, vielleicht nicht un¬</Unicode>
                </TextEquiv>
            </TextLine>
            <TextLine id="r2l26" custom="readingOrder {index:25;}">
                <Coords points="1751,2375 2785,2366 2921,2355 2940,2313 1751,2328"/>
                <Baseline points="1759,2363 1817,2363 1876,2363 1934,2362 1993,2362 2052,2361 2110,2361 2169,2360 2228,2359 2286,2358 2345,2358 2404,2357 2462,2356 2521,2355 2580,2355 2638,2354 2697,2353 2756,2353 2814,2352 2873,2352 2932,2351"/>
                <TextEquiv>
                    <Unicode>schuldig ist. Das zweite Stück „Mamzell Courage, ein</Unicode>
                </TextEquiv>
            </TextLine>
            <TextLine id="r2l27" custom="readingOrder {index:26;}">
                <Coords points="1747,2405 2926,2402 2935,2355 1746,2384"/>
                <Baseline points="1754,2404 1812,2403 1871,2401 1930,2401 1988,2400 2047,2399 2106,2399 2164,2398 2223,2398 2282,2398 2341,2397 2399,2397 2458,2396 2517,2395 2575,2394 2634,2393 2693,2392 2751,2390 2810,2389 2869,2387 2928,2385"/>
                <TextEquiv>
                    <Unicode>Bild aus dem dreißigjährigen Kriege von Erich Korn, dem Autor</Unicode>
                </TextEquiv>
            </TextLine>
            <TextLine id="r2l28" custom="readingOrder {index:27;}">
                <Coords points="1754,2448 2853,2444 2939,2405 1753,2401"/>
                <Baseline points="1761,2443 1819,2441 1878,2440 1936,2439 1995,2438 2053,2438 2112,2437 2170,2437 2229,2436 2287,2436 2346,2436 2405,2435 2463,2435 2522,2434 2580,2434 2639,2433 2697,2432 2756,2431 2814,2430 2873,2428 2932,2426"/>
                <TextEquiv>
                    <Unicode>der „Colombine, ist ein kecker Wurf. Eine mutige Soldaten¬</Unicode>
                </TextEquiv>
            </TextLine>
            <TextLine id="r2l29" custom="readingOrder {index:28;}">
                <Coords points="1753,2478 2944,2477 2943,2442 2821,2432 1753,2448"/>
                <Baseline points="1761,2483 1819,2482 1878,2481 1937,2479 1996,2478 2054,2478 2113,2477 2172,2476 2231,2475 2289,2475 2348,2474 2407,2473 2466,2473 2524,2472 2583,2472 2642,2471 2701,2470 2759,2469 2818,2468 2877,2467 2936,2467"/>
                <TextEquiv>
                    <Unicode>dirne, im ganzen Lager als „Mamzell Courage“ gekannt und „ge¬</Unicode>
                </TextEquiv>
            </TextLine>
            <TextLine id="r2l30" custom="readingOrder {index:29;}">
                <Coords points="1758,2526 2910,2521 2937,2472 1758,2479"/>
                <Baseline points="1766,2520 1824,2519 1882,2518 1940,2518 1998,2517 2057,2517 2115,2516 2173,2516 2231,2515 2289,2514 2348,2514 2406,2513 2464,2512 2522,2512 2580,2511 2639,2510 2697,2509 2755,2509 2813,2508 2871,2507 2930,2505"/>
                <TextEquiv>
                    <Unicode>liebt“, heiratet einen jungen Fechtmeister, der in der Brautnacht,</Unicode>
                </TextEquiv>
            </TextLine>
            <TextLine id="r2l31" custom="readingOrder {index:30;}">
                <Coords points="1749,2562 2943,2549 2942,2512 2873,2509 1749,2536"/>
                <Baseline points="1757,2559 1815,2558 1874,2557 1933,2557 1992,2556 2051,2555 2110,2555 2168,2554 2227,2554 2286,2553 2345,2552 2404,2552 2463,2551 2522,2550 2580,2550 2639,2549 2698,2548 2757,2547 2816,2546 2875,2544 2934,2543"/>
                <TextEquiv>
                    <Unicode>des Mutes und der Vergangenheit seiner Frau wegen von den</Unicode>
                </TextEquiv>
            </TextLine>
            <TextLine id="r2l32" custom="readingOrder {index:31;}">
                <Coords points="1760,2605 2886,2597 2942,2549 1759,2565"/>
                <Baseline points="1768,2598 1826,2596 1884,2596 1943,2595 2001,2594 2059,2593 2118,2593 2176,2592 2234,2592 2293,2591 2351,2591 2409,2590 2468,2589 2526,2589 2584,2588 2643,2587 2701,2586 2759,2585 2818,2583 2876,2581 2935,2580"/>
                <TextEquiv>
                    <Unicode>anderen gehänselt, die Wette eingeht, er werde sie noch in dieser</Unicode>
                </TextEquiv>
            </TextLine>
            <TextLine id="r2l33" custom="readingOrder {index:32;}">
                <Coords points="1757,2645 2945,2627 2944,2580 1757,2595"/>
                <Baseline points="1766,2637 1824,2635 1883,2634 1941,2633 2000,2633 2058,2632 2117,2631 2175,2631 2234,2630 2292,2629 2351,2629 2409,2629 2468,2628 2526,2628 2585,2627 2643,2626 2702,2626 2760,2625 2819,2624 2877,2623 2936,2622"/>
                <TextEquiv>
                    <Unicode>Nacht mit der Peitsche schlagen. Blind von Eifersucht und betäubt</Unicode>
                </TextEquiv>
            </TextLine>
            <TextLine id="r2l34" custom="readingOrder {index:33;}">
                <Coords points="2534,2671 2750,2678 2795,2663 2811,2677 2842,2669 2869,2680 2901,2666 2933,2676 2933,2634 2756,2628 2722,2651 2693,2629 2599,2641 2533,2632"/>
                <Baseline points="2541,2666 2566,2667 2592,2667 2617,2668 2643,2668 2669,2667 2694,2667 2720,2667 2745,2666 2771,2666 2797,2665 2822,2665 2848,2664 2873,2664 2899,2663 2925,2663"/>
                <TextEquiv>
                    <Unicode>die Wette gilt fünfzig</Unicode>
                </TextEquiv>
            </TextLine>
            <TextLine id="r2l35" custom="readingOrder {index:34;}">
                <Coords points="1761,2679 1948,2695 2088,2671 2457,2667 2456,2635 2407,2631 1760,2645"/>
                <Baseline points="1769,2673 1804,2675 1840,2676 1876,2676 1911,2677 1947,2676 1983,2676 2019,2675 2054,2674 2090,2673 2126,2672 2162,2670 2197,2670 2233,2668 2269,2668 2305,2667 2340,2666 2376,2666 2412,2666 2448,2666"/>
                <TextEquiv>
                    <Unicode>von der Hoffnung auf das viele Gold</Unicode>
                </TextEquiv>
            </TextLine>
            <TextLine id="r2l36" custom="readingOrder {index:35;}">
                <Coords points="1761,2711 2939,2713 2938,2674 2795,2663 1761,2679"/>
                <Baseline points="1769,2713 1827,2713 1885,2713 1943,2713 2001,2712 2059,2712 2117,2712 2175,2711 2233,2711 2291,2710 2350,2710 2408,2709 2466,2709 2524,2708 2582,2707 2640,2706 2698,2705 2756,2704 2814,2703 2872,2702 2931,2700"/>
                <TextEquiv>
                    <Unicode>Dukaten — erhebt er nach einer künstlich gesteigerten Szene die</Unicode>
                </TextEquiv>
            </TextLine>
            <TextLine id="r2l37" custom="readingOrder {index:36;}">
                <Coords points="1756,2763 2942,2744 2941,2714 2835,2705 1755,2724"/>
                <Baseline points="1764,2754 1822,2753 1881,2753 1939,2752 1998,2752 2056,2751 2115,2751 2173,2750 2232,2750 2290,2749 2349,2749 2407,2748 2466,2747 2524,2747 2583,2746 2641,2745 2700,2744 2758,2743 2817,2742 2875,2741 2934,2739"/>
                <TextEquiv>
                    <Unicode>Peitsche, wird aber von Mamzell Courage mit seinem eigenen Degen</Unicode>
                </TextEquiv>
            </TextLine>
            <TextLine id="r2l38" custom="readingOrder {index:37;}">
                <Coords points="1759,2797 2948,2803 2947,2743 1758,2768"/>
                <Baseline points="1766,2795 1824,2794 1883,2793 1942,2792 2000,2791 2059,2790 2118,2790 2176,2789 2235,2788 2294,2788 2353,2787 2411,2787 2470,2786 2529,2785 2587,2784 2646,2784 2705,2783 2763,2782 2822,2781 2881,2779 2940,2778"/>
                <TextEquiv>
                    <Unicode>niedergest gen. Der Bräutigam in der Hochzeitsnacht! Der Dich¬</Unicode>
                </TextEquiv>
            </TextLine>
            <TextLine id="r2l39" custom="readingOrder {index:38;}">
                <Coords points="1756,2836 2940,2827 2939,2798 2786,2783 1755,2790"/>
                <Baseline points="1763,2833 1821,2832 1879,2831 1938,2830 1996,2830 2055,2829 2113,2828 2172,2827 2230,2827 2289,2826 2347,2825 2405,2824 2464,2824 2522,2823 2581,2822 2639,2822 2698,2821 2756,2820 2815,2820 2873,2819 2932,2819"/>
                <TextEquiv>
                    <Unicode>ter hat mit seiner Kunst heitere und tragische Elemente zusammen¬</Unicode>
                </TextEquiv>
            </TextLine>
            <TextLine id="r2l40" custom="readingOrder {index:39;}">
                <Coords points="1764,2874 2947,2877 2946,2829 2908,2823 1764,2843"/>
                <Baseline points="1773,2876 1831,2874 1889,2872 1947,2870 2006,2868 2064,2867 2122,2866 2180,2865 2239,2865 2297,2864 2355,2863 2413,2863 2472,2862 2530,2862 2588,2861 2646,2860 2705,2860 2763,2859 2821,2857 2879,2856 2938,2854"/>
                <TextEquiv>
                    <Unicode>gefügt, und es mit dramatischer Verve, die unverkennbar ist, ver¬</Unicode>
                </TextEquiv>
            </TextLine>
            <TextLine id="r2l41" custom="readingOrder {index:40;}">
                <Coords points="1761,2908 2960,2905 2919,2857 1760,2870"/>
                <Baseline points="1769,2913 1828,2912 1887,2910 1946,2909 2005,2908 2064,2906 2123,2906 2183,2905 2242,2904 2301,2903 2360,2903 2419,2902 2478,2901 2537,2901 2597,2900 2656,2899 2715,2898 2774,2897 2833,2896 2892,2895 2952,2893"/>
                <TextEquiv>
                    <Unicode>standen, die sehr gewagte Sache, immer hart an der Schneide, zu</Unicode>
                </TextEquiv>
            </TextLine>
            <TextLine id="r2l42" custom="readingOrder {index:41;}">
                <Coords points="1771,2954 2943,2940 2942,2900 2875,2898 1771,2915"/>
                <Baseline points="1779,2951 1836,2949 1894,2948 1952,2947 2010,2945 2068,2944 2125,2944 2183,2943 2241,2943 2299,2942 2357,2942 2414,2941 2472,2941 2530,2940 2588,2940 2646,2939 2703,2938 2761,2937 2819,2936 2877,2934 2935,2932"/>
                <TextEquiv>
                    <Unicode>starker dramatischer Wirkung zu bringen. Das Publikum spendete</Unicode>
                </TextEquiv>
            </TextLine>
            <TextLine id="r2l43" custom="readingOrder {index:42;}">
                <Coords points="1765,2993 2948,2981 2934,2930 1765,2959"/>
                <Baseline points="1774,2990 1832,2989 1890,2988 1948,2987 2007,2986 2065,2985 2123,2984 2181,2984 2240,2983 2298,2982 2356,2982 2414,2981 2473,2980 2531,2980 2589,2979 2647,2978 2706,2977 2764,2976 2822,2974 2880,2973 2939,2971"/>
                <TextEquiv>
                    <Unicode>dem Autor stürmischen Beifall. Den Schluß bildete Arthur</Unicode>
                </TextEquiv>
            </TextLine>
            <TextLine id="r2l44" custom="readingOrder {index:43;}">
                <Coords points="1758,3052 2945,3027 2914,2976 1757,3002"/>
                <Baseline points="1766,3034 1824,3031 1883,3029 1941,3027 2000,3026 2058,3025 2117,3024 2175,3023 2234,3022 2292,3022 2351,3021 2410,3020 2468,3020 2527,3019 2585,3018 2644,3017 2702,3016 2761,3015 2819,3013 2878,3011 2937,3009"/>
                <TextEquiv>
                    <Unicode>SchnitzlenTeinaktige Burleske „Zum großen Wurstl“,</Unicode>
                </TextEquiv>
            </TextLine>
            <TextLine id="r2l45" custom="readingOrder {index:44;}">
                <Coords points="1764,3064 2853,3069 2955,3056 2954,3009 1763,3040"/>
                <Baseline points="1772,3071 1830,3068 1889,3066 1948,3064 2006,3063 2065,3062 2124,3061 2182,3060 2241,3060 2300,3059 2359,3059 2417,3059 2476,3058 2535,3058 2593,3057 2652,3057 2711,3055 2769,3054 2828,3053 2887,3050 2946,3048"/>
                <TextEquiv>
                    <Unicode>ein entzückend seines Spiel mit Marionetten auf einer Prater¬</Unicode>
                </TextEquiv>
            </TextLine>
            <TextLine id="r2l46" custom="readingOrder {index:45;}">
                <Coords points="1756,3128 2948,3090 2947,3052 1755,3080"/>
                <Baseline points="1764,3109 1822,3106 1881,3104 1940,3103 1999,3102 2058,3101 2116,3100 2175,3100 2234,3099 2293,3099 2352,3098 2410,3098 2469,3098 2528,3097 2587,3097 2646,3096 2704,3095 2763,3094 2822,3092 2881,3090 2940,3088"/>
                <TextEquiv>
                    <Unicode>bühne. Ein lustiges Durcheinander von Ironie, Witz, Scherz und</Unicode>
                </TextEquiv>
            </TextLine>
            <TextLine id="r2l47" custom="readingOrder {index:46;}">
                <Coords points="1771,3155 2955,3148 2954,3096 1770,3114"/>
                <Baseline points="1778,3146 1836,3144 1894,3143 1953,3141 2011,3140 2070,3139 2128,3139 2187,3138 2245,3138 2304,3138 2362,3137 2420,3137 2479,3137 2537,3136 2596,3136 2654,3135 2713,3134 2771,3133 2830,3132 2888,3130 2947,3128"/>
                <TextEquiv>
                    <Unicode>tieferen Betrachtungen, von eines Dichters Hand mit reifer Kunst</Unicode>
                </TextEquiv>
            </TextLine>
            <TextLine id="r2l48" custom="readingOrder {index:47;}">
                <Coords points="1764,3191 2952,3185 2951,3146 2830,3129 1764,3152"/>
                <Baseline points="1773,3189 1831,3186 1890,3185 1948,3183 2007,3182 2065,3181 2124,3180 2182,3179 2241,3179 2299,3178 2358,3177 2416,3177 2475,3176 2533,3175 2592,3175 2650,3174 2709,3173 2767,3171 2826,3170 2884,3168 2943,3166"/>
                <TextEquiv>
                    <Unicode>gestaltet, und bei aller Wurstllaune doch durch den Grundgedanken</Unicode>
                </TextEquiv>
            </TextLine>
            <TextLine id="r2l49" custom="readingOrder {index:48;}">
                <Coords points="1770,3233 2806,3223 2957,3213 2957,3176 1769,3187"/>
                <Baseline points="1778,3225 1836,3224 1895,3223 1953,3222 2012,3221 2070,3220 2129,3219 2187,3219 2246,3218 2304,3217 2363,3217 2422,3216 2480,3215 2539,3215 2597,3214 2656,3213 2714,3212 2773,3211 2831,3210 2890,3209 2949,3207"/>
                <TextEquiv>
                    <Unicode>des Dichters, der auch in der Gestalt eines „Unbekannten im</Unicode>
                </TextEquiv>
            </TextLine>
            <TextLine id="r2l50" custom="readingOrder {index:49;}">
                <Coords points="1762,3263 2965,3273 2952,3199 1762,3234"/>
                <Baseline points="1770,3264 1829,3262 1888,3261 1947,3260 2007,3259 2066,3258 2125,3257 2185,3257 2244,3256 2303,3255 2363,3254 2422,3254 2481,3253 2540,3252 2600,3251 2659,3251 2718,3249 2778,3248 2837,3247 2896,3246 2956,3244"/>
                <TextEquiv>
                    <Unicode>blauen Mantel“ von der Bühne herabspricht, mit tieferem Inhalt</Unicode>
                </TextEquiv>
            </TextLine>
            <TextLine id="r2l51" custom="readingOrder {index:50;}">
                <Coords points="1759,3319 2922,3303 2948,3261 1759,3276"/>
                <Baseline points="1767,3302 1825,3301 1884,3300 1942,3300 2001,3299 2060,3298 2118,3297 2177,3296 2236,3295 2294,3295 2353,3294 2412,3293 2470,3293 2529,3292 2588,3291 2646,3291 2705,3291 2764,3290 2822,3290 2881,3290 2940,3290"/>
                <TextEquiv>
                    <Unicode>erfüllt: Ihr alle seid Marionetten, die an tausend Fäden hangen.</Unicode>
                </TextEquiv>
            </TextLine>
            <TextLine id="r2l52" custom="readingOrder {index:51;}">
                <Coords points="1762,3346 2963,3317 2962,3283 1762,3317"/>
                <Baseline points="1771,3342 1830,3341 1889,3340 1948,3338 2007,3338 2066,3337 2125,3336 2185,3335 2244,3334 2303,3334 2362,3333 2421,3333 2480,3332 2539,3331 2599,3331 2658,3330 2717,3329 2776,3329 2835,3328 2894,3327 2954,3326"/>
                <TextEquiv>
                    <Unicode>Ein Schwertstreich, der sie durchschneidet, und auch ihr fallt zu¬</Unicode>
                </TextEquiv>
            </TextLine>
            <TextLine id="r2l53" custom="readingOrder {index:52;}">
                <Coords points="1765,3386 2917,3379 2959,3374 2958,3316 1764,3349"/>
                <Baseline points="1773,3383 1831,3381 1890,3379 1949,3378 2008,3376 2067,3375 2126,3374 2185,3374 2244,3373 2303,3373 2362,3372 2420,3372 2479,3371 2538,3371 2597,3370 2656,3369 2715,3368 2774,3367 2833,3365 2892,3363 2951,3361"/>
                <TextEquiv>
                    <Unicode>sammen als tote Puppen! Das geistvolle Gedankenspiel, ein ernst</Unicode>
                </TextEquiv>
            </TextLine>
            <TextLine id="r2l54" custom="readingOrder {index:53;}">
                <Coords points="1762,3425 2954,3412 2953,3375 2847,3368 1761,3394"/>
                <Baseline points="1769,3421 1827,3420 1886,3418 1945,3417 2004,3416 2063,3416 2122,3415 2180,3415 2239,3414 2298,3414 2357,3414 2416,3413 2475,3413 2534,3413 2592,3412 2651,3412 2710,3411 2769,3410 2828,3409 2887,3408 2946,3406"/>
                <TextEquiv>
                    <Unicode>zu nehmendes Kind einer tollen Dichterlaune, wurde stürmischbe¬</Unicode>
                </TextEquiv>
            </TextLine>
            <TextLine id="r2l55" custom="readingOrder {index:54;}">
                <Coords points="1760,3469 2961,3456 2921,3406 1760,3410"/>
                <Baseline points="1769,3457 1828,3456 1887,3455 1946,3455 2005,3454 2065,3453 2124,3453 2183,3452 2242,3451 2301,3451 2361,3450 2420,3449 2479,3449 2538,3448 2597,3448 2657,3447 2716,3447 2775,3446 2834,3446 2893,3446 2953,3445"/>
                <TextEquiv>
                    <Unicode>jubelt. Die Darstellung und Inszenierung der beiden letzten Stücke</Unicode>
                </TextEquiv>
            </TextLine>
            <TextLine id="r2l56" custom="readingOrder {index:55;}">
                <Coords points="1764,3507 1878,3503 1924,3512 1956,3498 1983,3512 1999,3499 2080,3500 2079,3463 2063,3459 1987,3456 1957,3469 1931,3460 1910,3469 1868,3460 1849,3471 1763,3465"/>
                <Baseline points="1771,3495 1796,3498 1821,3499 1846,3500 1871,3500 1896,3499 1921,3499 1946,3497 1971,3496 1996,3495 2021,3494 2046,3493 2071,3493"/>
                <TextEquiv>
                    <Unicode>war vortrefflich.</Unicode>
                </TextEquiv>
            </TextLine>
            <TextEquiv>
                <Unicode>box 22/9
Telephon 12801.
59
„ODSERVER
I. österr. behördl. konz. Unternehmen für Zeitungs-Ausschnitte
Wien, I., Concordiaplatz 4.
Vertretungen
in Berlin, Budapest, Chicago, Christiania, Genf, Kopenhagen,
London, Madrid, Mailand, Minneapolis, New-Vork, Paris, Rom,
San Francisco, Stockholm, St. Petersburg.
(Quellenangabe ohne Gewähr.)
Ausschnitt ausNational Zeitung, Berlin
20. 3. 1906
vom:
Vorgestern
bracht das Lustspieltheater einen literaxischen Einatter¬
abend, der einen starken künstlerischen Erfolg bedeutete. Zuerst
kam Lucian zu Wort, dessen Satire „Die Fahrt über den
Styx“ Paul Lindau für die deutsche Bühne bearbeitet und
auch im Humor ein wenig verdeutscht hat. Das Publikum folgte
dem geistvollen Stückchen, das durch die S hatten der Unterwelt die
Lichter eines freien Humors huschen läßt und mit der scharfen
klaren Kraft der Satire die Schlagschatten der handelnden Figuren
scharf umreißt, mit geteiltem Verständnis, woran die Darstellung,
die den Ton der leisen Ironie nicht völlig traf, vielleicht nicht un¬
schuldig ist. Das zweite Stück „Mamzell Courage, ein
Bild aus dem dreißigjährigen Kriege von Erich Korn, dem Autor
der „Colombine, ist ein kecker Wurf. Eine mutige Soldaten¬
dirne, im ganzen Lager als „Mamzell Courage“ gekannt und „ge¬
liebt“, heiratet einen jungen Fechtmeister, der in der Brautnacht,
des Mutes und der Vergangenheit seiner Frau wegen von den
anderen gehänselt, die Wette eingeht, er werde sie noch in dieser
Nacht mit der Peitsche schlagen. Blind von Eifersucht und betäubt
die Wette gilt fünfzig
von der Hoffnung auf das viele Gold
Dukaten — erhebt er nach einer künstlich gesteigerten Szene die
Peitsche, wird aber von Mamzell Courage mit seinem eigenen Degen
niedergest gen. Der Bräutigam in der Hochzeitsnacht! Der Dich¬
ter hat mit seiner Kunst heitere und tragische Elemente zusammen¬
gefügt, und es mit dramatischer Verve, die unverkennbar ist, ver¬
standen, die sehr gewagte Sache, immer hart an der Schneide, zu
starker dramatischer Wirkung zu bringen. Das Publikum spendete
dem Autor stürmischen Beifall. Den Schluß bildete Arthur
SchnitzlenTeinaktige Burleske „Zum großen Wurstl“,
ein entzückend seines Spiel mit Marionetten auf einer Prater¬
bühne. Ein lustiges Durcheinander von Ironie, Witz, Scherz und
tieferen Betrachtungen, von eines Dichters Hand mit reifer Kunst
gestaltet, und bei aller Wurstllaune doch durch den Grundgedanken
des Dichters, der auch in der Gestalt eines „Unbekannten im
blauen Mantel“ von der Bühne herabspricht, mit tieferem Inhalt
erfüllt: Ihr alle seid Marionetten, die an tausend Fäden hangen.
Ein Schwertstreich, der sie durchschneidet, und auch ihr fallt zu¬
sammen als tote Puppen! Das geistvolle Gedankenspiel, ein ernst
zu nehmendes Kind einer tollen Dichterlaune, wurde stürmischbe¬
jubelt. Die Darstellung und Inszenierung der beiden letzten Stücke
war vortrefflich.</Unicode>
            </TextEquiv>
        </TextRegion>
    </Page>
</PcGts>
