3392 4320
1682 227 2142 334 box 22/9
219 263 1526 351 17.3. Zun Krossen Wurste1
1948 1407 3323 1464 hat Direktor Jarno für deren Einquartierung im Lustspieltheater Sorge getr
1942 1435 3319 1508 Dort wird dem Publikum gegenwärtig ein Einakter von Erich Korn zugem
1950 1489 3318 1558 der an Unflätigkeit des Dialoges nichts zu wünschen übrig läßt. Der A
1946 1543 3304 1605 hat diese Geschmacklosigkeit seiner Feder „Mamzell Courasche“ genannt
1951 1591 3320 1655 dazu den erläuternden Untertitel „Ein Bild aus dem Dreißigjährigen Kri
1957 1642 3316 1700 gewählt. Die Heldin ist eine Soldatendirne, ein ebenso heldenmütiges wie
1955 1689 3319 1749 derbtes Ding, das eine bewegte Vergangenheit auf den Feldern der Ehre
564 1717 1915 1792 Die jüngste Neuheit der Josefstädter Bühne nennt sich „Philipp der Gute“.
1947 1734 3322 1800 Unehre hinter sich hat. Der Fechtmeister Spertini ist tapfer genug, dieses A
458 1774 1929 1837 ist von Paul Gavault und Georges Berr verfaßt und von Benno Jacobsen
1959 1781 3326 1860 trotz seiner bewegten Vorlebensgeschichte in den Hafen einer soliden Ehe gel
453 1811 1928 1876 übersetzt und verdorben worden. Der deutsche Translator hat das französische
1951 1829 3280 1894 zu wollen, und Mamzell Courasche ist ihm dafür grenzenlos dankbar —
461 1864 1928 1921 Original in die Länge gezogen und durch zahlreiche Berliner Kalauer verunstaltet.
1953 1882 3329 1944 einem Worte — die Ehe hat alle Aussicht auf ein sittliches Ende. Doch
466 1908 1933 1967 Die Fabel der Franzosen ist nicht übel: Der Rechtsanwalt Philippe Ardelot, von
1948 1925 3301 1988 häusliche Unglück schreitet schnell. Am Hochzeitsabend wettet der junge
463 1964 1932 2015 seiner Mitwelt „der Gute“ genannt, gewährt einer ihm völlig unbekannten
1957 1969 3289 2021 mit einigen betrunkenen Regimentskameraden, daß er sein Wib vor
461 2017 1924 2080 Dame, die bei einem großen Straßenaufzug ohnmächtig wurde, in seiner Wohnung
1955 2017 3309 2087 schlagen werde. Gesagt, getan. Aber der Fechtmeister hatte die Rechnung
453 2066 1931 2123 mitleidigen Unterstand. Das Mitleid ist überhaupt die hervorstechendste Eigen¬
1960 2070 3300 2123 seine bessere Hälfte gemacht, die läßt sich nicht ohneweiters angesichts
460 2104 1926 2183 schaft seines untadeligen Charakters, er besitzt ein ausnehmend weiches Herz, das
1956 2113 3331 2168 uniformierten Freunde prügeln, sondern sticht dem jungen Gatten zur S#
461 2158 1929 2224 mit besonderer Wärme für unglückliche Frauen und Mädchen empfindet. Aber
1956 2163 3325 2224 für den unlauteren Wettbewerb den spitzen Degen in die Brust und en
455 2210 1934 2278 wohlgemerkt: alles in Ehren — es ist wirklich nur Mitleid, so unwahrscheinlich
1947 2218 3320 2286 damit den peinlichen Zwischenfall, der überdies durch einen Schwarm
461 2251 1923 2321 diese Triebfeder bei einem auf den Jarnoschen Bühnen aufgeführten Franzosen¬
1947 2254 3319 2323 üppigsten Derbheiten verunziert wird. Das beklagenswerte Fräulein Helm,
469 2300 1931 2365 schwanke auch scheinen möge. Durch diese ungewöhnliche Menschenfreundlichkeit
1938 2313 3327 2361 die Titelrolle aufgehalst wurde, entledigte sich dieser undankbaren Aufgabe
468 2354 1933 2405 gerät Monsieur Ardelot in allerlei peinliche Fatalitäten, ganz besonders bei seiner
1940 2357 3324 2416 Temperament und Intelligenz, dessenungeachtet vermochte sie das sicht
468 2402 1926 2460 Frau, denn Philipp der Gute ist trotz seiner humanen Prinzipien verheiratet,
1939 2415 3323 2466 Mißbehagen des Publikums nicht zu bannen. Erfreulicher als dieses Mitten
464 2449 1924 2503 ja die häuslichen Zwiste lassen sogar eine förmliche Scheidung von Tisch und
1940 2459 3329 2508 waren der Beginn und der Schluß des vorwöchentlichen Premisrenabends
454 2496 1919 2556 Bett befürchten, die aber schließlich dank der Vorsehung nicht zu stande kommt,
1948 2497 3328 2564 Praterbühne. Die von Paul Lindau bearbeitete Satire „Fahrt über den Si
457 2531 1925 2605 denn der Vorhang fällt über ein versöhntes Ehepaar. Die Josefstädter Bühne
1942 2548 3328 2612 von Lucian, dem geistreichsten Causeur der römischen Kaiserzeit, fand trotz i
459 2581 1920 2655 hat viele kurzweiligere Pariser Schwänke gesehen wie jenen der Herren Gavault
1941 2601 3332 2656 offenbaren Bühnenuntauglichkeit eine freundliche Aufnahme; ungleich lebhc
462 2641 1932 2706 und Berr, aber immerhin verlohnt es sich der Mühe, den guten Philipp Marans
1940 2631 3327 2703 aber wurde der witzsprühenden Komödie „Zum großen Wurstl“ von A
463 2689 1925 2747 von Angesicht zu Angesicht zu sehen, denn die Rolle des zartfühlenden Advokaten
1928 2684 3326 2771 Schnitzler applaudiert. Die liebenswürdige literarische Satire auf das The
464 2737 1923 2797 zählt zu den besten Leistungen dieses köstlichen Schauspielers, der diesmal bewies,
1953 2741 3340 2796 und seine Leute, auf Publikum, Schauspieler und Autoren, die als willen
462 2785 1931 2850 daß sein Humor auch ohne die gewohnten und gewöhnlichen Zweidentigkeiten zu
1942 2790 3335 2841 Puppen über die Bühne stolpern, übte starke Wirkung; freilich blieb man
460 2833 1920 2883 wirken vermag. Der neue Schwank ist nicht sittenrein, aber weit züchtiger ver¬
1943 2838 3329 2902 sarkastische Witz über die Bühnenwelt nur den Eingeweihten verständlich, inde
463 2890 1918 2947 anlagt wie die meisten seiner Vorgänger. Um die Zote für die Zeit ihrer Aus¬
1942 2888 3329 2956 hat Schnitzler auch für den Laien, der nie hinter die Kulisse guckt, eine st
454 2930 1931 2998 weisung aus dem achten Wiener Gemeindebezirke nicht unterstandslos zu lassen,
1929 2928 3320 3005 liche Schar geistreicher Gedanken vorrätig. Leider stand die Darstellung n
785 3013 1412 3189 1C
