3436 4320
1159 250 1219 334 W
1694 252 2163 357 box 22/9
239 257 1669 376 17.3. Zun grossenürstel
489 508 1141 700 Shesr
1011 582 1374 647 Telenhon 12801.
1133 667 1262 727 59
494 703 1197 820 „GUSEIVER
324 766 1423 872 I. österr. behördl. konz. Unternehmen für Zeitungs-Ausschnitte
503 838 1252 922 Wien, I., Concordiaplatz 4.
728 916 1041 979 Vertretungen
341 921 1437 1040 in Berlin, Budapest, Chicago, Christiania, Genf, Xopenhagen,
335 982 1431 1086 London, Madrid, Mailand, Minneapolis, New-York, Paris, Rom,
2500 1017 2874 1108 Telephon 12801.
498 1033 1283 1102 San Francisco, Stockholm, St. Petersburg.
685 1075 1104 1139 (Quellenangabe ohne Gewähr.)
1057 1103 1181 1175 Cahl
826 1128 867 1183 95
1986 1093 2685 1219 „OBSERVER‘
347 1104 1395 1258 Anschnitt amst u. ie  #ndelucher
1796 1194 2904 1285 I. österr. behördl. konz. Unternehmen für Zeitungs-Ausschnitto
495 1199 1368 1323 24 Z. 1906 Colibepenaenh Eia
1985 1263 2730 1341 Wien, I., Concordiaplatz 4.
359 1295 499 1343 vom:
348 1309 590 1379 S
2214 1320 2521 1394 Vertretungen
435 1318 1438 1403 Einen hochliterarischen Abend brachte das Lust¬
1813 1343 2915 1443 in Berlin, Budapest, Chicago, Christiania, Genf, Kopenhagen,
358 1369 1431 1457 spieltheater, ohne damit zu reussieren. Es wurden die
1809 1407 2907 1491 London, Madrid, Mailand, Minneapolis, New-Vork, Paris, Rom,
357 1422 1438 1507 feinsten literarischen Delikatessen serviert. Und es zeigte
1971 1460 2755 1532 San Francisco, Stockholm, St. Petersburg.
362 1465 1432 1554 sich, daß man ihnen kein Verständnis entgegenbrachte.
2153 1504 2566 1561 (Quellenangabe ohne Gewähr.)
350 1536 1431 1594 Der alte Lucius wird im Reiche der Götter die Augen
362 1563 1432 1636 aufgerissen haben, daß sie eines seiner geistvollen Ge¬
1799 1563 2772 1699 Ausschnitt Wiener Salonblatt
369 1614 1430 1703 spräche im Jahre 1906 auszischten. Vielleicht hat er
366 1651 1440 1750 vergnügt geschmunzelt, daß ein Moderner, Herr Erich
346 1714 1429 1819 Korn aus Berlin, an demselben Abend mit einem sehr
362 1774 1446 1848 wirksamen Einakter noch heftiger abgelehnt wurde.
363 1817 1445 1891 Nur eine Schnitzler'sche Satire, die den Abend abschloß,
1814 1818 3038 1902 Der letzte Literarische Abend im Lustspiel=Theater ver¬
371 1853 1451 1934 ließ man in Gnaden durchgehen. Sie ist geistvoll. Da
1702 1859 3031 1944 lief ziemlich unerquicklich. Er begann mit der heutzutage unver¬
364 1903 1471 1990 hörte ich im Foyer so viel Deutungen, was Schnitzler#
1716 1921 3042 1998 ständlichen Satire des antiken Lucianus, =Die Fahrt über den
365 1944 1454 2028 damit sagen wollte, daß ich überzeugt war, daß keiner!
1709 1964 3029 2048 Styx= setzte mit dem brutalen Soldatenstücke =Mamzell Courasche¬
373 1995 1443 2076 es wußte, vielleicht Schnitzler selbst nicht. Wenn es
1698 1997 3029 2099 von Erich Koin fort und schloß mit Artur Schnitzlers interessanter,
378 2042 1457 2128 nicht ledig eine Frozzelei des Publikums sein sollte,
1706 2071 3038 2142 aber verfehlter Burleske =Zum großen Wurstle. Im letzten Ein¬
377 2088 1510 2167 von dem er sagt, daß es an Fäden gezogen werdenk
1705 2119 3031 2181 akter macht sich der Autor über alles und alle lustig, über Schau¬
382 2142 1464 2221 muß wie die Marionetten des Puppentheaters. Ein so
1699 2171 3042 2246 spieler, Publikum, moderne und nicht moderne Autoren, so daß es
379 2192 1505 2272 favorisierter Dichter wie Schnitzler darf sich schon dens#
1704 2211 3041 2297 einem schließlich wie ein Mühlrad im Kopfe herumgeht. Dazu
379 2246 1182 2344 Jux machen, das Publikum zu hänseln.
1702 2259 3033 2348 wurde durchaus nicht einwandfrei gespielt. Nur Herr Hofer als
1694 2318 3037 2392 Praterbudenausrufer im Schnitzlerschen Stücke bot eine originelle
1688 2360 1923 2432 Leistung.
475 2513 862 2602 Telephon 12801.
1375 2630 1416 2686 0
660 2583 1371 2724 „OBSERVER“
458 2709 1584 2789 I. österr. behördl. konz. Unternehmen für Zeitungs-Ausschnitte
660 2777 1393 2836 Wien, I., Concordiaplatz 4.
875 2830 1181 2899 Vertretungen
474 2869 1578 2941 in Berlin, Budapest, Chicago, Christiania, Genf, Kopenhagen,
462 2933 1581 2992 London, Madrid, Mailand, Minneapolis, New-York „Paris, Rom,
631 2967 1409 3029 San Francisco, Stockholm, St. Petersburg.
807 3007 1237 3075 (Quellenangabe ohne Gewähr.)
467 3075 916 3169 Ausschnitt aus:
936 3087 1436 3187 Die Wage, Wien
462 3162 946 3249 vam: XA 3. 1906
594 3204 2054 3296 Auch Schnihlers Groteske ist nur bemnaye ein Kunstlbert. Der Gedank¬.
488 3278 2054 3353 der dem Spiel zugrunde liegt, ist ein Lieblingsgedanke Schnitzlers. Wir alle sind
477 3313 2051 3402 Marionetten! Wir hängen an Fäden und wissen nicht wie. Es gibt einen Augen¬
484 3371 2049 3440 blick in diesem Stücke, wo der große Unbekannte auftritt und das Schwert, das
490 3422 2048 3495 die Fäden zerreißt, übers Publikum schwingt, einen Augenblick, wo wir erschauern.
491 3478 2050 3551 Und daß wir so den Dichter über uns fühlen, über uns mit seinem Schwert,
479 3518 2054 3595 das ist ein Moment, den man seit vielen, vielen Jahren im Theater nicht erlebt
482 3575 2041 3627 hat. Das Marionettenspiel freilich, an dem Schnitzler exemplifiziert, das Ma¬
490 3636 2038 3693 rionettenstück, das auf einer Praterbühne aufgeführt wird, ist eine Selbstver¬
491 3661 2051 3745 spottung und Selbstironisierung, die doch nur ganz intimen Freunden verständlich
483 3714 2054 3808 ist. Hier hätte Schnitzler, statt sich selbst und sein eigenes Theater zu karikieren,
632 3785 2206 3877 eine Kunstsatire liefern können, die uns lachend erschüttert hätte. Aber er wollte
640 3852 2217 3929 wahrscheinlich nur für sich selbst Theater spielen, und seine Selbstironie hat einen
632 3915 2214 3967 gar wehmütigen Klang. Er steht sich selbst im Zerrspiegel, Bernard Shaw hält
630 3949 2205 4016 ihn der ganzen Welt vors Gesicht — wie seltsam kontrastieren diese beiden Humore!
1826 4013 2170 4098 Rudolph Lothar.
