3436 4320
244 311 2165 416 17.3. Zum grossen Nurstel box 22/9
550 1313 899 1405 H
977 1305 1026 1398 8
1522 1392 2682 1454 Durch die gottesdienstliche Feierlichkeit aber, mit der im
662 1398 1222 1505 Feuilleton.
1532 1438 2670 1499 Lustspieltheater der Lucian zelebriert wurde, blitzte die
479 1454 655 1556 7#
1532 1490 2666 1555 Komik nur in den Augenblicken des grellsten Aufleuchtens.
727 1481 1180 1591 Lustspieltheater.
1545 1535 2669 1599 Ihre zarteren Lichtern merkte man nicht. Der Tyrann
361 1555 1516 1628 („Die Fahrt über den Styx“ von Lucian;
1536 1582 2672 1643 (von Herrn Valberg sehr gut geschluchzt und gewütet)
363 1611 1523 1678 „Mamzell Courasche“ von Erich Korn; „Zum
1534 1632 2675 1700 war eine durchaus tragische Figur. Man fühlte „Schauer
463 1642 1443 1695 großen Wurstel“ von Arthur Schnitzler.)
1534 1681 2684 1734 des Gerichts“. Und es wirkte ziemlich seltsam, als der
471 1700 1517 1770 „Die Fahrt über den Styx“ ist eine Satire, welche
1532 1731 2680 1794 Tyrann bei der Mitteilung, er sei an einem vergifteten
366 1735 1511 1808 sich mit feierlichen Gegenständen beschäftigt. In der Ein¬
1538 1784 2674 1843 Trank gestorben, dumpf bemerkte: „Darum war er
364 1800 1512 1861 richtung und Darstellung des Lustspieltheaters übernebelte
1526 1827 2676 1886 so bitter!“ Der Philosoph Kyniskus ist wohl keine so
363 1828 1526 1911 die Feierlichkeit ein wenig die Satire. Es kam nicht recht
1533 1873 2678 1932 durchaus sympathische Edelfigur, als welche er auf der
370 1899 1510 1958 zur „Stimmung“, weil die des öfteren von einem derb¬
1526 1925 2673 1977 Bühne erscheint. Er stirbt an seiner Freßgier, nimmt
366 1944 1518 2010 komischen Wort zerrissen wurde; und es kam nicht recht
1536 1973 2675 2032 einen Knüttel auf die Hadesreise mit und hilft die
366 1988 1524 2043 zur Komik, weil die, kaum daß sie sich zeigte, hinter
1528 2020 2681 2080 fliehlustigen Toten arretieren. Die Philosophie und der
364 2032 1141 2091 Stimmungswolken wieder verschwand.
1142 2034 1510 2102 Die Komödie be¬
1533 2071 2672 2142 Tod kriegen jeden unter. Ich bin überzeugt, auf
356 2087 1516 2142 ginnt mit einer ziemlich respektlosen, von Pöbelworten
1523 2117 2675 2169 der Oberwelt hat der Kyniskus dem Tyrannen genau so
361 2133 1523 2204 ganz entheiligten Rede des Charon. „Parodie“ dachte
1537 2169 2680 2224 schön getan, wie nachher der Klotho, dem Charon und
363 2177 1516 2239 das Publikum, und stellte seine Empfindungsmaschine auf
1532 2218 2685 2274 dem Rhadamanthys. Ein allzeit Bereiter, mit seiner
366 2234 1509 2293 Heiterkeit ein. Hierauf kamen tragische Töne, resignierte
1532 2269 2675 2330 dialektisch dehnbaren Theorie der Praxis dessen, dem
360 2282 1518 2353 Weisheiten über Tod und Leben, bittere Maximen von
1534 2308 2670 2374 augenblicklich die Macht gehört, beizuspringen. Dem
364 2334 1517 2400 den Ungerechtigkeiten der Oberwelt und philosophische
1526 2374 2669 2420 Hermes hilft er Tote fangen, dem Charon rudern, dem
375 2376 1515 2438 Tröstungen durch die Gerechtigkeit der Unterwelt. Die
1516 2406 2669 2470 Rhadamanthys richten. Ein prachtvoller Kerl neben diesem
365 2430 1518 2497 Empfindungsmaschine funktionierte natürlich gar nicht.
1533 2460 2671 2522 Schuster der Philosophie ist der philosophische Schuster
368 2472 1516 2537 Am Ende doch ernst? überlegten die gut¬
1522 2509 2682 2571 Mycillus. Ein Todeskünstler wie jener ein Lebenskünstler.
360 2500 1515 2591 willigen Mitgeher, und drehten dem Dichter die
1545 2555 2671 2609 Er macht sich mit seiner einfachen Logik das Totsein
371 2565 1517 2623 nachdenklich=pretiöse Seite ihrer Seele zu. Da
1528 2596 2674 2654 leicht, angenehm, fast deliziös. Eine altgriechische Nestroy¬
367 2618 1522 2683 erschien auf der Bühne, an ein junges repräsentatives
1534 2642 2672 2723 Figur, ein Frozzler des himmlischen, des irdischen, des
371 2672 1519 2736 Mädchen angeschnallt, ein Sopha, um gegen seinen Be¬
1531 2697 2669 2768 unterirdischen Pathos. Müßte ganz drollig, gemütlich,
369 2715 1519 2778 sitzer und Benützer vor Rhadamanthys auszusagen. Ein
1527 2749 2665 2813 ich möchte sagen: ein bißchen alkoholisch gespielt werden,
363 2771 1452 2823 Urahn des Crebillonschen Möbels, nur nicht so (
1529 2795 2670 2852 was Herrn Guttmann leider gar nicht gelingt.
365 2805 1515 2876 sprächig wie jenes. Das Luciansche Sopha entschlägt sich
1534 2845 2670 2916 Seine Komik ist in der großartigen Welt des Stückes
361 2858 1523 2922 der Zeugenpflicht mit der Begründung: es sei ihm
1527 2893 1830 2970 höchst geniert.
365 2902 1511 2978 zu peinlich, vor vielen Leuten zu sprechen. Mit so
1613 2953 2661 3027 Das Lustspieltheater hat sehr viel Sorgfalt an die
362 2998 1517 3067 Ernst seiner Hörer, wie früher mit seinen Weisheiten
1519 2985 2660 3072 Inszenierung dieser „Fahrt über den Styx“ gewandt,
370 3055 1513 3124 ihrer guten Laune. Zum Schluß bleibi ein Schwindelgefühl
1524 3060 2665 3115 und Fräulein Joseffy spricht die Parze geradezu
371 3101 1517 3170 in den Köpfen der wiederholt gebrehten Zuschauer und
1525 3104 2673 3175 hoheitsvoll. Das Publikum versagte. Es waren nicht die
374 3154 1510 3223 gibt ihnen die Empfindung, daß sie ein plagereiches
1524 3157 2660 3222 gewöhnlichen Premierenleute: das heißt, es fehlte in der
1531 3205 2674 3269 Hörerschaft der Fonds an Snobismus, aus welchem sonst
366 3195 1007 3273 Amüsement überstanden haben.
463 3240 1516 3313 Es ist schade, daß man diese „Fahrt über den
1528 3249 2676 3312 in einem so hochliterarischen Fall wie „Lucianos aus
382 3290 1513 3352 Styx“ nicht stärker auf den grotesken Ton gestimmt
1528 3295 2671 3376 Samosata“ die Defizite an Intelligenz und künstlerischem
363 3340 1509 3402 hat. Von der Witzigkeit wären dem feiner nachfühlenden Zu¬
1537 3346 2064 3422 Geschmack gedeckt werden.
369 3397 1512 3459 hörer die Perspektiven ins Ernsthafte nicht verlegt worden.
2779 1391 3332 1458 „Mamzell=Couraf
2678 1442 3269 1507 Korn. Warum? Wozu
2688 1473 3343 1557 Courasche“? Wenn es ein histo
2686 1533 3336 1607 eine Legende: „Mamzell Couraf
2672 1589 3355 1653 daß es einen reizen könnte, solch
2679 1631 3352 1702 auszunützen. Aber derlei frei zu
2685 1680 3354 1753 einen umständlichen qualvollen G
2688 1728 3343 1804 um „Mamzell Tourasche“ ans
2688 1771 3326 1846 Es geschieht allerlei, die Welt ist
2693 1830 3346 1907 General, einen witzigen Klugschwätz
2686 1874 3343 1941 dann gibt es eine Dirne mit
2683 1916 3349 1991 Dame schon einmal siedendes O#
2697 1976 3292 2045 soldatisches Hochzeitscouplet,
2686 2021 3345 2093 Streit aus höchst spezieller Ursac
2679 2072 3305 2139 ein naheliegender Degen die
2685 2124 3339 2181 Das ist alles sehr fest nebeneina
2680 2170 3351 2227 Nicht mit Logik, sondern mit M
2687 2218 3341 2278 haltbar und von den wildesten
2688 2268 3345 2328 nicht umzuwerfen. Ein Theaterst
2688 2315 3345 2375 aber die Tiger bei Ronacher sind
2684 2361 3313 2423 aus den Nerven schüttelnd,
2690 2400 3305 2480 dorfer in der Weinstube Z.
2684 2461 3351 2530 besser; spannend, aber ein hi
2699 2489 3320 2570 sein letztes Geld gesetzt hat,
2682 2556 3339 2613 Kunst nur den Zweck, unseren Ne¬
2680 2611 3342 2669 gestatten? Ein Ersatzmittel für
2673 2642 3347 2714 denen uns Gelegenheit, Zeit und
2690 2701 3343 2763 Sinn, Zweck, Notwendigkeit solch
2676 2737 3345 2802 dem Gehirn und der Empfindu
2677 2794 3350 2867 nichts tut, als durch einen halbwe
2685 2849 3351 2899 unsere Aufmerksamkeit wie ein el
2679 2888 3324 2956 ziehen und wieder loszulassen.
2684 2948 3310 3009 alle von der Erfindung des
2675 2983 3343 3057 spürten, daß das der Sache ein
2685 3036 3352 3106 tion gäbe. Sie wäre dann Vor
2681 3090 3333 3155 so? Der Akt des Herrn Korn
2684 3132 3348 3206 gehämmertes Gerüst. Aber Ger
2678 3188 3352 3265 das nichts zu tragen hat, als sich
2766 3230 3328 3317 Fräulein Helm taugt
2672 3286 3336 3357 der „Mamzell Courasche“ sehr g
2685 3350 3351 3412 athletischen Theaterübungen zeigt
2683 3400 3338 3479 gewisse materielle Stärke, unter
