3484 4320
244 239 2175 348 17.3. Zun Krossen Wurstel box 22/9
1059 1362 1433 1434 Telephon 12801.
2459 1440 2848 1512 Telephon 12801.
1175 1452 1305 1519 555
540 1480 1242 1562 „UDSERVEN
2558 1536 2719 1614 97.
357 1552 1468 1638 I. österr. behördl. konz. Unternehmen für Zeitungs-Ausschnitte
1953 1566 2667 1657 „UBSERVER
553 1610 1280 1683 Wien, I., Concordiaplatz 4.
1763 1633 2890 1714 I. österr. behördl. konz. Unternehmen für Zeitungs-Ausschnitte
767 1665 1083 1743 Vertretungen
1967 1701 2701 1781 Wien, I., Concordiaplatz 4.
360 1706 1455 1794 in Berlin, Budapest, Chicago, Christiania, Genf, Kopenhagen.
2185 1763 2493 1825 Vertretungen
356 1760 1466 1847 London, Madrid, Mailand, Minneapolis, New-Yirk, Paris, Rom.
522 1814 1296 1885 San Francisco, Stockholm, St. Petersburg.
1766 1798 2874 1865 in Berlin, Budapest, Chicago, Christiania, Genf, Kopenhagen,
693 1846 1125 1917 (Quellenangabe ohno Gewähr.)
1768 1855 2894 1925 London, Madrid, Mailand, Minneapolis, New-York, Paris, Rom,
1942 1896 2715 1955 San Francisco, Stockholm, St. Petersburg.
2120 1933 2547 1996 (Quallanangabe ohne Gewähr.)
356 1898 1462 2007 Ausschnitt aus: Leipziger Tagblatt
356 2018 514 2077 vom:
1773 2012 2787 2110 Ausschnitt auBERLINER TAGEL
504 1986 1108 2123 —17 MAERZ 1300
1784 2114 1942 2172 vom:
2216 2128 2535 2212 — 506
1885 2166 2524 2263 Sen Wrnich Miter vem vonan.
405 2175 1488 2261 * Wiener Theater. Wie dem „B. T.“ gemeldet wird, hatte
2872 2211 2995 2296 —
353 2231 1472 2289 das Wiener Lustspieltheater gestern einen sehr interessanten Abend
1896 2231 3112 2364 + Vom Wiener Lustspieltheater. Unser Wiener Korrespon¬
366 2277 1472 2316 mit einem Puppenspiel „Zum großen Wurstl“ von Artur Schnitz¬
360 2313 1473 2361 ler, einem farbigen Charalterbild aus dem dreißi
1863 2277 3102 2404 dent depeschiert uns von gestern abend: Das Lustspieltheater hatte
366 2363 1475 2402 „Mamzell Kourasche“ von Erich=Kor#, Musik von Oskar Straus,
1867 2315 3108 2447 keinen sehr interessanten Abend mit folgenden drei Einaktern: einem
364 2378 958 2442 und zum Schlusse der „F
974 2397 1458 2441 den Styx“, der Satire des
1876 2365 3115 2504 Puppenspiel „Zum großen Wurstl“ von Artur Schnitzler,
349 2427 1472 2484 Lucian in einer Bearbeitung  Paul Lindau. Der Erfolg war
1860 2398 2796 2498 das aber tieferen Sinn barg und in lachende
354 2466 1484 2516 stark trotz einiger Radaumacher, die namentlich den Lucian mit
1853 2450 2947 2573 ernsten Inhalt zeigte; einem farbigen Chaenkterbil
351 2503 1484 2551 Zischen regalieren wollten. Ueber das Schauspiel Schnitzlers liest man
1863 2493 3094 2588 dem dreißigjährigen Kriege „Mamzell Kourasche“
1854 2525 1970 2596 von
352 2548 1477 2591 im „B. C.“: Die Szene stellt ein Gartenrestaurant im Prater vor,
354 2579 1481 2634 welches zugleich den Zuschauerraum des Marionettentheaters bildet.
2156 2549 3026 2648 arn, Musik von Oskar Strau#,
1858 2556 3060 2690 zum  Fahrt über den Styx;, der Satir
353 2609 1471 2668 Der Direktor hält eine Art Prologus. Nun hebt sich der Vorhang,
1848 2621 3048 2730 des Lucian in einer Bearbeitung von Paul Lindau. Der E¬
354 2652 1467 2699 und sämtliche handelnde Personen erscheinen an Schnüren, um
356 2687 1477 2743 sich dem p. t. Publikum in Wort und Sang vorzustellen. Es hebt
1847 2656 3136 2788 folg war stark trotz einiger Radaumacher, die namentlich den Luc
1845 2707 2432 2796 mit Zischen regalieren wollten.
362 2732 1473 2781 eine kleine Komödie an, die von Liebe und Ehebruch handelt, in der
350 2767 1471 2810 ein Herzog und eine Herzogin, ein Klärchen und ein Brackenburg usw.
363 2798 1464 2858 auftreten, bis zum Schluß der Tod erscheint und der Sache ein Ende
351 2841 1471 2896 mit Schrecken bereitet. Das Publikum greift wiederholt in die Aktion ein,
348 2877 1474 2932 der „Dichter" des Marionettentheaters gebärdet sich verzweifelt über die
351 2921 1474 2976 Indolenz des Zuschauers wie des Direktors — da verdüstert sich
351 2957 1467 3003 plötzlich der Schauplatz, und in einen dunklen Mantel gehüllt, ein
355 2992 1461 3045 blankes Richtschwert in Händen, erscheint ein „Unbekannter“,
345 3022 1461 3080 eine Art Symbol des Weltgerichtes, um den Sinn des Ganzen zu
354 3062 1498 3129 erklären. Schnitzler hat in diesem bizarren, eigentümlich packenden
354 3102 1469 3159 Einfall ausdrücken wollen, wie das ganze Leben nur ein Komödien¬
348 3136 1478 3191 spiel ist, wie wir alle, Große und Kleine, Dichter, Zuschauer, Dars
350 3182 1480 3252 steller, Erfolggekrönte und Unglückliche, nur Marionetten sind in
347 3216 762 3270 der Hand des Zufalls.
404 3241 1508 3306 * Suian A Muthant 4. chl. Ganl#et —
