3484 4320
958 339 1034 390 S
1227 327 1287 389 W
1758 315 2214 401 box 22/9
308 321 1601 431 17.3. Zum gi seh stel
684 475 1038 582 Teit. Wirr
616 547 746 632 73
689 579 1026 679 —
1393 629 1486 676 KTT
511 667 1368 739 * Das „Große Würstel“ von Artur
1377 674 2340 727 Blättern Gerüchte verzeichnet wurden, Tolstois
404 703 1366 785 Schujtler. Sie kennen dieses Werk unseres
1388 717 2336 766 berühmter Herrensitz Jasnaja Poljana
1377 766 2340 822 sei von den Bauern erpropriiert worden, wird
402 765 1366 816 heimischen Dichters nicht? Ich muß Sie für
404 811 1370 871 literaturunkundig halten! Hätten Sie doch
1383 806 2348 868 es interessieren, zu erfahren, daß sich diese Ge¬
401 842 1365 911 wenigstens die Morgenausgabe des Berliner
1383 831 2352 903 rüchte als unbegründet erwiesen haben. Ganz im
412 892 1367 946 Börsen=Couriers vom 6. Juni 1918 gelesen, in
1386 898 2339 946 Gegenteil hat Tolstois Witwe, die den Herrensitz
412 940 1370 987 dem über die Erstaufführung des Puppenspiels
1385 935 2353 1000 seit ihres Mannes Tode bewohnt, erst kürzlich
405 989 1371 1033 „Zum großen Würstel“ von Artur
1371 978 2343 1026 einen schönen Beweis der Treue empfangen, mit
414 1028 1362 1082 Schnitzler in Dresden eine spaltenlange Kritik
1369 1023 2335 1085 der die Dorfbevölkerung das Andenken ihres
409 1068 1371 1121 zu finden war, und in der es unter anderem
1373 1069 2330 1122 verstorbenen Mannes bewahrt. Am ersten Öster¬
1379 1111 2340 1158 tag kam die ganze Bevölkerung, mit dem ört¬
409 1111 1363 1187 hieß: „Immerhin eine geistvolle Spielerei auch
414 1151 1363 1207 dieses „Große Würstel..., „. eine
1378 1155 2339 1210 lichen Bauernrat an der Spitze, um die Gräfin
409 1189 1366 1266 Blüte von sehr wienerischem Duft“, „... ziem¬
1380 1193 2339 1254 zum Feiertag zu beglückwünschen, und bat sich
404 1246 1364 1302 lich in ihren Säften erhalten“. Ja es wird sogar
1380 1242 2342 1297 die Erlaubnis aus, mit ihr Gottesdient an Tol¬
402 1282 1366 1336 darin vom „Wiener Würstelprater“ ge¬
1384 1281 2348 1349 stois Grabe abzuhalten. Nachdem die Anwesen¬
420 1331 1373 1390 sprochen! Sie erinnern sich eines derartigen
1382 1332 2336 1384 den knieend das Lied „Ewiges Gedenken“ ge¬
408 1377 1365 1431 Werkes Schnitzlers noch immer nicht? O, Ihr
1373 1371 2345 1430 jungen hatten, teilte eine besondere Abordnung
416 1412 1362 1458 schlechtes Gedächtnis! Oder haben Sie Druck¬
1375 1418 2337 1466 der Gräfin den Beschluß des Bauernrates mit,
403 1453 1361 1517 fehler im Kopf und das Puppenspiel Artur
1379 1459 2334 1513 Tolstoi ein Denkmal im Orte zu errichten. So¬
414 1499 1376 1563 Schnitzlers etwa unter dem Titel „Zum großen
1377 1504 2332 1557 weit mir bekannt ist, ist es das erstemal, daß
413 1547 1362 1604 Wurstel“ im Gedächtnis? Aba! Sie be¬
1382 1541 2352 1609 russische Bauern ihrem verstorbenen Herrn eine##
394 1592 1366 1636 haupten also, daß das Stück „Zum großen
1379 1593 2346 1655 solche Ehre erweisen, was unter den jetzigen
407 1628 1358 1691 Wurstel“ heißt. Sie haben recht! Denn Sie
1386 1632 2333 1692 Verhältnissen eine ganz besondere Bedeutlng
1437 1676 1473 1712 4
409 1668 1368 1729 wissen, was der Wiener unter einem Wurstel
1376 1682 1497 1735 hat.
401 1718 1372 1760 (sprich: Wurschtel) versteht. Aber unser lieber
396 1760 1376 1816 reichsdeutscher Bruder vermag sich unter einem
2031 1744 2933 1841 G Hu
399 1803 1361 1858 Wurstel einmal nichts vorzustellen. Bloß von
1787 1820 2944 1909 O Ein Operettenabend in Halle. Aus Halle schreibt
402 1849 1371 1907 saftigen Wiener Würsteln hat er einmal ge¬
1708 1874 2937 1943 unser Mitarbeiter: Am Sonnabend wurde in Form eines Wohl¬
409 1891 1379 1955 hört, und da meint er nun wohl, daß auch unser
1566 1898 1683 1955 len.
1706 1917 2942 1990 tätigkeitsabends für die Hinterbliebenen gefallener Flieger im
396 1932 1364 2001 Volksprater seine allgemein übliche Benennung
1584 1944 1679 1992 zen,
1359 1957 1419 2017 si
1708 1958 2948 2022 Stadttheater die Operette „Die glückliche Insel" Text von Oscar
1597 1984 1646 2031 G
405 1975 1437 2053 von den Würsteln ableitet und Würstelvrater j8
1696 2002 2932 2058 Blumenthal, Musik nach Motiven Offenbachs von Leopold Schmidt,
405 2017 1367 2083 heißt. Und so verarbeitet er den Wurstel zu
1700 2052 2927 2129 zur Aufführung gebracht. Vorher hielt Dr. Leopold Schmidt einen
394 2075 1370 2134 einem saftigen Wiener Würstel, dem er ein
1362 2080 1440 2154 7
1694 2084 2936 2160 einleitenden Vortrag über die „Operette und ihre Komponisten“.
404 2105 1365 2162 Loblieb singt. Am nächsten Tage freilich eine
1692 2134 2934 2194 An der Aufführung und an den, Vorstellung und Vortrag ergänzen¬
400 2155 1363 2197 Berichtigung: „ durch ein Versehen des
1703 2165 2932 2239 den Gesängen beteiligten sich Editha Fleischer, Mary Hagen,
399 2180 1445 2254 Setzers wurde durchweg anstatt vom Wurstel 2
1695 2218 2938 2278 Julius Lieban, Adalbert Lieban und Walter Rieß, die letzteren beiden
405 2240 1455 2315 vom — Würstel in der Kritik gesprochen.“
1703 2270 2701 2346 Künstler aus Halle. Erfolg und Beifall waren groß.
403 2287 1438 2356 Na ja! Hat aber auch der Setzer die Sätzejw
1811 2295 2930 2381 O Theater im Reich. Aus Dresden telegraphiert unser
404 2323 1448 2398 vom „Saft der Würstel“ und vom „Duft der jd,
1694 2345 2930 2426 Korrespondent: Artur Schnitzlers einaktige Burleske „Zum
401 2372 1437 2424 Würstel“ hineingeschrieben? Das bleibt ein;
1695 2398 2943 2474 großen Wurstel“ ein heiter=buntes Spiel, gewürzt mit Irome
397 2412 1383 2493 großes Würstel in Form eines Fragezeichens...
1692 2428 2941 2504 und Satire, und von Hanns Fischer lebendig inszeniert, hatte im
522 2465 1453 2532 Tolstois Andenken. Emanuel Hansen, 8
2809 2467 2951 2547 Aus
1703 2492 2713 2556 königlichen Schauspielhaus großen Heiterkeitserfolg.
397 2516 1308 2579 der dänische Tolstoi=Uebersetzer, schreibt
1700 2541 2948 2590 Braunschweig wird uns berichtet: Zur Erinnerung an die
395 2556 1459 2623 Politiken: „Da in der letzten Zeit in russischen !R
1689 2569 2938 2623 Gründung des Braunschweiger Nationaltheaters vor hundert
1694 2600 2935 2681 Jahren, aus dem später das Hoftheater hervorgegangen ist.
1705 2648 2943 2708 wurde am 1. Juni Goethes „Faust“ (I. Teil), der bekanntlich seine
1693 2687 2943 2762 Uraufführung im Jahre 1829 in Braunschweig erlebt hat, in, einer
1692 2753 2946 2812 Neueinstudierung des Oberregisseurs Cserwinka aufgeführt.
1703 2784 2940 2840 Tags zuvor hielt der Dramaturg des Hoftheaters. Dr. H. Grußen¬
1703 2808 2930 2871 dorf, einen Vortrag über „Faust“=Probleme in Goethes
1694 2840 2944 2922 Tragödie und in der Bühnendarstellling. unter besonderem
1698 2899 2936 2979 Hinweis auf die erste „Fust“=Aufführung in Braunschweig. —
1706 2930 2933 3012 Der Herzog vos Braujschbeig verlieh dem Hofschauspieler
1703 2975 2932 3037 Heinrich Heinem'ay'n das Ritterkreuz zweiter Klasse vom
541 2970 1458 3069 Wien, I., Concordiaplatz, ,Nr. 4.
1701 3028 2947 3089 Orden Heinrichs des Pöwen. — Für das Hoftheater in Mann¬
754 3030 1091 3097 Frankfurter
1696 3071 2503 3145 [heim wurde Marse Petri verpflichtet.
590 3080 1253 3180 15 19 Frankfurt a. M.
1763 3100 2939 3192 22 Wohltätigkeitskonzert. Ein Konzert zum Besten der Char¬
1697 3156 2945 3249 lottenburger Hauspftge Efreute sich guten Besuches. Die Kosten
483 3195 1523 3268 = [Theater und Kunst in Dresden.] In der letzten
1705 3194 2938 3266 der Unterhaltung besthitt zum größten Teil Conrad Ansorge.
376 3239 1527 3314 Mittagsaufführung der Kgl Schauspielhauses wurde
1712 3243 2939 3319 Er spielte mit gewohnthn Eifolge Mendelssohn, Schubert und Liszt,
380 3279 1531 3346 Arthur S# Burleske Zum großen Würstel“
1703 3295 2954 3356 Mozarts Sonate für zei. Kaviere, bei der seine Gattin, Mar¬
390 3329 1527 3387 halb mit ironischem Verständnis, halv mit naivem Spaß an
1712 3321 2948 3400 garete Ansorge, als ebenbürtige Partnerin mitwirkte, und mit
378 3360 1533 3422 dem zappeligen Durcheinander der Puppen, Zuschauer auf und
1710 3371 2935 3431 Eugenie Stolz=Premysllav Beethovens Cellosonate in A.
387 3408 1528 3463 vor der Szene der drei unrealen Wirklichkeiten, aber im ganzen
1710 3410 2935 3482 Hugo Becker hatte abgesagt, desgleichen Lula Mysz=Gmeiner. Da¬
382 3446 1533 3508 heiter und dankbar begrüßt. Ein Dichter mischt Romantik,
1702 3457 2943 3523 für trat ihre Schwester, Ella Klein=Gmeiner, ein und sang,
386 3489 1533 3552 Selbstverspottung, Satire und Gefühltes auf drei Ebenen der
1700 3497 2942 3570 von Eduard Behm trefflich begleitet, Lieder von Schubert und
385 3521 1536 3598 Illusion, läßt im Wiener Prater die Philister ein krampfhaft
1711 3551 2438 3620 Löwe, die ihr viel Beifall eintrugen.
386 3562 1534 3632 auf tiefer Bedeutung gestimmtes Marionettentheater bestau¬
380 3599 1535 3654 nen und bekritteln, läßt einen literarischen Seutenzenjäger
1748 3602 2944 3666 In der medizinischen Fakultät der Berliner Universität hat
394 3640 1540 3704 dazwischen plärren, einen Genus des Schicksals Schwerthiebe
1714 3657 2946 3713 sich dieser Tage ein neuer Privatdozent habilitiert, der Berliner Nerven¬
1702 3674 2935 3732 arzt Dr. Franz Leopold Bürger. Dr. Bürgers Fach ist die ge¬
387 3679 1539 3752 gegen sichtbare und unsichtbare Drähle führen sogar den Tod
1710 3704 2950 3778 richtliche Medizin, er ist Assistent an der von Geheimrat Straßmann ge¬
392 3728 1533 3782 selbst als Würstel das Chaos vermehren und zerzausen. Ein
1710 3727 2953 3802 leiteten prattischen Unterrichtsanstalt für Staatsarzneikunde. In keiner
396 3768 1544 3813 auf künstliche Schauensfreude spekulierendes Gleichnis, eine
1720 3764 2954 3842 Antrittsvorlesung behandelte Dr. Bürger das Thema „Krieg ung ge¬
400 3793 1543 3862 witzige Paraphrase über das Thema Schein und Sein: „Was
1716 3822 2169 3890 richtliche Medizin“.
393 3834 1547 3903 für ein toller Spuk! Wer schützt mich vor den eigenen Schein¬
386 3875 1535 3939 gestalten?“ ruft der Dichter selbst schließlich vor Entsetzen aus.
390 3915 1539 3975 Ihm antwortet der Chor der Puppen: „Ei, nun tun wir, was
396 3945 1546 4015 wir wollen! Reden, singen, tanzen, tollen! Publikum ist uns
395 3991 1539 4048 egal — Alles geht nach unsrer Wahl!" Die halbe Stunde, in
2024 3902 2673 4093 WRR
396 4016 1541 4097 der uns eine Poetenlaune durch die bunten Wiesen und
390 4077 1549 4142 Gründe seiner Phantasie jagte, ist schnell genug vergangen.
385 4112 1535 4157 Eine ungemein witzige Regie und die sprudelnde Munterkeit
399 4166 1149 4226 der Schauspieler vollendeten den Erfolg.
