3436 4320
1151 241 1220 305 W
221 237 1546 348 17.3. Zum grossen ste1
1054 1140 1424 1247 Telephon 12801.
1044 1243 1269 1327 P NIS
523 1285 1215 1383 „UBSERVEn
343 1373 1431 1427 I. österr. behördl kenz. Unternehmen für Zeitungs-Ausschnitte
534 1420 1267 1508 Wien, I., Concordiaplatz 4.
753 1493 1060 1553 Vertretungen
350 1521 1445 1597 in Berlin, Budapest, Chicago, Christiania, Genf, Kopenhagen,
352 1592 1446 1636 London, Madrid, Mailand, Minneapolis, New-York. Paris, Rom,
519 1624 1293 1667 San Francisco, Stockholm, St. Petersburg.
705 1667 1103 1723 (Quallenangabe ohne Gewähr)
1340 1675 1504 1753 Wien
354 1724 779 1811 Ausschnitt aus:
680 1699 1520 1858 chege verteches racbsteist Wien
614 1820 908 1891 18. J. 1000
365 1846 537 1895 vom:
522 1882 1492 1981 Lusipiellheater, Literarischer Einalterobend, be¬
426 1952 1493 2025 sritten von einem antiken, einem neuen und einem hoch¬
425 2005 1477 2074 modernen Dichter... Lucians Komödie „Die Fahrt über
429 2050 1481 2123 den Styx“ hat bei der gestrigen Zweitaufführung trotz
424 2102 1492 2175 teilweise unzulänglicher, beinahe dilettantischer Darstellung
429 2167 1491 2214 auf die Mehrheit des Publikums überraschend stark ge¬
420 2207 1483 2252 wirkt; freilich nicht durch ihre satirische Absicht, die schon
418 2253 1488 2319 ganz verblaßt ist, wohl aber durch die feierliche Ewigkeits¬
424 2301 1478 2372 stimmung, die von ihr ausging Erich Kern entrollt, vom
420 2348 1479 2402 Musiker Oskar Straus unterstütt, in der „Mamzell
432 2384 1478 2446 Courasche“, ein derbes Lagerbild aus dem Dreißigjährigen
420 2431 1487 2511 Kriege. Das Milieu ist sehr gut getroffen, die Handlung
429 2501 1487 2550 jedoch gewaltsam konstruiert und ihre Durchführung lang¬
431 2549 1483 2605 atmig. Eine tapfere Soldatendirne wird durch die Hochzeit
425 2595 1479 2655 mit einem italienischen Fechtmeister zur „ehrbaren Frau“.
414 2635 1487 2694 Von einem verschmähten Liebhaber und einem skrupellosen
424 2688 1481 2748 Spaßmacher aufgehetzt, geht der junge Ehemann die rohe
419 2736 1480 2791 Wette ein, sein angezweifeltes unumschränktes Hausherrn¬
418 2775 1480 2846 recht zu beweisen, indem er Mamzell Courasche noch in
424 2829 1487 2893 der Brautnacht — prügelt. Die Wette gewinnt, aber sein
416 2872 1476 2948 Leben verliert er. Denn das mißachtete, um seine letzte
418 2920 1481 2977 und höchste Glückshoffnung betrogene Weib rennt ihm den
416 2977 1481 3028 Degen in den Leib. Das seltsame Stück fand lauten, doch
426 3022 1483 3079 kaum ganz herzlichen Beifall. Herr Nerz und Herr Knei¬
422 3074 1480 3135 dinger waren darin trefflich am Platze, Fräulein Helm
429 3131 1484 3183 gab die Titelrolle korrekt und mit vieler Mühe, aber ohne
435 3171 1473 3221 rechte Wärme. Artur Schnitzlers Burleske „Zum großen
429 3213 1479 3266 Wurstel“ verdanktung wahrscheinlich ge¬
432 3266 1477 3322 kränktem Dramatikerehrgeiz. Ihren vollen Sinn habe ich
434 3313 1476 3382 weder damals verstanden, da ich sie als Festbeilage einer
427 3351 1472 3414 Wiener Tageszeitung las, noch gestern, als ich sie vorzüg¬
427 3409 1480 3477 lich aufgeführt sah. Es wird wohl vielen — ich möchte
426 3451 1479 3519 kühnlich sagen: allen Leuten so ergangen sein, auch denen,
427 3502 1480 3569 die lebhaft applaudierten. Zweifellos „steckt was drin“.
427 3545 1477 3623 Wieviel aber, darüber ließe ich mich gern belehren.
425 3598 1479 3661 Den banausischen, mit „seinen" Dichtern wie mit Lakaien
426 3650 1473 3717 umspringenden Theaterdirektor, die beste und deutlichste
428 3687 1476 3750 Figur des Stückchens, karikierte Herr Anton Hofer in köst¬
415 3749 1475 3812 licher Weise. Die übrigen zahlreichen Darsteller mögen sich
388 3787 1043 3879 mit einem Pauschallob begnügen.
1679 229 2150 331 box 22/9
2031 693 2413 768 Telephon 12801.
2904 777 2968 837 9
2206 765 2919 885 „OBSERVER“
2012 860 3119 954 I. österr. behördl. konz. Unternehmen für Zeitungs-Ausschnitte
2209 927 2950 1007 Wien, I., Concordiaplatz 4.
2423 994 2732 1063 Vertretungen
2029 1029 3127 1107 in Berlin, Budapest, Chicago, Christiania, Genf, Kopenhagen,
2024 1097 3124 1158 London, Madrid, Mailand, Minneapolis, New-York„Paris, Rom,
2180 1125 2949 1183 San Francisco, Stockholm, St. Petersburg.
2369 1168 2775 1223 (Quellenangabe ohne Gewähr.)
2020 1214 3116 1345 Ausschnitt aus WVertblatt. Wien
2023 1340 2181 1402 vom:
2272 1323 2626 1449 —18 MnT Ob
2015 1429 3029 1482 Lustspiel=Theater. Der gestrige 136. literarische Abend
1988 1465 3028 1537 war literarisch. Drei Novitäten brachte er. „Die Fahrt
1993 1519 3017 1580 über den Styx“, Satire des Lukian, in schlechtestem
1997 1564 3008 1629 Zeitungsdeutsch bearbeitet von Paul Lindau, dann
1986 1627 3000 1685 „Mamzell Courasche“ ein Bild aus dem dreißig¬
1987 1657 3002 1734 jährigen Krieg von Erich Korn, Musik von Oskar
3046 1669 3095 1744 2
1987 1713 3016 1775 Strauß und endlich „Zum großen Wurstl“, eine
3023 1733 3099 1800 5
1991 1755 3011 1831 (zum Teile unverstanden gebliebene) Burleske von
1995 1796 3011 1887 Arthur Schnitzler. Es hatte sich höherwertiges
1997 1851 3008 1912 Publikum eingefunden, dessen literarische Bildung schon
1996 1895 3012 1967 nach dem eleganten Aeußern leicht zu beurteilen war.
2002 1976 3047 2041 Man war nämlich auch als Wohltätigkeit gekommen:!
2004 2022 3020 2103 zum Besten des „Ersten öffentlichen Kinder=Kranken¬
2006 2069 3028 2152 institutes in Wien". Daraus erklärt sich, daß bei der
1988 2114 3028 2197 zweiten Neuheit, bei „Mamzell Courasche“ ge¬
1997 2168 3031 2235 zischt wurde. Und dieses „Bild aus dem dreißigjährigen
1997 2206 3037 2285 Krieg“ ist voll feiner Gedanken und ein Theaterstück von
1993 2246 3028 2337 tiefer Wirkung. Daß eine Lagerdirne durch die Ehe mit
2006 2306 3032 2375 einem geliebten Mann zur „braven Frau“ werden kann,
2007 2340 3049 2424 paßte so manchen nicht, und als diese Dirne von jener
2007 2400 3042 2482 unverkäuflichen Ehre sprach, die Frauenwürde
2009 2443 3035 2520 heißt, eine Ehre, die sie mit der Ehe erworben zu haben
2012 2484 3046 2576 glaubt, schüttelten jene die Köpfe, welche für die Logik
2015 2528 3044 2611 des Frauenherzens kein Verständnis haben. Erwin Korn
2013 2580 3048 2665 konnte nur unter Widerspruch für den Beifall danken,
2005 2622 3046 2702 der ja doch gespendet wurde und den ihm in erster Linie
2011 2677 3039 2753 Angela Helm in der Titelrolle verdienen geholfen. So
2018 2708 3048 2812 sehr ihr alles Sinnliche fehlt, so verständnisvoll wußte
2029 2786 3053 2848 sie die schwierige Rolle doch zu gestalten. Der Takt in
2025 2821 3050 2911 dem Auseinanderhalten von Vergangenheit und Gegen¬
2029 2872 3041 2942 wart, die Innigkeit ihres Gebetes um Verzeihung für
2019 2918 3044 2991 die Jugendsünden waren köstliche Zeichen ihres großen
2021 2963 3049 3036 Talents. Als sie sich aufbäumte, um gegen die Schmach
2021 3006 3050 3089 zu protestieren, sich vor den Kameraden ihres Mannes
2023 3046 3049 3133 und wenn auch nur zum Schein, bloß deshalb prügeln
2019 3091 3058 3171 zu lassen, damit der geldgierige Italiener, ihr Gatte,
2036 3143 3058 3229 eine hohe Wette gewinne, wuchs sie zu tragischer Gewalt
2035 3192 3063 3268 empor. Neben ihr kam Horst Bulß als Fechtmeister
2031 3254 3064 3318 Sperlini kaum so recht zur Geltung, was allerdings
2036 3280 3059 3362 auch an der Rolle liegen mag; Nerz, Valberg und
2031 3345 3057 3415 Dumont schufen aber als frivole Offiziere gute Figuren.
2034 3381 3071 3467 Die Schnitzlersche Burleske „Zum großen
2030 3441 3070 3515 Wurstel“ interessierte lebhaft. Vielleicht ist sie aber
2032 3488 3062 3546 doch zu kompliziert, um als Stück zu wirken. Die Red¬
2037 3520 3070 3599 seligkeit ist groß. Des Witzes Würze aber ist die Kürze.
2033 3572 3062 3649 Einen besonderen Knalleffekt machte der „große Unbe¬
2044 3615 3063 3691 kannte“, der mit dem kritischen Schwerte Darsteller, Zu¬
2034 3655 3077 3738 seher und Unbeteiligte richtet. Es gibt keine so helden¬
2031 3708 3065 3776 hafte Kritik mehr, die wie der Lavaausbruch eines
2044 3754 3076 3832 Vulkans schonungslos vernichtet, was ihr in den Weg
2048 3805 3080 3873 kommt. Aber dem Publikum gefiel die Sache derart, daß
2040 3847 3069 3935 es sich auch noch eine Rede Jarnos anhörte, der für
2048 3890 3074 3967 die Aufnahme der drei Novitäten dankte. Nun — die
2047 3954 3079 4025 kleine Bühne hatte gestern wirklich großes geleistet und
2054 3993 3099 4074 gezeigt. Wenn jemandem Dank gebührt, so ist es der
2791 4040 3058 4109 X. v. 6—g.
2050 4051 2634 4138 Direktor dieser Bühne, Jarno!
