3436 4320
1697 307 2169 391 box 22/9
249 312 1640 389 17.3. Zum grossen stel
955 1254 2233 1301 Darstellung war dem Stücke ebenbürtig. Zu nennen sind die Herren
961 1286 2230 1340 Valberg, Dumont und Guttmann. — „Mamzell Conrasche“ ein reizendes
962 1333 2228 1380 Bild aus dem dreißigjährigen Kriege von Erich Korn gefiel nicht blos
957 1358 2230 1413 wegen des Costumes und wegen der famosen Darstellung durch die Herren
959 1406 2241 1456 Bulß, Valberg, Nerz, Strauß und Fräulein Helm, sondern auch wegen
974 1446 2234 1498 seiner Gratie und wegen seiner guten Charakterzeichnung. Aich hier ist
2326 1439 2396 1527 +
959 1487 2248 1534 ein Stück Leben, volles, pulsierendes Leben. — Eine Burleske neunt
862 1527 949 1584 11:
967 1526 2248 1572 Schnitzler sein Stück „Zum großen Wurstl“. Ist es nicht mehr? Mitten
962 1563 2240 1619 in dem skurrilen Spiel, unter dem Gelächter des Publikums oben und
960 1601 2235 1653 unten, beschleichen uns die Schauer des Unheimlichen. Der Dichter auf
960 1648 2245 1698 der Bühne, dem plötzlich vor seinen eigenen Gestalten Angst wird, ist er
961 1678 2238 1729 nicht der Dichter selbst, dem vor dem tollen Spuck der Menschen graust,
953 1729 2235 1777 die er selbst geschaffen und von denen er sein Hirn durch ein herzliches,
863 1734 919 1778 ei
968 1767 2244 1814 befreiendes Lichen entlasten will? Im „großen Wurstl“ zeigt Schnitzler
975 1803 2250 1851 seine geistige Verwandtschaft mit E. T. A. Hoffmann, der ja auch den
970 1835 2245 1893 Zusammenhang der Automaten und der Mirionetten mit dem rein¬
961 1881 2244 1929 menschlichen empfunden und dichterisch bearbeitet hat. Daß Jarno „Zum
962 1915 2242 1967 großen Wurstl“ zur Aufführung brachte, dafür verdient er besonderen
855 1927 946 1972 #nt
971 1969 2235 2003 Dank. Jarno liebt die Absonderlichkeiten, die Seltsamkeiten und daß er
967 1996 2238 2051 sie liebt und die ausgetretenen Pfade des Alltags verschmähend, seine
863 2002 944 2046 Nit
959 2047 2234 2088 eigenen Wege wandelt, macht ihn den guten Europäern wert. Daß er so
852 2045 947 2095 öhe
959 2069 2234 2125 nebenher auch den Erfolg auf seinem Wege findet, das kann dieser Wert¬
855 2092 945 2130 ter
2059 2110 2211 2168 P. H.
961 2124 1484 2185 schätzung keinen Abbruch tun
866 2130 945 2173 en,
866 2161 953 2209 sen
866 2209 945 2252 ge¬
1526 2171 1687 2295 650
856 2244 953 2288 Zur
863 2280 949 2343 ate
1960 2441 2363 2515 mmoee rrfauslüst auf
1342 2441 1800 2517 ##für das Publikum, das
1149 2495 2366 2562 alle Absichten des Autors einging und sich von seinen Schwächen nicht
2385 2495 2481 2567 be
1149 2553 1458 2613 verstimmen ließ.
1522 2579 1976 2659 Lustspieltheater.
1278 2652 2367 2703 Drei Einakter von verschiedener Abstammung, aber jeder eigen¬
1149 2684 2366 2751 artiger Prägung bildeten ein Dreigespann. Der erste „Die Fahrt
2379 2698 2468 2757 de
1138 2725 2364 2787 über den Styx“ fordert schon Ehrfurcht vor seinem Alter. Paul¬
1144 2772 2347 2817 Lindau hat ein sehr verdienstvolles Werk geleistej, als er die
1152 2780 2484 2859 Satyren des Lucian aus dem Schutt des Vergessens hervorholte und##
1153 2850 2372 2921 sie mit der modernen Pathetik durchglühte. Leider sind dem auf das
1168 2880 2365 2939 Sitstück eingedrillten Schauspielerkorps des Lustspieltheaters die stili¬
1145 2919 2377 2981 sierten Geberden fremd und so kam die lustige, Großmutter alter Satyre
1706 2962 2452 3019 Das zweite Stück „Mamselle ih¬
1152 2971 1666 3024 um den verdienten Erfolg.
2368 3002 2453 3065 20
1157 3004 2372 3054 Courasche“ schlug schon kräftiger ein. Der Autor, Erich Korn,
2392 3049 2464 3099 2
1153 3049 2368 3092 verfügt über bedeutendes dramatisches Geschick, kann auch den Dialog
1149 3084 2374 3140 durch nur allzu gepfefferte Apergus beleben, vergißt aber bei seiner
2395 3092 2462 3147 A0
1149 3114 2381 3170 Detailmalerei an das Wesentliche, an die psychologische Vertiefung.
1160 3154 2493 3212 Das Dramolet besteht eigentlich aus zwei den einander gelöteten;
1148 3194 2365 3255 Hälften, doch sind die Luftlöcher nicht so geschickt verstopft, daß sie
1149 3233 2374 3297 jeden fremden Luftzutritt versperren. Trotz dieser Schwäche gefiel das
1156 3278 2380 3334 Werkchen wegen seiner dramatischen Schlagkraft. Es fand auch eine
1151 3332 2384 3377 gute Darstellung; Fräulein Helm zeigte besonders in den leiden¬
1152 3352 2381 3425 schaftlichen Momenten großes Können und auch Herr Bulß charakte¬
2391 3383 2484 3456 ar
1152 3397 2379 3456 risierte den heißblütigen. geidgierigen Italiener vortrefflich. Die Herren
1155 3434 2377 3492 Dumont, Nerz, Kneidinger und Valberg waren gleich¬
1156 3476 2387 3535 falls recht tüchtig. Ein herrliches Ueberbrettlied von Oskar Straus
1163 3510 2380 3571 wurde von Herrn Strauß überraschend gut vorgetragen. — Den
2389 3520 2489 3601 ihr
1158 3550 2373 3614 Abend beschloß eine geistreiche, mutige Selbstpersiflage Schnitzlers
2393 3588 2485 3650 nic
1154 3592 2386 3650 „Zum großen Wurstl“ in der der Dichter allen, die von seines
1161 3631 2380 3687 Geistes Gnaden leben, das ominöse „Besen, Besen, seids gewesen“ zu¬
2399 3631 2497 3690 den
1150 3677 2372 3723 ruft. Die Herren Jarno, Hofer und Straßni stachen aus der
2398 3682 2478 3741 auf
1148 3725 2373 3774 übergroßen Reihe der Mitwirkenden durch ihren persönlichen Ton
2390 3732 2508 3789 ging
1156 3764 1309 3820 hervor.
2387 3778 2516 3846 Diä
1544 3803 1986 3879 Intimes Thaatae
2380 1328 2511 1464 7
