3484 4320
1182 264 1242 325 □
910 272 1015 327 0 S
1625 256 2195 351 box 22/9
267 256 1575 351 17.3. Zun gl16
1034 1123 1700 1199 Courasche leidenschaftlich an ihm
1716 1129 2370 1196 einanderlaufenden und ineinander¬
1039 1185 1698 1239 und die frühere „unehrliche" Dirne
1716 1190 2375 1238 greifenden Satiren, von denen die
1031 1220 1695 1272 gelobt, ein ganzes Leben voll unter¬
1719 1232 2388 1275 eine das Philistertum des Lebens,
1037 1270 1696 1317 täniger Liebe dem zu weihen, der
1717 1266 2373 1321 die andere die Prostitution der Lite¬
1044 1300 1698 1344 sie wieder ehrlich und zu seinem
1708 1299 2385 1349 ratur und des Theaters geißelt.
1037 1338 1696 1391 Weibe gemacht. Als aber Sper¬
1714 1342 2385 1394 Dort kommen die Typen aus dem
1028 1384 1685 1437 tini, gestachelt durch den Spott und
1706 1379 2385 1436 täglichen Leben, Direktor und Dichter
1036 1422 1692 1471 Hohn der Kameraden und durch
1712 1422 2377 1474 neben den verschiedenen Repräsen¬
1026 1454 1692 1513 Geldgier verleitet, eine heimtückisch
1712 1462 2375 1517 tanten des Theaterpublikums dargn:
1032 1495 1693 1556 gebotene Wette eingeht, Courasche
1713 1497 2382 1558 hier werden die zünftigen Poeten
1024 1550 1685 1592 vor Zeugen schlagen zu wollen und,
1717 1540 2374 1601 durch ihre Figuren, an der Spitze
1033 1579 1684 1625 ihren Bitten gegenüber taub, auf
1713 1583 2379 1633 Sudermann als Räsonneur, und
1029 1623 1690 1669 der Durchführung seines Vorhabens
1713 1613 2379 1677 die Leute von dem „die Welt be¬
1038 1654 1694 1703 besteht, da bäumt sich der tief¬
1701 1659 2382 1711 deutenden Handwerk“ dem Spotte
1038 1693 1691 1751 verletzte Stolz in ihr leidenschaftlich
1705 1688 2384 1748 preisgegeben. Ueberall Marionetten,
1034 1741 1691 1778 auf. Die gekränkte Frauenehre zu
1712 1740 2379 1788 hier wie dort, mit sichtbaren und
1036 1776 1697 1818 retten, stößt sie Spertini mit seinem
1712 1776 2368 1818 ohne sichtbaren Schnüren. Der D.¬
1028 1816 1446 1867 eigenen Degen nieder.
1716 1810 2380 1863 rektor wird zum Ausrufer einer
1093 1854 1684 1902 Diese einfache Handlung erfährt
1706 1849 2372 1893 Praterbude, zum Scharlatan, der
1030 1895 1688 1941 durch eine dem Milieu entsprechende
1711 1889 2366 1947 sein „Geschäft“ anpreist und das
1713 1935 2375 1983 ihm anvertraute Stück ad libitum
1024 1934 1685 1981 Musik von Oskar Strauß eine
1034 1964 1681 2013 wesentliche Ausschmückung. Die In¬
1703 1971 2380 2026 ausschrotet. Das Stück selbst, das
1032 2010 1682 2062 szenierung auf dem beschränkten
1701 2012 2373 2071 vom Wohlwollenden gut aufge¬
1034 2052 1687 2103 Raum des Lustspieltheaters war ein
1703 2051 2372 2099 nommen, vom Bissigen herunter¬
1030 2088 1676 2134 Meisterstück der Regie; des vollkom¬
1715 2090 2379 2139 gemacht, vom Naiven beklatscht und
1034 2129 1685 2180 men abgerundeten Zusammenspiels
1714 2129 2379 2168 von den „Bürgern“, den urteils¬
1025 2166 1686 2211 habe ich schon gedacht. Die beiden
1708 2171 2372 2227 losen Theaterbesuchern, je nach der
1031 2210 1690 2254 Haupfiguren wurden, u. zw. die Rolle
1707 2208 2368 2263 wechselnden Stimmung, bald gut,
1707 2248 2373 2294 bald schlecht behandelt wird, bietet
1028 2244 1690 2292 der Courasche von Angeia Helm,
1695 2283 2367 2328 den Skandalmachern den Anlaß zu
1022 2286 1679 2331 die außer ihrer liebreizenden Er¬
1027 2325 1675 2369 scheinung viel natürliches Tempe¬
1699 2320 2374 2370 einem heillosen Theaterskandal. Aber
1029 2368 1677 2412 rament mitbrachte und daher einen
1707 2362 2376 2417 bald geht es auf der Bühne oben
1698 2400 2364 2454 bunt zu. Die Marionetten des The¬
1016 2400 1688 2445 starken Wirklichkeitsschein erzielte,
1696 2438 2371 2483 aters streiken und wollen, unbe¬
1025 2442 1681 2485 die Rolle des Spertini von Horst
1706 2473 2368 2529 kümmert um das Publikum, ihren
1028 2479 1683 2525 Bulß, dessen italienisch=deutscher
1697 2514 2378 2571 eigenen Willen. Und die Marionetten
1032 2522 1681 2575 Dialekt nicht immer vollkommen
1707 2558 2373 2611 unten im Parterre des Gasthaus¬
1027 2560 1689 2611 einwandfrei war, namentlich dann,
1708 2593 2369 2645 gartens treiben es geradeso, nur
1026 2596 1685 2650 wenn sich der Schauspieler vom
1026 2631 1684 2682 Augenblick der Situation mitreißen
1691 2639 2363 2688 noch bunter und grauser, bis im
1024 2675 1677 2716 ließ (was ich natürlich nicht als
1699 2670 2373 2727 größten, zügellosesten Lärm das
1019 2715 1681 2769 tadelnde Bemerkung aufgefaßt wis¬
1694 2718 2358 2763 plötzlich zum Leben erwachte kritische
1700 2755 2362 2805 Gewissen mit einem Schwertstreich
1022 2750 1683 2814 sen will), mit voller Hingebung
1702 2794 2360 2848 die Marionetten auf der Bühne
1020 2789 1679 2845 gespielt. Treffliche Leistungen waren
1028 2830 1671 2884 ferner Eugen Dumonts alter
1705 2836 2365 2881 oben von den Schnüren trennt,
1030 2866 1684 2919 General und Louis Nerz' bramar¬
1698 2866 2374 2914 daß sie wieder zu toten Puppen
1018 2915 1679 2959 basierender Egloffstein; eine köstliche
1696 2908 2372 2961 werden und mit einem zweiten
1704 2957 2362 2998 Streiche die Marionetten unten ohn¬
1012 2947 1676 3007 Figur der Bierpriegl Karl Knei¬
1701 2992 2364 3041 mächtig zu Boden streckt. Die Regie
1018 2990 1681 3038 dingers. Den Abend beschloß
1014 3027 1673 3078 Arthur Schnitzlers einaktige
1710 3026 2370 3070 verdient auch hier volle Anerkennung,
1023 3061 1676 3114 Burleske „Zum großen Wurstl“,
1701 3068 2357 3111 sowohl für die durch technische
1702 3106 2359 3153 Schwierigkeiten erschwerte Insze¬
1022 3108 1675 3147 einer der originellsten und zugleich
1694 3148 2366 3203 nierung, als auch für Abstimmung
1014 3147 1681 3198 geistreichsten Einfälle des bekannten
1694 3184 2355 3232 und Tempo des Zusammenspieles.
1016 3185 1671 3245 Wiener Autors. An komischer Wir¬
1698 3221 2357 3268 Hervorzuheben sind Anton Hofer
1016 3228 1672 3274 kung ist dem Stücke, zu dem sich
1693 3253 2351 3311 als Direktor, Eduard Sekler als
1007 3266 1677 3315 Schnitzler die Objekte für seinen
1692 3297 2359 3344 Dichter, Richard Hauser (der
1014 3309 1678 3347 beißenden Sarkasmus aus Kunst
1697 3341 2354 3391 Bissige), Emil Guttmann (Her¬
1020 3343 1677 3394 und Leben holt, vielleicht nur noch
1020 3381 1669 3433 die Satire „Literatur“ zu vergleichen.
1686 3372 2367 3437 zog von Lawin), Fritz Straßni
1684 3414 2365 3468 (Kanzelist) und endlich Malva
1012 3416 1671 3465 Die Burleske besteht, wenn man
1020 3461 2356 3528 so sagen darf, quasi aus zwei neben= Rona (Lisl) und Hans Moser
