3392 4320
213 238 1513 337 17.3. Zum grossen Wurstel
856 450 1379 541 Wiener Theater.
1142 511 1552 600 Wien, 27. März.
718 588 1569 647 Abende voll exotischen Duftes. Griechische
653 635 1571 693 Satiren, englische Persiflagen, italienische Masken¬
656 680 1583 742 scherze, Lagerbilder aus dem dreißigjährigen
647 727 1545 775 Kriege und ein Stück Wienertum von heute, so
653 777 1572 823 farbig, von einem so geistreichen Stifte festge¬
651 807 1572 860 halten, daß es uns beinahe fremd anmutet: von
646 856 1570 910 solcher Theaterbuntheit waren diese letzten Wo¬
656 893 1573 948 chen. Hellenische Gewänder, Pierotkostüme, Hele¬
648 928 1572 989 barden, Londoner Sportdresses belebten die
637 986 1564 1028 Szene: so farbentoll ist der Wiener Theatervor¬
637 1011 1579 1062 frühling hervorgeschossen. Ist dieses Vorherrschen
638 1067 1576 1117 des Exotischen Zufall, oder ist eine feine, sym¬
640 1107 1570 1163 bolische Absichtlichkeit dahinter verborgen? Ge¬
636 1146 1573 1194 hört das Theater wirklich wieder dem klug ko¬
650 1184 1572 1245 stümierten Spiel, dem farbigen Einfall, der
641 1231 1574 1288 phantastischen Wendung? Wird diese nach dem
637 1271 1572 1324 Naturalismus=Aschermittwoch unserem Theater
635 1313 1150 1368 den Frühling bringen? .
736 1356 1572 1409 In diesem Dichterreigen gebührt einem Toten,
643 1381 1571 1449 einem der ganz Großen der Vortritt, einem, der
646 1438 1577 1491 nie an das Theater gedacht, einem der merkwür¬
650 1483 1579 1534 digerweise erst jetzt dem Theater gewonnen wurde
639 1513 1569 1569 Lund der uns mit unheimlicher Kraft in seinen
648 1565 1575 1623 Bann zu zwingen weiß. Ich spreche von Lu¬
645 1609 1569 1674 Zian und seinen „Totengesprächen.“ Dieser
664 1643 1581 1715 ggriechische Voltaire“ der Einsiedler von Samo¬
682 1697 1579 1744 #ta stellt bereits das gebrochene Hellenentum
658 1742 1577 1791 dar: vielleicht steht er uns eben deshalb heute
635 1778 1582 1832 mäher als irgend ein Schriftsteller des attischen
645 1815 1584 1865 Klassizismus oder der goldenen Latinität. Lucian
649 1871 1576 1915 war als Sachwalter durch viele Jahre nicht
650 1911 1574 1959 bloß bemüht, sich ein Vermögen zu erwirtschaften,
647 1946 1579 1999 das ihm Unabhängigkeit und literarische Muße
638 1999 1583 2041 sicherte: eben als Advokat fand er Gelegenheit,
647 2031 1578 2078 die Schwächen und menschlichen Absonderlich¬
648 2072 1579 2127 keiten auf das intimste zu studieren. So ward
644 2118 1584 2174 Lukianos der schärfste Satiriker der hellenischen
644 2156 1580 2211 Verfallsepoche. Der Arzt, mit einem dichterischen
637 2208 1575 2255 Blick begabt, wird fast immer Pessimist, Melan¬
641 2237 1583 2299 choliker: der Tod, dem er unaufhörlich begegnet,
650 2291 1579 2343 läßt ihn die Nichtigkeit alles Strebens, aller
638 2319 1580 2382 Liebe, jedes eiteln Wähnens erkennen. Der Ad¬
641 2374 1584 2421 vokat dagegen läuft beständig Gefahr, dem Cy¬
650 2403 1588 2471 nismus zu verfallen. Er sieht die menschlich=all¬
653 2459 1592 2505 zumenschlichen Motive hinter jedem Tun. Er
653 2498 1580 2549 fieht die kleinen Komödien des Daseins. Er
647 2536 1581 2588 sieht, dieser Philosoph der Geschäftsleute, wie
661 2580 1581 2633 Geldgier überall das Szepter führt, wie er selbst,
659 2623 1583 2670 lächelt er gleich ironisch dazu, dem Taumel er¬
645 2660 1579 2726 liegt. Geld! Geld! Geld! Dieser heisere Ruf
649 2713 1589 2769 schrillt uns in der Tat aus den Satiren Luciaus
650 2744 1576 2807 entgegen. Er läßt die Hetären zufammenkommen,
661 2792 1579 2842 wovon träumen sie? — Von dem „Schandlohn.“
654 2834 1592 2888 Er zeigt uns im Hades die Seelen der Verstor¬
654 2877 1589 2937 benen, noch immer sind sie von allzu irdischen
658 2924 1095 2986 Gelüsten nicht befreit.
745 2963 1587 3012 Diese Lucianischen Dialoge, Zwiegespräche
659 2991 1594 3055 von Geizhälsen, Wucherern, schurkischen Tyrannen,
649 3052 1590 3109 sophistischen Philosophen sind noch immer von
660 3088 1590 3143 unheimlicher Lebenskraft. Man erkennt, daß die
658 3126 1596 3179 Menschlichkeiten seit Jahrtausenden sich im Kern
662 3177 1611 3229 nicht sehr verändert haben. Nur die Konturen
658 3214 1607 3269 wechseln, das Bild bleibt immer das gleiche.
669 3246 1600 3317 Zwei dieser grauen, verstandesscharfen und zugleich
663 3310 1616 3347 mystisch stiefen Bilder hat Paul Lindau aus
655 3344 1611 3400 den „Totengesprächen“ geschnitten und auf die
652 3380 1610 3442 deutsche Bühne gestellt. Das eine zeigt uns Grup¬
662 3429 1605 3478 pen der Toten, die sich um Charons dunklen
665 3466 1609 3514 Nachen drängen. Jammer und Wehklagen füllt
666 3507 1608 3558 die finstere, von schwermütiger Musik tönende
652 3547 1615 3602 Luft. Da ist nicht einer dieser Abgeschiedenen,
657 3596 1618 3640 der sich gerne zur Fahrt rüstet; mancher schlägt
658 3640 1614 3688 verzweifelt um sich und muß wie ein Rasender
656 3669 1612 3731 gebändigt werden. Und welche Schrecken erst vor
667 3724 1608 3777 dem Richterstuhl des Totenrichters! Aengstlich
670 3770 1613 3823 späht jeder nach seiner Brust. Ist sie nicht über¬
680 3802 1616 3863 sät von Wundmalen und Geschwüren? Denn alle
672 3862 1615 3907 fündigen Gedanken seines Lebens brechen als wi¬
674 3889 1616 3940 derliche Gebreste aus der Brust der Gestorbenen
671 3934 1620 3988 hervor. Und hier wird strenge gerichtet: der
677 3978 1627 4029 Fleckenlose darf, von Musik geleitet, in das Ge¬
668 4028 1618 4081 filde der Seligen hinüber, mit furchtbaren Höl¬
669 4063 1620 4109 lenstrafen wird der Sünder gezüchtigt — eine
668 4108 1616 4164 ebenso einsach=klare wie in ihrer Sinnenfälligkeit
752 4150 1617 4198 sogar Diwan und Nachtlamve des Lüstlinas
1677 228 2137 319 box 22/9
1704 339 1780 410 aennten
1572 430 2526 494 treten als Personen auf — antik künstlerische
1580 474 1743 534 Ethik
1675 502 2538 571 Das Wiener Lustspieltheater, das sich keinem
1594 555 2536 606 Experimente verschließt, hat auch die Lindausche
1595 601 2532 657 ziemlich kunstlose Bearbeitung dieser Dialoge, die
1601 642 2536 691 unter Schemen spielen und doch voll quellenden
1595 684 2538 734 Lebens sind, auf die Bühne, die schmale Prater¬
1592 727 2542 777 bühne, zu stellen gewagt. Um ganz zu wirken,
1594 767 2532 820 hätte das Bühnenbild in tiefere, geheimnisvollere
1589 809 2544 864 Farben getaucht sein wüssen, als dieses Theater
1592 862 2532 909 aufzubringen vermag. Dennoch hat die Kraft
1589 894 2535 954 und Gröpe der Satire auch hier gewirkt; man
1596 939 2530 988 fühlte sich dem gegenwärtigen Tage entrückt und
1586 984 2544 1043 von Erinnerungen und Ahnungen wie von grauen
1599 1027 2050 1077 Schleiern umsponnen.
1665 1059 2528 1138 In das lebendigste, lärmendste Treiben da¬
1600 1112 2537 1182 gegen führte uns Erich Kodns historisch¬
1590 1160 2526 1210 tragischer Einakter „MamzelNCourage“
1594 1196 2545 1269 mitten hinein. Der Hintergrund dieses Dramas
1594 1240 2544 1287 ist kulturhistorisch reizvoll genug: das Lager¬
1597 1280 2535 1333 leben des dreißigjährigen Krieges, die Zeit des
1600 1325 2529 1374 Grimmelshausen, aus dessen Conrage=Roman der
1593 1363 2531 1419 Einakter das Motiv entnimmt. Fräulein Courage
1594 1410 2536 1456 ist eine Soldatendirne, mutig, ein guter Kamerad,
1592 1449 2534 1499 dabei nicht ohne zärtliches Gefühl. Obwohl sich
1597 1490 2532 1541 das ganze Offizierskorps ihrer Liebe rühmt, fand
1600 1533 2535 1588 sie dennoch in diesen durchaus nicht konven¬
1590 1575 2538 1638 tionellen Zeitläuften einen sehr schmucken Ge¬
1601 1614 2530 1668 mahl. Von den Kameraden gehänselt, bietet er
1599 1661 2524 1709 diesen die Wette: er wird vor dem ganzen Lager
1589 1704 2527 1747 seine junge Frau in der Hochzeitsnacht peitschen.
1597 1745 2540 1807 Schon hebt er den rohen Arm zum Schlag, da
1599 1782 2541 1840 sticht ihn die Dirne, die noch immer die weibliche
1592 1839 2530 1880 Würde nicht verlor, mit dem Degen nieder.
1598 1862 2543 1925 Dieses Stück trifft den derben, brutalen, maß¬
1593 1903 2536 1968 losen Ton dieses Kreises und der Zeit ungemein:
1595 1959 2536 2022 gleich einer farbigen Impression saust das Ganze
1601 2008 2536 2051 geschwind vorüber. Der Schluß verstimmt ein
1602 2048 2535 2101 wenig durch die fast selbstverständliche Pointe.
1597 2076 2531 2137 Man erwartet die überraschenden, geistreichere
1602 2125 2540 2184 Wendung; statt dessen kommt doch nur der schrille
1597 2160 2546 2224 Theatercoup. Herr Korn hat bisher der Bühne
1596 2221 2543 2261 einige romantisch gefärbte, sehr theatergemäße,
1607 2254 2530 2306 phantasiereiche Einakter mit stark pantomimischem¬
1599 2299 2529 2346 Einschlag gegeben. Auch in „Mamzell Courage“
1610 2335 2529 2389 waltet ein gewisses pantomimisches Element vor.
1609 2381 2538 2432 Schnitzlers „Praterwurstel“ der diesen Abend be¬
1612 2424 2530 2477 schröß, ist ganz als Puppenspiel gedacht. Das
1610 2462 2534 2515 Stück bildet eine Art Satyrspiel zu Schnitzlers
1608 2503 2537 2551 eigenen ernsthaften Werken. Auf der Hauswurst¬
1602 2549 2540 2605 bühne sehen wir die Lieblingsfiguren dieses Dich¬
1600 2588 2544 2644 ters, das süße Mädel, den süßen Lebebuben, das
1591 2628 2536 2673 dämonische Weib, den Raisoneur, den eifersüch¬
1599 2670 2546 2717 tigen Gatten, den Tod als Marionetten ein iro¬
1595 2708 2545 2774 nisches Stückchen tragieren. Dabei fallen hübsch
1607 2750 2544 2816 gedrechselte Worte, auch Kritik und Publikum
1599 2803 2545 2860 bekommen ein paar elegante Degenstiche: zum
1613 2845 2545 2899 Schluß erweitert sich der literarische Puppen¬
1616 2878 2547 2952 scherz fast zum Welttheater, von nachdenklichen
1609 2923 2540 2976 Lichtern beleuchtet. Ein „Stück“ ist diese
1604 2968 2545 3020 Schnitzlergroteske natürlich nicht, aber sie wird
1606 3000 2546 3067 den Schätzern und Kennern dieses zartsiungen,
1613 3052 2563 3122 noblen Geistes schon als biographischer Beitrag
1610 3092 2148 3175 vonftärkem Interesse sein.
