3392 4320
1665 268 2143 377 box 22/9
206 289 1519 384 17.3. Zun grossen Nurstel
871 1165 1349 1275 S  A
1951 1227 3182 1301 das Glühvoll=erotische, das Schmiegsam=katzenartige, hingegen
742 1241 1961 1325 Anerkennung, als ihr seitens des blasierten Premierenpubli¬
1956 1285 3184 1353 gelangen ihr die tragischen Akzente überraschend gut und in der
748 1291 1961 1386 kums zuteil wurde. Schließlich hat doch ein Großgründler im
132 1285 474 1387 ltheater.
763 1340 3180 1418 Kunstreiche das Wort ergriffen und einige ewige Wahrheiten Schlußszene wuchs sie zu bedeutender künstlerischer Größe em¬
133 1361 763 1446 von Lucian. — „Mademoiselle
1965 1381 3184 1451 por. Die Herren Bulß und Dumont schufen recht charak¬
763 1393 1965 1467 so fein, so subtil gesagt, daß schon die Pietät die Zischer hätte
189 1415 769 1496 „Zum großen Wurstl“ von
1931 1425 3190 1520 teristische Figuren, Herr Strauß sang ein von Oskar Strauß
762 1460 1120 1536 dämpfen müssen.
135 1471 388 1534 Schnitzler.)
824 1531 3182 1576 Daran schloß sich das Dramolet „Mademoiselle Cou= komponiertes reizvolles Lied sehr brav und Herr Knei¬
131 1511 771 1605 nschen nbereifrigen Wahl, nur
765 1526 3191 1635 rasche“ von Ernst Korn. Ein nicht übles Grundmotiv bildet dinger traf das Versoffene, Brutale seiner Rolle vortreff¬
131 1583 759 1647 ren, war wohl der letzte Abend.
762 1569 3195 1678 das Knochengerüst: Wie aus der Dirne das latente Weib er= lich. Unznlänglich waren aber die Herren Nerz und Val¬
132 1637 754 1693 ister Beschaffenheit wurden an¬
770 1636 2122 1731 wacht, wie dieses von ihrem Gefühlsleben Reverenz verlangt berg.
129 1669 772 1748 Ane für sich die Emanation einer
2038 1672 3186 1755 Das Ereignis des Abends war aber unstreitig Schnitz¬
769 1694 1974 1782 und den Geliebten niedersticht, als er ihre Frauenehre an¬
136 1728 755 1790 den Reigen eröffnete ein archäo¬
1966 1735 3189 1817 lers „Zum großen Wurstel“. Schnitzler vergleicht
771 1755 1964 1832 tastet. Auch das Beiwerk, das sich um die Handlung rankt,
139 1778 770 1850 ks. Dieser glänzende Routinier
1960 1798 3192 1867 hier wiederum die Menschen mi tden Marionetten und leistet
770 1798 1975 1879 verrät großes dramatisches Geschick. Aber eines fehlt, was
138 1827 757 1887 [Lucians übersetzt, und eine,
1960 1843 3188 1913 sich zum Beweise dieser Therorie den geistreichen Sport, seine
766 1852 1967 1927 dem Einakter literarische Bedeutung verliehen hötte: das Zeit¬
138 1881 769 1935 modernen Empfinden am stärk¬
1968 1902 3191 1968 eigenen Figuren auf ihre Urform, auf ihre Urzelle zu redu¬
762 1892 1973 1975 kolerit. Der Autor hätte zeigen müssen, wie der dreißigjährige
138 1923 769 1986 ber den Styx“, beschien Freitag
1974 1939 3194 2017 zieren. Und ergötzlich zeigt er, wie ihre rudimentäre Linie
769 1951 1962 2032 Krieg aus den Menschen alle Gewaltinstinkte zur Oberfläche
135 1978 757 2033 usgesagt: Das Experiment ist
1971 1988 3196 2072 sich so gräßlich ächerlich verschnörkelt, wie das Durchschnitts¬
763 2005 1961 2071 befördert sie auch seelisch devastiert, in ihnen alle seinen Re¬
136 2023 761 2083 bertragung wie der Darstellung
1963 2041 3192 2104 mäßige im Speziellen unaufhörlich hervorsickert. Die meisten
767 2049 1965 2125 gungen zerstampft hat; wie die Nichtachtung des fremden
138 2077 763 2136 aul Lindau hat teilweise den
1963 2092 3198 2159 Menschen lehrt er, haben nur einen Ton in der Kehle, eine
777 2100 1970 2170 Lebens auch den Seelenmord, die gewohnheitsmäßige Plün¬
141 2120 764 2184 griechischen Tragödie parodiert,
1961 2138 3196 2197 Geste, ein Augenspiel. Und an den Fäden ihres kleinen We¬
775 2150 1971 2226 derung auch den Raub des Gewissens gezeitigt hat. Nur ge¬
137 2175 765 2239 kliner Schnoddrigkeiten als Kon¬
1968 2179 3194 2264 sens zappeln sie sich langsam zu Tode. Sie hängen ihr Ich
774 2210 1972 2270 dungene Empfindungen, besoldete Vibrationen, angeworbene
138 2219 763 2283 st wollte er dem Hörer die
1972 2233 3194 2320 an ihre äußeren Merkmale und lassen die Gefühle wie Kreisel
771 2249 1976 2322 Sentimentalitäten sollten im tragikomischen Zwielicht vorbei¬
143 2273 765 2337 de, die sich zwischen Lucians
1980 2288 3194 2355 um diese herumschwirren. Maßen sie sich einmal ein eigenes
773 2310 1965 2375 huschen. Daneben viel Platz der tollen Genußsucht, das Be¬
135 2328 775 2387 reckt, klar ins Bewußtsein brin¬
1970 2337 3199 2409 Sein an, wollen sie ihre Innenmauern durchbrechen, schwupps
776 2354 1972 2424 grüßen der Wonne mit: „Morituri te salutant“; denn es ist
162 2366 774 2429 Salto übersprang er sie, zog
1972 2383 3200 2464 kommt der größte Wurstel und durchschneidet die Schnürchen.
778 2405 1977 2468 vielleicht das letztemal. In dieses Milien die ewige Tragödie
149 2418 777 2478 Toga aus, zwang dessen Glie¬
1984 2445 3194 2502 Dann sinken sie lautlos zusammen. Genie, Schicksal, Bewußt¬
774 2443 1979 2522 der Dirne zu stellen, sie den dreißigjährigen Krieg mit der
154 2466 770 2527 e in Germany. So hörte man
1971 2474 3199 2556 sein, für die Ewigkeit bedeutet der schwarze Unbekannte nur
786 2487 1973 2567 Alltagsmoral agleichfalls ausfechten zu lassen, und aufzudecken,
141 2517 784 2578 die des Autors und des Nach¬
1974 2531 3199 2613 der große Wurstel. Schnitzler hat auch seine Theorie folge¬
789 2544 1976 2620 wie der Kampfdunst mit der heiß dampfenden Sinnlichkeit in
133 2567 770 2620 ionisch ineinanderflossen. Lucian
1979 2557 3209 2655 richtig durchgeführt. Im Zuschauerraume sitzen für ihn auch
783 2597 1976 2668 eins zerfließt, wäre eines Dichters würdige Aufgabe. Statt
137 2617 783 2683 bischenrufe während des Lindau¬
1975 2631 3207 2697 nur Puppen, konstruierte Mechanismen. Er nennt sie auch:
777 2641 1979 2709 dessen bringt Ernst Korn im ersten Teil einen Operetten¬
140 2669 783 2728 hnierend wirkte das Ensemble.
1985 2685 3210 2749 Der Bissige, der Naive, der Wohlwollende, der Bürger usw.
781 2691 1989 2768 general auf die Szene, ein speiender Monte Pelee der Zwei¬
143 2711 786 2779 edes ihrer langdehenten Worte
1987 2727 3206 2804 Ihn dünken diese Geschöpfe nur Umschweife um eine Eigen¬
778 2738 1985 2808 deutigkeiten, und läßt Offiziere von Weibern schwatzen, als
164 2764 777 2828 Pumphosen. Herr Dumont
1988 2780 3207 2857 schaft. Sie sind nur Halbe=, Drittel=, Zehntel=, Hundertstel¬
781 2787 1988 2864 wären sie im Maxime und nicht im Kriegslager. Das Publi¬
160 2809 788 2874 bei Kommerzienrats geladener
1992 2806 3207 2902 Menschen. Mit welchem hinreißenden Witz, übermütiger
780 2840 1985 2914 kum glaubte nach dem Ansang, in dem sich die Laszivitäten
135 2861 793 2929 Valberg krächzte wedekindisch,
1986 2901 3205 2946 Laune, und dabei dämonischer Wildheit doziert dabei Schnitzler
785 2899 1989 2964 nur so überpurzelten, die von allen anderen Nächten so aus¬
152 2910 780 2965 wand sich in hysterisch treuen
1982 2928 3217 2999 seine Thesen. Es ist Philosophie im Dreivierteltakt, in süßen
787 2935 1986 3012 gezeichnete Brautnacht werde nun mit „handgreiflicher“ Deut¬
147 2960 778 3017 n bemühte sich in seiner Aus¬
1990 2977 3201 3046 Walzerrhythmen. Gespielt wurde die Kleinigkeit ausgezeich¬
786 2987 1978 3063 lichkeit exekutiert werden. Aber der Verfasser ließ die Chose
147 3002 781 3076 schen Böhmen und Griechenland,
1991 3024 3205 3100 net. Die Herren Jarno, Hoser, Sekler, Strauß,
785 3034 1992 3113 tragisch umkippen und enttäuschte somit die Erwartung. Man
144 3058 784 3122 und der ewige Richter des Herrn
1995 3076 3212 3150 Straßni, Gutmann seien aus der großen Fülle der
784 3090 1977 3152 wollte sehen und war verurteilt, zu hören. Aber jedenfalls
145 3095 799 3174 #end eines Verteidigers. Sosch
1996 3131 2799 3220 Mitwirkenden besonders hervorgehoben.
787 3134 1989 3215 sei konstatiert, daß Korn großes dramatisches Talent und viel
139 3146 791 3229 onst so tüchtige Künstlerschaar des
135 3185 1997 3271 ösen. Aber immerhin verdient Esprit in der Dialogführung besitzt. Die Darstellung hielt
137 3215 2039 3349 der Köstlichkeiten Lucians mehr sich auf mittlerer Linie. Frl. Helm fehlt für die Dirne
