3436 4320
1157 296 1232 369 W
1687 293 2161 388 box 22/9
256 297 1561 414 17.3. Zun grössen ürstel
214 1327 293 1427 2
1003 1431 2143 1485 Durch die gottesdienstliche Feierlichkeit aber, mit der im
179 1424 702 1526 Feuilleton.
1001 1481 2145 1531 Lustspieltheater der Lucian zelebriert wurde, blitzte die
1005 1524 2150 1588 Komik nur in den Augenblicken des grellsten Aufleuchtens.
205 1512 646 1621 Lustspieltheater.
1011 1573 2139 1636 Ihre zarteren Lichtern merkte man nicht. Der Tyrann
195 1602 980 1658 über den Styx“ von Lucian;
1008 1617 2140 1681 (von Herrn Valberg sehr gut geschluchzt und gewütet)
183 1650 988 1698 ourasche“ von Erich Korn; „Zum
1006 1676 2142 1735 war eine durchaus tragische Figur. Man fühlte „Schauer
183 1681 920 1739 urstel“ von Arthur Schnitzler.)
997 1723 2144 1771 des Gerichts“. Und es wirkte ziemlich seltsam, als der
196 1726 985 1796 über den Styr“ ist eine Salire, welche
1005 1762 2140 1816 Tyrann bei der Mitteilung, er sei an einem vergifteten
172 1774 980 1829 n Gegenständen beschäftigt. In der Ein¬
1004 1816 2137 1858 Trank gestorben, dumpf bemerkte: „Darum war er
171 1823 981 1889 rstellung des Lustspieltheaters übernebelte
996 1857 2132 1934 so bitter!“ Der Philosoph Kyniskus ist wohl keine so
179 1879 985 1944 ein wenig die Satire. Es kam nicht recht
996 1917 2138 1975 durchaus sympathische Edelfigur, als welche er auf der
216 1928 977 1992 weil die des öfteren von einem derb¬
991 1960 2138 2026 Bühne erscheint. Er stirbt an seiner Freßgier, nimmt
182 1975 978 2038 zerrissen wurde; und es kam nicht recht
1005 2004 2142 2067 einen Knüttel auf die Hadesreise mit und hilft die
183 2029 988 2086 die, kaum daß sie sich zeigte, hinter
995 2058 2142 2124 fliehlustigen Toten arretieren. Die Philosophie und der
165 2059 974 2132 n wieder verschwand. Die Komödie be¬
1001 2106 2136 2171 Tod kriegen jeden unter. Ich bin überzeugt, auf
197 2115 985 2179 ziemlich respektlosen, von Pöbelworten
1003 2153 2137 2210 der Oberwelt hat der Kyniskus dem Tyre# nen genau so
190 2166 970 2230 Rede des Charon. „Parodie“ dachte
994 2198 2139 2267 schön getan, wie nachher der Klotho, dem Charon und
171 2216 975 2278 nd stellte seine Empfindungsmaschine auf
1001 2239 2139 2304 dem Rhadamanthys. Ein allzeit Bereiter, mit seiner
182 2263 971 2329 erauf kamen tragis#he Töne, resignierte
1000 2297 2137 2354 dialektisch dehnbaren Theorie der Praxis dessen, dem
190 2309 976 2382 Tod und Leben,itere Maximen von
998 2346 2138 2412 augenblicklich die Macht gehört, beizuspringen. Dem
173 2338 971 2411 keiten der Oberwelt und philosophische
997 2397 2142 2460 Hermes hilft er Tote fangen, dem Charon rudern, dem
218 2407 971 2470 die Gerechtigkeit der Unterwelt. Die
1001 2448 2134 2500 Rhadamanthys richten. Ein prachtvoller Kerl neben diesem
289 2446 980 2526 funktionierte natürlich gar nicht.
996 2499 2140 2554 Schuster der Philosophie ist der philosophische Schuster
293 2511 973 2573 ernst? überlegten die gut¬
998 2548 2131 2602 Mycillus. Ein Todeskünstler wie jener ein Lebenskünstler.
251 2544 984 2624 und drehten dem Dichter die
991 2587 2140 2652 Er macht sich mit seiner einfachen Logik das Totsein
261 2592 974 2671 Seite ihrer Seele zu. Da
995 2637 2139 2684 leicht, angenehm, fast deliziös. Eine altgriechische Nestroy¬
179 2640 965 2719 Bühne, an ein junges repräsentatives
992 2684 2131 2747 Figur, ein Frozzler des himmlischen, des irdischen, des
168 2688 967 2758 nallt, ein Sopha, um gegen seinen Be¬
990 2737 2139 2806 unterirdischen Pathos. Müßte ganz drollig, gemütlich,
168 2744 973 2822 er vor Rhadamanthys auszusagen. Ein
991 2778 2133 2843 ich möchte sagen: ein bißchen alkoholisch gespielt werden,
167 2789 971 2864 billonschen Möbels, nur nicht so ge¬
982 2822 2130 2887 was Herrn Guttmann leider gar nicht gelingt.
179 2836 964 2904 s. Das Luciansche Sopha entschlägt sich
992 2884 2128 2960 Seine Komik ist in der großartigen Welt des Stückes
214 2901 968 2955 mit der Begründung: es sei ihm
990 2922 1292 2996 höchst geniert.
202 2934 980 3001 vielen Leuten zu sprechen. Mit so
184 2984 984 3054 smen“ entwischt der Dichter wieder dem
1072 2981 2128 3044 Das Lustspieltheater hat sehr viel Sorgfalt an die
171 3039 964 3097 er, wie früher mit seinen Weisheiten
983 3044 2133 3112 Inszenierung dieser „Fahrt über den Styx“ gewandt,
184 3073 968 3149 Zum Schluß bleibt ein Schwindelgefühl
994 3096 2126 3153 und Fräulem Joseffy spricht die Parze geradezu
175 3140 961 3188 der wiederholt gedrehten Zuschauer und
987 3135 2126 3206 hoheitsvoll. Das Publikum versagte. Es waren nicht die
176 3187 970 3255 Empfindung, daß sie ein plagereiches
985 3202 2130 3254 gewöhnlichen Premierenleute: das heißt, es fehlte in der
175 3229 456 3290 tanden haben.
991 3234 2126 3292 Hörerschaft der Fonds an Snobismus, aus welchem sonst
175 3263 969 3346 de, daß man diese „Fahrt über den
989 3284 2128 3337 in einem so hochliterarischen Fall wie „Lucianos aus
173 3326 965 3379 rker auf den grotesken Ton gestimmt
980 3341 2125 3415 Samosata“ die Defizite an Intelligenz und künstlerischem
180 3373 964 3444 igkeit wären dem feiner nachfühlenden Zu¬
996 3376 1514 3459 Geschmack gedeckt werden.
183 3430 963 3496 tiven ins Ernsthafte nicht verlegt worden.
2245 1429 3303 1499 „Mamzell Courasche“, ein Akt von Erick
2166 1486 3301 1534 Korn. Warum? Wozu schreibt man „Mamzell
2151 1533 3307 1575 Courasche“? Wenn es ein historisches Faktum gäbe, oder
2166 1578 3311 1641 eine Legende: „Mamzell Courasche“, dann verstünde ich,
2164 1624 3302 1682 daß es einen reizen könnte, solchen Einfall der Historie
2156 1680 3302 1743 auszunützen. Aber derlei frei zu erfinden, zu „schaffen“,
2160 1735 3304 1792 einen umständlichen qualvollen Gebärprozeß vorzunehmen,
2158 1769 3308 1825 um „Mamzell Courasche“ ans Tageslicht zu bringen?!
2165 1820 3307 1864 Es geschieht allerlei, die Welt ist bunt, es gibt einen heiteren
2166 1869 3293 1919 General, einen witzigen Klugschwätzer, einen betrunkenen Laller
2163 1916 3302 1984 dann gibt es eine Dirne mit Ehre, auf welche junge
2151 1969 3294 2026 Dame schon einmal siedendes Oel geträufelt wurde, ein
2156 2017 3293 2067 soldatisches Hochzeitscouplet, einen sinnvoll gesteigerten
2161 2065 3295 2128 Streit aus höchst spezieller Ursache, und schließlich sticht
2161 2117 3302 2184 ein naheliegender Degen die tragische Pointe heraus.
2154 2157 3301 2211 Das ist alles sehr fest nebeneinander=, aufeinandergestellt.
2151 2207 3304 2265 Nicht mit Logik, sondern mit Maurermörtel gekittet, aber
2151 2258 3296 2326 haltbar und von den wildesten schauspielerischen Gebärden
2146 2302 3295 2372 nicht umzuwerfen. Ein Theaterstück aus Stein. Aufregend,
2158 2360 3307 2419 aber die Tiger bei Ronacher sind aufregender: Emotionen
2147 2387 3297 2452 aus den Nerven schüttelnd, aber zwei Liter Poys¬
2147 2446 3302 2524 dorfer in der Weinstube Z. am Hof tun das weit
2151 2493 3303 2562 besser; spannend, aber ein hitziges Finish, wenn man
2149 2548 3291 2601 sein letztes Geld gesetzt hat, fesselt stärker. Hat die
2157 2596 3302 2661 Kunst nur den Zweck, unseren Nerven reinlichere Exzesse zu
2163 2647 3306 2708 gestatten? Ein Ersatzmittel für Débauchen zu sein, zu
2150 2691 3295 2743 denen uns Gelegenheit, Zeit und Geld fehlen? Ich sehe
2148 2748 3298 2809 Sinn, Zweck, Notwendigkeit solcher Kunst nicht ein, die
2144 2785 3300 2848 dem Gehirn und der Empfindung gar nichts sagt, die
2146 2842 3288 2907 nichts tut, als durch einen halbwegs plausiblen Vorgang
2155 2889 3291 2954 unsere Aufmerksamkeit wie ein elastisches Bandel straff zu
2160 2939 3291 2990 ziehen und wieder loszulassen. „Ein Opernstoff“ sagten
2159 2965 3294 3035 alle von der Erfindung des Herrn Korn. Weil alle
2161 3031 3290 3102 spürten, daß das der Sache eine Art Daseins=Legitima¬
2151 3082 3297 3143 tion gäbe. Sie wäre dann Vorwand für Musik. Aber
2145 3127 3305 3188 so? Der Akt des Herrn Korn ist ein famos ineinander
2144 3181 3296 3257 gehämmertes Gerüst. Aber Gerüst wofür? Ein Gerüst,
2146 3231 2972 3302 das nichts zu tragen hat, als sich selbst.
2232 3290 3295 3347 Fräulein Helm taugt für die äußerliche Tragik
2134 3345 3289 3392 der „Mamzell Courasche“ sehr gut. In solchen schwer¬
2147 3402 3286 3464 athletischen Theaterübungen zeigt sie sogar Bravou; und eine
2135 3419 3300 3508 gewisse materielle Stärke, unter der ein zarteres Gebilde
