3436 4320
2131 178 2407 256 —
1560 235 2017 327 box 36/4
214 223 1416 353 1. Panphlets, Offprints
1245 1027 2088 1082 Neuwiener Schicksals= und Stimmungsdichtung
2309 1020 2450 1122 167
1609 1136 1938 1207 ich taste kläglich,
1243 1190 2088 1259 Wenn mich die Dinge zwingen zum Entscheiden:
1241 1245 1966 1310 Mich zu entschließen ist mir unerträglich,
1238 1294 1979 1374 Und jedes Wählen ist ein wahllos Leiden.
892 1368 2448 1426 Und von entschlußfähigeren Freunden sprechend, meint er: „O, wie ich sie
884 1428 2453 1485 beneide um ihr Wollen!“ Aber in diesem Neid des Willenlosen steckt Koketterie,
884 1494 2451 1561 denn ihm ist in seinem Zustand wohl. Gibt er sich doch ohne alles lästige
887 1545 2456 1616 Gefühl der Verantwortlichkeit und Pflicht jeder Stimmung und dem Genuß
871 1603 2465 1673 jeder Stunde hin, übt sich darin, alles was ihm das Leben bietet, auch das
886 1663 2466 1723 Schmerzliche, auch das Ungeheure, als Genuß, als ein ihm bereitetes Fest zu
877 1731 2480 1793 betrachten und macht aus solcher Schwelgerei ein System und gar eine Art
892 1783 1187 1864 Sittengesetzes.
1232 1823 1976 1884 Laß Dir des Heute wechselnde Gewalten,
1236 1879 2033 1941 Genuß und Qualen durch die Seele rauschen,
1237 1933 1927 2000 Vergiß das Unverständliche, das war:
1227 1971 2088 2045 Das Gestern lügt, und nur das Heut ist wahr!
1235 2035 1967 2084 Laß Dich von jedem Augenblicke treiben,
1235 2086 2062 2135 Das ist der Weg, Dir selber treu zu bleiben!
1224 2122 2091 2193 Der Stimmung folg', die Deiner niemals harrt,
1231 2175 2069 2251 Gib Dich ihr hin, so wirst Du Dich bewahren.
886 2259 2451 2327 Den hastigen, schwankenden Genießer zu zeigen, der jede Stimmung ganz aus¬
891 2332 2460 2386 beutet, unbekümmert um das Schicksal der ins Spiel gezogenen Mitmenschen,
881 2374 2458 2444 wird fortan eine Hofmannsthalsche Hauptaufgabe. So ist der Mädchenjäger
884 2434 2468 2502 Florindo in dem possenartigen Lustspiel „Cristinas Heimreise“, so ahnt die
880 2498 2453 2567 Feldmarschallin, die von sich selber her den Maßstab nehmen mag, ihren blut¬
891 2559 2457 2628 jungen Octavian, so — nur ins Derbstoffliche übertragen — ist in derselben
892 2616 2444 2690 Komödie: „Der Rosenkavalier“ Ochs von Lerchenaus falstaffisches Wesen gerichtet,
881 2667 2447 2731 und so greift der Baron in dem Versspiel „Der Abenteurer und die Sängerin“
890 2733 2470 2807 das Leben an, wobei sein Ausschöpfen des Daseins auch wieder zumeist auf
894 2797 2458 2873 „Frauen, Frauen, Frauen wie Wellen! wie der Sand am Meer! wie Töne in
884 2860 2455 2932 einem Saitenspiel!“ hinauskommt. Aber schwelgerischer als im Darstellen solcher
883 2913 2454 2982 Genießer erscheint Hofmannsthal dann, wenn er ein Tragisches aufrollt zu dem
893 2962 2459 3028 offenkundigen Zweck, durch die Stimmung des Ganzen, durch seine malerischen
881 3020 2469 3084 und rhythmischen Werte zu reizen. Er hat dann nicht die Objektivität des
882 3084 2467 3162 Dramatikers, der allen Dingen ihren Lauf läßt, sondern etwas von der
884 3149 2469 3210 wollüstigen Anteilnahme eines Nero an dem von ihm angeordneten grausamen
893 3203 2457 3272 Spiel liegt in der sehr deutlich zu spürenden Stellung des Autors etwa zu dem
892 3257 2454 3324 mit äußerstem Raffinement auf stimmungshaftes Wirken hinarbeitenden Einakter:
895 3336 2456 3391 „Die Frau im Fenster“. Von Sympathien des Dichters für seine Menschen,
886 3387 2459 3441 die er allzu oft zu bloßen Farben und Klängen gestaltet, kann im wesentlichen
891 3430 2473 3496 nur da die Rede sein, wo er die Schwachen und Haltlosen zeichnet. Das hat
887 3505 2474 3563 er im „Geretteten Venedig“, der nach Otways Vorlage ausgeführten handlungs¬
882 3543 2469 3632 bunten Geschichte einer mißlingenden Verschwörung, in mehrfacher Variation
