3436 4352
1524 226 1979 325 box 36/4
176 231 1370 319 1. Pamphlets, offprints
955 756 1071 882 160
1314 793 2186 862 Neuwiener Schicksals= und Stimmungsdichtung
951 903 2535 998 seine zögernde Haltung beim Erwerb Ostafrikas verargten. 1885 nicht, als
956 968 2534 1057 der Reichsgründer im Streit mit Spanien um die Karolinen dem Papst das
949 1037 2542 1114 Schiedsrichteramt übertrug. 1888 nicht, als die freisinnige Presse über Bismarcks
958 1093 2550 1181 bulgarische Politik jammerte. 1889 nicht, als der Samoavertrag mit dem Tadel
947 1146 1790 1220 begrüßt wurde: Es gelingt nichts mehr.
1054 1200 2548 1293 Es ist das Schicksal des Diplomaten, Konzessionen machen zu müssen und
954 1260 2073 1346 dafür die Unzufriedenheit seiner Zeitgenossen zu ernten.
1551 1396 1825 1551 W
596 1420 1103 1746 Gu 6
1031 1623 2457 1731 Neuwiener Schicksals= und Stimmungsdichtung
1303 1697 2180 1783 (Beer=Hofmann, Hofmannsthal, Schnitzler)
932 1695 999 1798 0
849 1704 942 1844 1
1417 1768 2049 1859 Don Dictor Ulemperer=Berlin
1235 1808 2521 1923 it Leidenschaft und vieler, wenn auch nicht völliger Berechtigung
1240 1904 2516 1965 verteidigt Grillparzer mehrfach seine „Ahnfrau“ gegen den Vor¬
1234 1964 2534 2027 wurf, eine Schicksalsdichtung zu sein; denn als Vorwurf empfindet
1231 2033 2521 2098 er die Meinung, wonach er Menschen zu Spielbällen der Willkür
940 2024 1210 2136 TA
1224 2082 2518 2146 gemacht habe. Ein inneres gesetzmäßig waltendes Schicksal, das
939 2128 2530 2199 Gesetz der Vererbung, um dessen Entschleierung die Gegenwart ringt, stand dem
943 2199 2523 2274 jungen Dichter von 1816, schwankend und verhüllt allerdings, vor Augen. Etwa
947 2247 2527 2336 drei Menschenalter später, die übervoll sind vom Streben nach naturwissenschaft¬
944 2320 2531 2392 licher Erkenntnis, hat wieder ein Wiener Schicksalsstück auf vielen deutschen
945 2373 2530 2432 Bühnen großen Erfolg, und diesmal waltet das Schicksal mit so grenzenloser
941 2423 2289 2503 Willkür, wie wohl in keiner Dichtung irgendeiner früheren Epoche.
1039 2499 2520 2574 Zwar „Der Graf von Charolais“ (Berlin, S. Fischer Verlag), der den
934 2539 2520 2631 spärlich produzierenden und vorher durch einige Novellen kaum bekannt gewordenen
947 2614 2520 2693 Richard Beer=Hofmann mit einem Schlage berühmt machte, enthält auch jene Idee
939 2684 2518 2744 der schicksalsmäßigen Erbbelastung. Der jüdische Gläubiger, an dessen Hartherzig¬
946 2730 2535 2779 keit alles Flehen des Grafen abprallt, kann nicht Menschlichkeit üben, weil er
945 2778 2534 2868 unter dem Bann der Unmenschlichkeiten steht, die seinem Vater und seinen Ahnen
944 2838 1304 2917 angelan wurden:
1276 2899 2236 2977 Schneidt's mir die Abern auf — heraus laßt's rinnen
1267 2949 2031 3013 Mei Blut, damit nix von mei Vatter, und
1275 3003 2066 3067 Mei Vatters Vatter, und von all de andern,
1266 3045 2075 3117 Ka Tropfen Bittres, Wehes in mir bleibt ....
1855 3094 2134 3161 dann will ich
1267 3137 2091 3216 Mit Euch so reden, wie e Mensch — ich mein'
1259 3205 2072 3268 E guter Mensch — soll zu e Menschen reden.
1026 3266 2508 3326 Und Charolais selber erklärt als Erbschaft vom Vater, woraus sein viel¬
924 3329 2515 3412 fältiges Erwägen der Dinge und weiter das stimmungshaft Jähe seines immer
