3436 4352
1921 191 2370 263 —.—
1116 253 1218 323 in
1486 251 1958 346 box 36//4
149 249 1354 362 1. Panphlets Offprs
1015 626 1227 762 — —
599 750 718 848 9.—
2316 958 2426 1046 161
1237 951 2081 1014 Neuwiener Schicksals= und Stimmungsdichtung
873 1075 2433 1146 halb widerwilligen Handelns hervorgeht: der Vater, trotzdem er ein weiser Feld¬
865 1134 2444 1209 herr gewesen, habe keinen stürmischen Tatendrang besessen, habe niemals das
875 1198 2440 1263 Soldatengefühl gehabt, mit zufahrender Klinge, zugreifender Faust alles erobern
866 1248 2447 1327 zu können — „der Faust, die zugreift! Anderes Blut als meins, als meines
865 1305 2439 1377 Vaters Blut muß durch sie fließen.“ (Worin denn das österreichische Leitmotiv:
866 1383 2452 1446 „Nichts teurer ist hier Lands als der Entschluß“ wieder einmal deutlich genug
867 1432 1105 1513 aufklingt.)
960 1466 2438 1561 Aber das Schicksal betätigt sich doch auch in einer viel willkürlicheren Form.
864 1557 2440 1620 Der milde General, dem Krieg kein „fröhlich Handwerk“ war, sondern nur „das,
867 1617 2451 1681 wohinter Friede lag“ ist kaum eigentlich noch in der Ausübung seiner Pflicht
882 1670 2454 1747 gefallen, vielmehr einer Sinnlosigkeit erlegen, denn ein letzter, unberechtigter
870 1710 2444 1792 Schuß traf ihn, als der Friedensvertrag bereits unterzeichnet war. Und das
875 1775 2445 1854 Kupplerwirtshaus, in dem sein Sohn mit den unerbittlichen Gläubigern ver¬
880 1842 2458 1922 handelt und später die schwerste Stunde erlebt, gehört einem Manne, den der
876 1899 2447 1962 sinnlose Zufall zum Kuppler gemacht hat; er war ein gefeierter Sänger, da
873 1968 2453 2024 „blies ein Wind, ein Frühlingswind, und nahm die Stimme mir, und mit ihr
870 2008 2458 2089 alles“ — und nun erst aus Verzweiflung und Trotz ergriff er das schmähliche
878 2074 2444 2141 Handwerk. Und der alte Gerichtspräsident, der über den seltsamen Fall ent¬
873 2140 2463 2205 scheiden soll — die Gläubiger haben nach altem Rechtsbrauch die Leiche des
873 2185 2467 2252 Feldherrn, der zur Löhnung seiner Truppen Schulden machte, in den Schuld¬
873 2245 2405 2308 turm gesperrt und geben sie dem mittellosen Sohn nicht zur Bestattung frei —
877 2306 2451 2388 der Gerichtspräsident muß gerade am Tage dieses Falles an einem äußerlichen
887 2367 2450 2434 Anlaß entdecken, daß seine Tochter aus einem Kind zum Weibe geworden ist,
879 2429 2443 2499 und weil ihn nun ihr künftiges Frauenschicksal quält, und weil er an Charolais'
892 2484 2450 2557 Sohnesliebe die tiefe Güte des jungen Menschen erkennt, so löst er selber die
891 2542 2465 2617 Leiche des Feldherrn und schenkt dem von Verzweiflung befreiten Jüngling
882 2618 1943 2695 zugleich mit dem Lösegeld die Hand seiner Désirée.
980 2672 2452 2736 Doch dies alles sind schließlich Zufalls= oder Schicksalsfügungen, denen
880 2729 2462 2789 man in mancher Dichtung begegnet. Nun aber tritt ein, was Beer=Hofmann
892 2773 2470 2850 als etwas Neues und Unerhörtes für sich in Anspruch nehmen darf. Man hat
894 2840 2456 2909 das zumeist in seiner Neuheit nicht richtig erkannt. Das Stück wurde gelobt,
889 2912 2473 2964 weil es in den bisher berichteten Akten mit wundervoller Sprachkunst eigenartige
897 2957 2456 3025 Charaktere zeichnet und tiefe Gefühle ausdrückt, weil es auch in den beiden Schluß¬
883 3031 2461 3086 akten eine Überfülle von Sprach= und Gefühlsschönheiten aufweist. Doch tadelte man
900 3077 2465 3151 fast immer, daß zwischen diesen beiden Dramenteilen ein Bruch klaffe, und ent¬
902 3147 2472 3220 schuldigte den Dichter nur mit seiner Abhängigkeit von einer stofflich rohen,
897 3193 2470 3258 unpsychologischen Vorlage, dem 1632 erschienenen Stück von Massinger und Field
903 3269 2467 3332 „The fatal dowry“. Es ist auch wirklich ein Bruch vorhanden, denn Désirée,
888 3310 2470 3387 die rein und edel ist und ihren Gatten liebt, begeht plötzlich unter den wider¬
889 3400 2477 3444 wärtigsten Umständen einen überaus gemeinen Verrat an Charolais. Aber
900 3442 2474 3512 gerade dieser Bruch, diese Sinnlosigkeit bildet das, worauf der Dichter hinstrebte,
895 3487 2483 3558 bildet den eigentlichen Kern des Stückes. Die Persönlichkeiten des Dramas
2204 3539 2297 3622 21
953 3556 1347 3631 Grenzboten IV 1911
2358 3986 2506 4065 en
