3436 4352
2151 155 2316 228 —
1512 214 1979 313 box 36/4
178 222 1369 311 1. Panphlets offorints
1310 953 2159 1075 Neuwiener Schicksals= und Stimmungsdichtung
949 978 1075 1071 168
949 1082 2520 1160 getan, und so mag dieses Stück den schlichteren Geschmack am menschlichsten
937 1169 2522 1229 berühren. Wiederum enthüllt sich bisweilen gerade da, wo Hofmannsthal am
947 1216 2522 1273 grausamsten scheint, blitzartig das, was man seine Religion nennen könnte: man
944 1271 2517 1342 fühlt, daß die so künstlich und so skrupellos gewonnene Stimmung den Weihrauch
945 1337 2524 1404 bedeutet, der die Sinne in die Ahnung jener Gemeinsamkeit alles Lebens hinauf¬
946 1389 1257 1463 verzücken soll.
1041 1447 2518 1520 Aber was für Hofmannsthal eine Erlösung bedeutet: dies vollkommene
946 1514 2511 1575 Zusammenfließen des Einzelnen mit dem Ganzen, dürste manchem als eine
944 1571 2525 1626 Erniedrigung erscheinen. „Du bist nichts als ein Schwindeln, in einen dünnen
948 1635 2517 1702 Schleier eingehüllt“ heißt es von Vittoria im „Abenteurer und der Sängerin“,
941 1687 2518 1754 und solches Schwindeln sind alle Gestalten des Dichters — und immer werden
943 1748 2522 1805 Menschen leben, die etwas anderes und doch auch etwas besseres sein wollen
948 1808 2517 1865 als solch ein „Schwindeln“ und es durch dies bloße Wollen schon wirklich sind,
938 1862 2517 1918 und die durch manches persönlich geprägte Werk auf irgend einem Gebiet mensch¬
939 1922 2508 1989 licher Tätigkeit auch den Beweis für ihr individuell umgrenztes, im Kein ein¬
942 1979 2525 2040 heitliches Leben erbringen. All diesen auf ihr Ich Stolzen, die deshalb noch
938 2038 2530 2096 längst nicht gegen das fließende Wesen der Natur verblendet zu sein, noch längst
947 2107 2522 2174 nicht das den Menschen umgebende Geheimnis zu leugnen brauchen, all diesen
941 2165 2519 2235 kräftigeren Persönlichkeiten vermag die zur Schicksalsdichtung fortgediehene
945 2214 2516 2284 Stimmungskunst kaum mehr zu bieten als ein großes Mißbehagen, als dessen
945 2276 2508 2357 letzten Grund man vielleicht den Verdacht angeben könnte, daß diese Welt¬
940 2358 2511 2405 anschauung den einzelnen in ein mystisches Schicksal = bewegtes Ganzes nur
939 2412 2518 2469 deshalb einfließen lasse, um ihn damit der Verantwortlichkeit und Pflicht gegen
940 2453 2521 2515 die übrige Menschheit zu entbinden, um ihm den unbeschränkten und verzärtelten
944 2522 2176 2587 Genuß seines philosophisch ja negierten Ichs zu ermöglichen.
1054 2584 2531 2643 Eine Bereicherung des dichterischen Gebietes konnte diese Stimmungskunst
938 2627 2523 2705 nur da bedeuten, wo sie nicht in ihrer Ausschließlichkeit geübt, wo das Ich
930 2692 2519 2757 zwar in seinen Bedrohungen gezeigt, aber doch nicht ganz verneint wurde, wo
937 2754 2512 2823 man es nicht bloß in ein verschwimmendes All einfließen ließ, sondern auch
949 2813 2524 2874 mit Pflichten und Verantwortlichkeiten gegen die Mitwelt stellte, wo man dem
945 2873 2516 2944 Schwindel zum mindesten den Wunsch nach Festigkeit beigab und die Welt nicht
942 2924 2525 2978 nur im geheimnisvollen Schimmer der Mondnacht, sondern auch im Tageslicht
941 2989 2520 3040 abschilderte. Und darin scheint mir Arthur Schnitzlers noch nicht genug gewür¬
933 3044 2521 3103 digtes eigentümliches Verdienst zu bestehen, daß die gern auf ihn angewandte
938 3102 2515 3173 Bezeichnung eines „Stimmungsdichters“ sein Schaffen eben keineswegs völlig
945 3166 2522 3229 umfaßt, daß er auch dem Festeren, Alteren, Irdischeren nicht aus dem Wege
949 3241 2518 3291 geht, daß ihm die neue Kunst nur zur Vertiefung des Psychologischen, zur
936 3281 2529 3345 Nuanzierung der Farbentöne verhilft, aber nicht zu dem schillernden Deckmantel
941 3349 2512 3409 der Ich=Verneinung, unter dem sich die von aller Verantwortung gelöste In¬
937 3397 2520 3470 dividualität einem bequemen Schwelgen hingeben kann. Durch seine öster¬
943 3453 2522 3528 reichische Willensschwäche und durch sein naturwissenschaftliches (medizinisches)
941 3518 2534 3587 Studium der neuen Lehre zugeführt, wird er von einer großen Menschenliebe
