3436 4352
590 134 1277 171 request, he will not divorce her be¬
587 163 1285 213 cause the publicity of the scandal
588 193 1285 247 would ruin the career of her lover, a
584 237 1277 280 poor young medical man. He will al¬
590 270 1282 325 low her to live with him quietly and
580 307 1282 361 unsuspected in a new environment.
592 345 1287 385 The rectory, in the person of its mis¬
585 380 1285 428 tress, demands, in the name of Church
580 417 1285 454 and morality—and of the manor house
603 454 1286 502 —that he apply for a divorce; the vil¬
586 488 1287 534 lagers, assembled at the local pub.,
589 525 1280 579 opine that he should bash in the other
588 570 1288 613 man's face, and see to it, by the meth¬
581 601 1275 649 ods applied by them in such cases, tha
578 636 1286 683 his wife shall thereafter love him
575 669 1281 712 faithfully. And they agree with their
585 709 1280 756 betters that the only alternative is di¬
578 744 1290 787 vorce. So they treat him to a hissing
591 783 1282 821 and booing serenade at the end of
583 820 1288 859 evening service. The curate, driven to
589 861 1275 906 the end of his power of endurance, is
584 903 1282 940 accidentally preserved from suicide,
579 933 1283 981 finding companionship and solace in a
576 966 1224 1017 sorrowing widower, just bereaved.
621 1013 1288 1053 This curate, then, is an embodiment
579 1037 1279 1100 of an ideal, rather then a man. The
588 1081 1280 1123 ideal must be left tothe judgment of
598 1116 1294 1174 the reader or spectator, but the qual¬
589 1149 1289 1211 ity of theman, fails to win our sym¬
876 1192 957 1247 menn
1145 1185 1283 1252 S n
913 1350 1008 1403 pooksk.
901 1430 1071 1504 K
856 1456 1155 1554 S#
683 1546 1219 1626 eetun
697 1612 1218 1696 Novelette by
680 1674 1218 1757 Kate Douglas
712 1736 1202 1817 Wiggin, a very
693 1802 1213 1865 pretty love story
692 1861 1217 1919 and 6 of the Best
692 1904 1212 1969 Short Stories of
693 1961 965 2037 the year
680 2016 1218 2114 inthe August
687 2091 1221 2173 Fiction Number of
1055 2157 1209 2238 a1 6
677 2191 1214 2268 Seriefiere
687 2284 1217 2345 A Story of the Sea and
681 2327 1219 2382 Shore, By J. B. Connolly.
700 2371 1214 2417 =A Story of Pirate Gold,
684 2402 1211 2453 by Jennette Lee.—A Story
685 2440 1210 2485 ofthe Woods, by George
666 2473 1219 2523 T. Marsh.—A Prose Play
687 2511 1205 2558 about a great artist. by
688 2546 1221 2597 Stephen Phillips.—Afun¬
688 2585 1219 2638 ny Darky Story, by Una
682 2615 1215 2668 Hunt.—A Story of Come¬
691 2657 1218 2720 dy and Pathos. by Gordon
691 2691 937 2749 A. Smith.
693 2735 1217 2808 Beautiful Illustrations
768 2801 1121 2866 OalI Newestande
602 2990 1114 3072 By the author of
617 3074 1162 3159 Daddy-Long-Legs
619 3193 1043 3334 DEAR
604 3429 1130 3496 Eramt
601 3509 1237 3589 A Far irom Sad Love Story
616 3616 1192 3698 By JEAN WEBSTER
505 3714 1259 3789 #vit begins in the August
1322 72 1842 136 eeeen
1301 144 1984 183 terror and of unseen horrors yet to
1307 165 1999 211 come, but with far less effect; and he
1301 208 1995 245 tails utterly in suggesting the grandeur
1308 243 1992 289 of the young King of Belgium, who is
1312 278 1982 326 the true hero of this war. Surely, in
1310 322 1984 360 drama at least, he should be more than
1302 356 1990 398 the modest young man who, in this
1299 388 1991 433 play, visits incognito his country's
1306 424 1988 469 greatest poet, wounded in its defence.
1302 463 1985 510 The chief characters are, indeed, of
1311 500 1987 543 little interest. The mother alone, among
1300 534 1983 579 them, strikes the tragic note in her
1309 580 1985 620 approsching madness. That note is re¬
1310 607 1996 658 peated more strongly in the demented
1308 649 1994 692 peasant girl ceaselessly asking the way
1304 680 2002 728 back to her village which exists no
1308 715 1997 760 more; and it sounds most ominously—
1310 746 2008 794 in the Maeterlinckian manner again—in
1312 791 2005 833 the rising of the waters after the
1314 831 2002 875 dikes have been cut, and in the distant
1309 869 2003 915 roar of the voices of the drowning
1315 896 2010 949 Germans—an echo, perhaps, of the
1301 950 1995 981 horror of the Maaurian lakes. An¬
1298 971 2003 1019 dreyev, however geod his intention,
1312 1017 2000 1055 might well have left the writing of the
1313 1045 2007 1089 drama of the sorrows of Belgium to a
1311 1086 1552 1134 Belgian pen.
1326 1116 2014 1175 The translator furnishes a brief
1302 1149 2012 1207 preface, in which he assures us that
1308 1195 1998 1246 the Russian writer has written “an¬
1301 1232 1998 1270 other masterpiece' in which he de¬
1297 1267 2005 1325 nounces the sufferings of the Russian
1287 1305 1708 1365 Jews in the war.
1322 1341 2016 1413 Mr. Björkman's selection oflthe three
1287 1392 2023 1444 Schnitzler play# is unezceptionable.
1912 1428 2001 1481 hor's
1291 1426 1779 1471 They present to the full
1948 1473 1992 1516 68•
1286 1467 1744 1516 attitude toward life,
1958 1494 2014 1548 11
1294 1501 1742 1554 sence of thé Weltanse.
1306 1536 1730 1585 Vienng, intunge in ite
1300 1574 1754 1627 the flbeting heur, yet al
1951 1613 2008 1654 he
1304 1609 1762 1667 undercurrent of melanch
1942 1650 2000 1697 ely
1301 1646 1835 1699 city's famaus waltzes. In“T
1309 1684 2007 1736 Way,“ indeed, the hour for seriousness
1300 1725 2003 1770 has struck, the time has come for all
1318 1761 2014 1799 its characters to begin to think of the#
1319 1798 1995 1839 bill that must be paid. They are ap¬
1307 1829 2005 1884 proaching the “youth of old age,“
1308 1869 1999 1913 verging on fifty—the woman whose in¬
1309 1904 2011 1950 discretion lies twenty years behind
1313 1944 2003 1991 her; the man she has loved, his friend
1309 1978 2011 2028 and confidant—both of them butterflies
1312 2022 2001 2057 who have gayly spent their summer
1303 2057 2005 2100 and now face the autumnal road of
1303 2088 2009 2140 loneliness. But the husband, ignorant
1315 2130 2015 2179 of the deception played upon him.
1306 2157 2033 2216 lauding the wisdom of his own course
1319 2198 1999 2255 in life, pinning his faith to the do¬
1311 2237 2003 2276 mestic ties he has formed, is yet to
1294 2262 1995 2331 learn that for him, too, old age will be
1301 2308 2025 2363 the lonely way. For his wife dies. and.
1296 2354 2005 2400 his children leave him. According to
1288 2381 2006 2440 Herr Schnitzler, there are no compen¬
1302 2429 2060 2468 sations, no consolations for the pass-1
1311 2463 2070 2511 ing of the heyday of living. And, final-
1296 2497 2015 2536 ly, there is the family physician, whom
1301 2529 2082 2585 the Viennese dramatist so often selectsIV
1338 2561 2009 2625 play the part of the younger
1293 2604 2011 2664 Dumas’s rdisonneur, the philosopher
1301 2638 1887 2699 and commentator of the piece.
1329 2673 2010 2734 In The Lonely Way, then, Schnitz¬
1301 2730 2015 2782 ler gives us Vienna in its mood of mel¬
1303 2767 1997 2807 ancholy, the joys of life which it wor¬
1301 2804 2007 2846 ships left behind it on the road. And
1305 2841 2001 2892 in it he gives us his own measure as a
1301 2873 2001 2920 serious dramatist. He carries us wich
1284 2917 1987 2976 him while in the theatre. while we are
1303 2944 1999 2995 reading, but the moment the curtain
1286 2976 2002 3027 has fallen, the last page has been
1298 3017 2001 3063 turned, we begin to doubt. Hefe, more
1297 3062 1985 3101 even than in his lighter mood, he is
1298 3099 2004 3151 of the city on the Donau rather than
1299 3128 2000 3181 of the world at large. Whatever the
1292 3171 2000 3226 significance of this play for his own
1296 3223 2000 3259 people, whom he knows so well, to us
1286 3241 1992 3300 at a distance, in a far different at¬
1300 3287 1986 3332 mosphere. it makes him appear as a
1294 3320 1992 3367 clever man of the theatre rather than
1292 3364 2003 3408 as a member of the band of dramatists
1288 3398 1988 3443 whose meaning and message are inter¬
1301 3431 1481 3478 national.
1336 3451 1996 3519 UIntermezzo,“ Mr. Björkman holds,
1283 3494 2006 3557 proves him to be a feminist and “one
1280 3548 2004 3593 of the foremost living painters of wom¬
1282 3583 2000 3631 an's soul.“ Perhaps. Butit 1s, first of
1289 3616 1543 3665 all, a clever a#
1568 3621 2001 3661 naughty comedy of an
1290 3654 1485 3702 opera sing
1873 3657 1991 3700 ndue¬
1275 3684 1439 3738 tor hush
1922 3700 1950 3730 W
1283 3719 1413 3773 ways
1907 3727 1996 3778 Mes
1269 3767 1372 3810 only
1594 4091 1997 4142 Schnitsler intoeen¬
2008 133 2374 194 ("The Lonelz War
2439 128 2691 195 eic. Antehe
2228 166 2465 213 Kennerley.)
2008 179 2048 262 —
2008 247 2689 297 pied with Viennese triangles and the
2008 290 2696 346 ingenious patterns he can compose with
2015 328 2704 378 them. The subject long ago began to
2012 366 2698 419 pall unon us, as it has palled unon
2018 399 2701 445 the French. But certain it is that a
2017 428 2705 485 reading of these three plays will suf¬
2016 474 2703 525 fice to give the student of the contem¬
2009 511 2748 550 porary drama a thorough understand- a
2014 550 2739 591 ing of the work of Austria's best-so
2013 584 2583 638 known and cleverest playwright.
2476 636 2769 702 —t
2880 4153 2956 4196 S
3134 2466 3168 2499 450
3082 2526 3200 2581 WA N
3155 2183 3300 2241 ch
