3392 4320
2031 151 2352 226 —.—
1493 208 1955 315 box 36/4
271 226 1338 338 Pamphlets Offorints
1695 731 2096 989 Kese
969 1073 2299 1186 DER SCHLEIER DER BEATRICE.
1053 1175 2213 1269 VON ARTHUR SCHNITZLER.
957 1259 2793 1428 (ZWEI FRAGMENTE AUS DER ERSTEN· TAGGUNG.) pie d
1043 1418 1338 1512 (Es klopft.)
750 1476 944 1573 Hans:
1050 1478 1924 1576 Was gibt es? (Es klopft noch einmal.)
740 1551 963 1625 Diener
1047 1552 1658 1636 (draußen): Gnäd’ger Herr!
750 1609 952 1697 Hans:
1933 1602 2500 1692 Was gibt's? Ich schlafe.
1037 1675 2471 1766 (Die Türe geht auf. Franz und ein junges Mädchen treten ein.)
735 1725 965 1808 Franz:
1056 1729 1492 1808 Ich dacht’ es mir!
1097 1790 1679 1871 Du bist's? Mach’ Licht!
747 1785 950 1869 Hans:
749 1835 965 1926 Franz:
1616 1838 2506 1935 Sogleich! (Offnet den Fenstervorhang.)
1039 1905 1347 1992 Schon Tag?
741 1910 940 1977 Hans:
745 1965 959 2045 Franz:
1669 1947 2508 2052 Nicht lange mehr. Der Abend naht.
748 2026 950 2102 Hans:
1037 2002 1511 2117 Schlief ich so lang?
747 2080 957 2164 Franz:
1636 2073 2246 2165 Ich bring’ dir einen Gast.
749 2142 941 2216 Hans
1027 2141 2477 2228 (will dem Mädchen, das an der Türe steht, entgegen): Albertal!
741 2202 956 2279 Franz:
1749 2205 2508 2306 Nein, das ist schon lang vorbei!
1037 2241 1532 2340 Die heißt Margarete.
1024 2315 2514 2398 (Führt sie in die Mitte des Zimmers.) Komm, mein liebes Kind
1037 2390 2261 2457 Hier ist er! — Hans, meiz Freund, gib ihr die Hand!
1040 2442 1949 2510 Wir kommen, dich ins Freie abzuholen,
1022 2503 1982 2582 Die Luft ist mild, die Gärten duften alle,
1033 2564 2004 2628 Der rechte Abend ist’s, mit neuen Frau'n
1036 2619 2071 2690 Und alten Freunden auf und ab zu wandeln.
743 2665 939 2750 Hans:
1035 2676 2058 2737 Ob’s auch dem Fräulein so genehm wie dir?
750 2735 2023 2791 Margarete: Gewiß! — Spazieren geh' ich gern zu dritt;
1029 2791 2102 2854 Ist einer schweigsam, plaudert doch der Andre.
1031 2853 2059 2929 Sc hab’ ich’s gern. Ist man zuhaus, bedarf's
1029 2907 1939 2977 Der Worte nicht, und einer ist genug.
738 2964 963 3049 Franz:
1037 2978 2049 3060 P'as, die ist gut? So ehrlich fand ich keine.
733 3038 2167 3107 Margarete: Nun ja, ich sag’s wie's ist... Soll ich das nicht?
738 3091 947 3157 Franz:
1030 3086 1960 3161 O bleibe sol Und sollt’ es dir geschehen,
1014 3151 1944 3237 Daß selbst in meinen Armen du einmal
866 3205 2499 3282 „Der Schleier der Beatrice“, jetzt ein in der Renaissancezeit spielendes Drama, war ur¬
739 3269 2504 3324 sprünglich als ein Wiener Stück aus dem Beginn des 10. Jahrhunderts entworfen und zum
738 3315 2505 3350 kleineren Teil- Mführt worden. Auf unser Ersuchen hat uns Arthur Schnitzler zwei Szenen¬
750 3360 2504 3403 skizzen für den „Merker“ zur Verfügung gestellt. Die zweite Szene ist ein Monolog des Hans von
739 3395 2499 3441 Traun. Dieser ist ein verabschiedeter Offizier, dessen Hauptzüge später in der Figur des Dichters
735 3437 1308 3515 Filippo Loschi wiederkehren.
1554 3482 1702 3578 357
