3392 4320
1939 152 2441 235 —
1496 219 1965 314 box 36/4
292 230 1347 337 Panphlets offorints
1079 942 1934 1045 Wie Menschen, die du nie gesehn,
1089 1025 1915 1095 Wie Träume, die du nie geträumt.
1082 1081 2106 1142 Nicht einen Augenblick, den besten nicht,
1081 1144 2149 1224 Hast du sie ganz gehabt. Ihr süßes Lächeln,
1077 1202 2215 1285 Das sich um dich wie Licht der Sonne schlang,
1073 1268 2178 1324 Hat nimmer dich gemeint. Du bist ein Mann
1074 1322 2150 1377 Und darum lächelt sie und seufzt und küßt!
1084 1383 2115 1458 Du bist voll Witz und weise und erzählst
1082 1443 2141 1513 Von tausend Dingen, die berauschen müßten,
1081 1490 2249 1566 Wenn man drauf hörte und sie ganz verstünde; —
1075 1547 2258 1633 Sie aber will den Jüngling schlank und prächtig,
1078 1627 2298 1676 Von Muskeln strotzend, blühend braun das Antlitz,
1079 1665 1990 1749 Der wilde Pferde mit Behagen zähmt,
1076 1730 2204 1793 Und nichts von dem geahnt, was dich bewegte.
1079 1799 2177 1871 Doch bist du alles: klug und stark und schön¬
1069 1860 2148 1923 Und alles Lebens Vielheit strahlt von dir —
1074 1911 2179 1986 Vertrau' ihr nicht: sie will nur etwas Andres!
1082 1961 2150 2028 Will Einen, der nicht weise und nicht stark,
1071 2026 2198 2091 Will Einen, dem das Glück im Schlafe kommt,
1069 2089 2137 2141 Er hat es nicht ersehnt und nicht verdient,
1073 2147 2176 2228 Und faßt’ es nicht und geht dann wieder fort
1061 2205 2146 2282 Und war doch wen’ger nicht für sie als dul
1062 2263 2086 2340 Und ist es diesmal Lüge, was ich sprach,
1073 2322 2252 2386 So bleibt es dennoch wahr. Nicht, was geschieht,
1074 2388 2220 2456 Was dir geschehen könnte, ist dein Schicksal.
1062 2434 2201 2500 Drum, wenn man niemals dich betrog, du bist
1067 2501 2044 2582 Betrogen! Und wenn Keine dich verließ,
1077 2555 2042 2634 Verlassen wirst du jeden Tag aufs Neue.
1057 2610 2029 2696 Und wer sich ganz dir hingegeben hat,
1060 2671 2019 2750 Gehört so wenig dir, daß, fühltest du's,
1059 2725 2103 2795 In deiner Einsamkeit du schauern müßtest
1057 2795 2066 2866 Und weinen, daß du gar so töricht warst
1055 2848 1722 2945 Und dich an Eine hingst!
1188 3342 2132 3392 Osterreichischer Verlag: Wien, IX/2 Schwarsspanierhel.
778 3373 2523 3428 Chef-Redektour: Richard Specht. — Por die Redaktion verantwortlich: Otto König. — Druck der k k. Holtheater¬
775 3413 2540 3467 drucherei, „Faberschl“, Wien IX. (verantwortl. L. Krempe: — Buchschmuck von Brüder Rosenbaum, Wien, VIII.
1586 3478 1741 3550 360
