3392 4320
1911 162 2388 251 —
1255 186 1336 228 ——
1463 240 1927 332 box 36/4
258 246 1305 352 Pamphletsofforints
1126 1142 2058 1227 Wie atm' ich auf! Wie will ich diese Luft
1128 1207 2093 1287 Voll Lenzeshauch und süßer Langeweile,
1126 1263 2142 1331 Auf daß sie meiner Seele Schmerzen heile,
1122 1326 2144 1412 Einsaugen, mich berauschen an dem Duft.
1132 1418 1957 1518 Geliebter Pöbel, der vorbeispaziert,
1140 1517 2254 1586 Ahnst du, wie wohl mir wird in deinem Kreise,
1129 1559 2092 1622 Wie sich in deines Denkens stille Weise
1133 1625 2166 1698 Gemächlich nun auch mein Gemüt verliert?
1126 1731 2117 1803 Die mich von meiner Einsamkeit befrein,
1135 1794 2232 1858 Die Hände möcht ich dankbar ihnen drücken,
1143 1864 2095 1928 Und wandeln in wohltätigem Entzücken
1129 1924 2046 2001 Inmitten dieser braven Bürger Reihn.
1128 2019 2087 2107 Es wallt ein mild Begehren auf in mir,
1134 2096 2150 2150 Auch dieses Glück als ganzes zu genießen,
1129 2152 2102 2239 In eins mit der Alltäglichkeit zu fließen,
1141 2205 2026 2299 Für alle Zeit zu sein wie diese hier.
1139 2320 2071 2390 So völlig wünschelos schreit ich dahin,
1127 2385 2339 2454 So herrlich dumm! Wie böser Traum der Kranken
1130 2438 2250 2504 Erscheint mir alle Sehnsucht nach Gedanken,
1132 2504 2301 2583 Und meine Schwermut fühl ich sanft entfliehn.
1303 2699 2023 2802 II. MORGENANDACHT.
794 2794 2450 2847 Verschwunden ist der Mondenschein Was hab ich all in dieser Nacht
796 2847 1507 2925 Von Zimmerwand und Decke:
1670 2858 2254 2929 In dich hineingeträumet!
778 2919 1601 2981 Nun gleißt der dumme Tag herein
1666 2911 2541 2987 Den Leib, von wilder Lust umfacht,
788 2972 1349 3054 In unsre Dämmerecke.
1672 2968 2350 3046 Mit heiliger Glut umsäumet.
789 3077 1537 3168 Die Lichter sind herabgebrannt
1661 3086 2383 3159 Wie hab ich dich gebenedeit,
781 3152 1486 3212 Die ich nicht löschen wollte,
1676 3149 2299 3213 Wie hoch emporgehoben,
1667 3206 2464 3288 Von einer neuen Jungfräulichkeit
779 3201 1628 3281 Das Glas, das auf dem Tische stand,
789 3264 1450 3340 Hin auf den Boden rollte.
1660 3265 2389 3359 Den Glanz um dich gewoben.
787 3361 1660 3459 Und blaß in dem verschwommnen Licht,
1672 3379 2483 3452 Das war von einem holden Wahn
784 3439 1357 3513 Inmitten heller Linnen,
1664 3438 2289 3515 Der trügevolle Schimmer,
793 3501 1631 3561 Schau ich, wie um dein Angesicht
1662 3497 2434 3580 Ach, was du je gefühlt, getan,
1671 3568 2450 3640 Schleppst du mit dir für immer.
796 3557 1566 3637 Die Locken ringeln und rinnen.
1584 3645 1719 3723 322
