3392 4256
262 111 1119 204 31. Fraeulein Else
1285 94 1639 187 box 5/4
1830 81 3019 145 praktischen Theaterbetrieb für vereinbar?
1932 137 3024 195 „Durchaus. Es ist ein Fehler, das Publikum zu unter¬
1841 176 3029 229 schätzen, und es ist ein Irrtum, zu glauben, daß dem Publikum
1831 224 2617 282 hauptsächlich ein flaches Amüsierstück
2862 227 3016 286 Vielmehr
2620 222 2850 290 gefällt.
1839 267 3017 332 findet am meisten Zuschauer — im Theater und überall —,
1837 324 3018 372 was am meisten bietet. Das außerordentliche Interesse, das die
1829 371 3019 417 Klassikeraufführungen der letzten Spielzeit erweckten — in einem
1832 415 3015 469 Theater erweckten, das bisher vorwiegend andere Stücke
1836 457 3019 527 spielte — enthebt mich eines weiteren Beweises. Wie schwierig
1847 521 3018 575 dies freilich bei einem nichtsubventionierten Privattheater, dessen
1846 560 3023 627 Etat täglich minde ens 3000 Schilling beträgt, ist, davon macht
1839 610 1919 669 man
1936 600 2445 670 sich kaume##e Vorstellung.“
1946 640 3023 733 Wie ve halten sich die Schauspieler zu
1832 675 2644 768 diesem künstlerischen Prinzip?
1945 748 3031 811 „Ich kann mit Freude feststellen, daß die überwiegende
1842 794 3017 850 Mehrzahl meiner schauspielerischen Mitarbeiter diese Grundsätze
1846 839 3018 900 nicht nur gelten läßt, sondern sie wie eine Befreiung empfindet.
1848 894 3019 951 Allzu oft mußten sich ja wertvollste Kräfte an Wertlosigkeiten
1836 943 3025 994 verschwenden. So habe ich es mir angelegen sein lassen, Albert
1843 989 3027 1053 Bassermann nur für Aufgaben heranzuziehen, die dieses Ein¬
1844 1037 3027 1093 satzes wert sind. Natürlich gibt es auch Ausnahmen von dieser
1835 1087 3019 1140 rühmlichen Regel und da hat der Film das Seine dazu getan.
1834 1131 3024 1195 Der eine oder der andere erklärt dann vielleicht: „Wenn ich
1843 1183 3036 1229 mir den Luxus erlaube, Theater zu spielen — notabene ein
1836 1224 3022 1280 Luxus, den der Theaterdirektor nrit 150 bis 200 Schilling als
1841 1263 2814 1335 abendliches Auftrittshonorar zu bezahlen hat —,
2820 1275 3025 1337 dann will
1837 1324 3032 1376 ich spielen, was mir Freude macht.“ Solche Darsteller, die den
1832 1368 3023 1423 privaten Geltungswunsch vor alles übrige stellen, haben bei mir
1845 1422 2696 1480 im wahrsten Sinne des Wortes ausgespielt.“
1954 1455 3035 1530 Was halten Sie für das Unerläßlichste
1838 1505 2233 1578 beim Theater?
1940 1561 3032 1627 „Es muß interessant sein! Der Tod des Theaters ist die
1851 1604 3032 1672 Einförmigkeit. Das Theater als abendliche Gewohnheit hat nach
1845 1657 3027 1712 meiner Meinung keine Lebensberechtigung. Mit anderen Worten:
1842 1703 3035 1769 Statt des Theaters als Gewohnheit, das
1846 1749 3027 1815 Theater als Festspiel. Nur von hier aus können
1838 1805 3031 1852 Theaterkrise und Theatermüdigkeit überwunden und deni Film ein
1848 1846 3036 1909 Paroli geboten werden. Deshalb muß vor allem für Vielfalt und
1849 1898 3036 1972 Abwechslung gesorgt werden, sowohl in der Besetzung, wie in der
1832 1933 2270 2006 Ausstattung und Regie.“
1933 1988 3035 2076 Wer wird in dieser Spielzeit bei Ihnen
1836 2026 2177 2108 inszenieren?
1940 2066 3033 2146 „Außer Max Reinhardt, den verpflichtet zu haben mir
1830 2137 3024 2202 besonders wichtig ist, Professoe Kalbeck, Hofrat Albert Heine,
1839 2186 3036 2238 Hans Thimig und ich. Aber auch zwei jüngere Regisseure werden
1838 2234 3025 2291 in dieser Spielzeit debütieren: mein bisheriger Regieassistent
1830 2276 3036 2331 Maximilian Schulz, der als Regisseur unserer Raimund=Feier
1829 2323 3036 2394 hervortreten wird, und mein Dramaturg Johannes Reich, der
1828 2379 3020 2451 demnächst als Ensemblegastspiel unseres Theaters „Spionage“
1835 2424 2293 2486 in der Scala inszeniert.
1923 2462 3028 2550 Werden Sie das Theater in der Josefstabt
1820 2523 2915 2592 weiter als internationale Bühne führe?
1943 2572 3014 2639 „Selbstverständlich. Allerdings bin ich mir klar darüber, daß
1834 2628 3024 2679 ein österreichisches Theater dem österreichischen Schaffen besonders
1838 2680 3024 2730 verpflichtet ist. Wir beginnen bekanntlich mit Anzengruber und
1830 2722 3020 2773 Raimund, Reinhardt inszeniert Nestroy, ich selbst werde Grill¬
1831 2772 3021 2835 parzer („Jüdin von Toledo“) und den „Wahlwiener“ Hebbel
1840 2818 3019 2873 „Maria Magdalena“ mit Bassermann und Paula Wessely) neu
1826 2870 3016 2917 in Szene setzen. Die dramaturgische Neufassung eines Bühnen¬
1822 2914 3026 2986 werkes von Ferdinand v. Saar, einem zu Unrecht verkannten
1830 2961 3022 3016 großen österreichischen Dichter, hat mich bereits im Sommer
1839 3005 3016 3064 eschäftigt und wird hoffentlich bald zu Ende geführt werden
1834 3053 1971 3109 können.
2061 3052 3017 3114 ü#lerkommt mit der „Liebelei“ (Anni Mayer als
1828 3105 3009 3168 Christikte, Söffe#als alter Weyring, Paryla als Fritz und Jane
1834 3151 3009 3220 Tilden als Schlagermizzi) in einer Morgenfeier zur Darstellung.
1824 3198 3017 3258 Außerdem sieht der Spielplan die Uraufführung eines jungen
1831 3249 3018 3322 Wieners, das Schauspiel „Instrumente Gottes“ von Richard Reich,
1820 3296 2591 3350 bereits im November dieses Jahres vor.“
1933 3345 3013 3436 „Werden Schauspielergastspiele in Ihrem
1825 3388 2388 3477 Theater stattfinden?“
1929 3448 3018 3525 „Im allgemeinen bin ich kein Freund externer Gastspiele
1824 3515 3007 3575 und ein entschiedener Anhänger des Ensemblegedankens. Wenn
1826 3561 3011 3617 man Schauspieler wie Bassermann oder Edthofer im Ensemble
1829 3607 3004 3666 hat, dann muß man nicht mehr weit auf die Suche gehen. Paula
1828 3653 3014 3720 Wessely, die bei mir spielt, sehe ich nicht als externe, sondern
1823 3701 3005 3772 als echte Josefstädter Schauspielerin an, und wenn die geplante
1826 3753 3009 3815 Verpflichtung Gustav Waldaus perfekt werden sollte, dem die
1829 3796 3018 3859 Hauptrolle in einem Wiener Stück zugedacht ist, dann wird ein
1823 3838 3017 3898 Josefstädter Schauspieler in die Josefstadt zurückkehren. Im
1824 3893 3010 3970 übrigen möchte ich Otto Brahm, als dessen Schüler ich mich
1824 3936 2887 3997 empfinde, zitieren: Weniger versprechen und mehr halten
