3248 4384
319 286 1107 469 Badgastem
346 536 753 629 Heilkräftigste
1878 588 1940 673 2
343 597 1135 717 Radiumtherme der Welt!
1705 628 1925 726 S
588 711 1126 799 Verlangen Sie Prospekie
581 770 1123 846 von der Kurkommission!
591 938 1101 1074 „OBSERVER
600 1049 1124 1128 Erstes österreichisches be¬
588 1113 1141 1183 hördlich konzessioniertes
597 1167 905 1229 Unternehmen
597 1194 1135 1285 für Zeitungsausschnitte
366 1272 630 1359 WIEN, I.,
374 1315 1153 1426 Wollzeile 11 : Telephon R 23-0-43
372 1480 707 1566 Ausschnitt aus
624 1495 1129 1627 Das Echo, ion
376 1632 508 1701 vom
746 1604 1038 1711 25.NOV.
535 1882 1767 1988 nitzler und „Fräulein Else als Drama
740 1988 1460 2095 Von Hofrat Dr. Ernst Lothar
1112 2079 1915 2189 seiner Stücke dort die Uraufführung er¬
422 2082 1066 2179 Am 4. Dezember gelangt im Thea¬
362 2157 1070 2215 ter in der Jozeistadt Schnitzters
1108 2159 1369 2232 leben könnte.
381 2197 1066 2250 „Fräulein Else“ in der Drama¬
1155 2178 1931 2282 Darauf er: „Ich habe keines, aber ich
365 2243 1058 2291 tisierung durch Ernst Lothar unter
1118 2257 1780 2330 wüßts eines.“ — Ich: „Welches?“
378 2274 1068 2339 der Regie Hans Thimigs zur Urauf¬
378 2315 533 2380 führung.
1182 2324 1875 2378 Er: „Kein Stück, sondern die No¬
1154 2371 1874 2431 velle „Fräulein Else'.“ Er fügte hinzu,
311 2357 1074 2439 Es wäre mein Wunsch, daß die bevor¬
1150 2420 1890 2481 daß er schon bei der Konzeption der
266 2422 1069 2495 stehende Aufführung von „Fräulein
1145 2468 1886 2531 Novelle an eine dramatische Fassung
253 2466 1076 2543 Else“ als eine nachträgliche Schnitzler¬
1153 2527 1879 2580 gedacht habe — so sei sie eigentlich
253 2514 1072 2578 Uraufführung angesehen wird, denn meine
1158 2568 1662 2634 eine dramatische Novelle.
262 2573 1067 2628 Arbeit daran, die Umformung der No¬
257 2620 1073 2682 velle zu einem Drama — diese Arbeit
1168 2611 1921 2694 Im weiteren Verlauf des Gespräches
254 2669 1075 2736 möchte ich als nichts anderes als die Aus¬
1114 2671 1930 2734 erwogen wir auch schon eine Besetzung.
266 2719 1074 2777 führung eines Vermächtnisses des Dich¬
1120 2724 1933 2779 Auf meinen Einwand, ob gewisse Wir¬
261 2765 1076 2837 ters aufgefaßt wissen, bemüht, seine
1128 2773 1928 2831 kungen der Novelle auf der Bühne nicht
266 2811 745 2892 Intensionen zu wahren.
1116 2820 1928 2883 schwächer würden, erwiderte er: „Dies
313 2843 1068 2929 Es war wenige Monate vor seinem
1122 2869 1928 2934 zu vermeiden wäre die Aufgabe des¬
264 2908 1073 2970 Tode, als ich dem Dichter auf dem Sem¬
1121 2904 1932 2981 jenigen, der die Dramatisierung vor¬
266 2962 1079 3031 mering begegnete. Er schien schon damals
1120 2967 1901 3021 nimmt. — Wollen Sie's nicht versuchen?
265 3003 1077 3072 nicht recht auf dem Damm und ich be¬
1120 3005 1928 3078 Ich wandte ein, daß ich noch nie fürs
251 3058 1077 3116 gleitete ihn auf einem Spaziergang, der
1115 3062 1933 3122 Theater geschrieben hätte, er aber sagte:
271 3108 1077 3172 fast zwei Stunden dauerte. In leiser und
1120 3104 1912 3185 „Mit allom muß man einmal anfangen.“
269 3149 1074 3203 nur andeutungsweise klagenden Art
1212 3182 1888 3244 Ich ließ mir die Sache durch den
265 3201 1069 3259 meinte er, daß die neue Generation ihm
1168 3232 1886 3289 Kopf gehen und entwarf auch bereits
267 3247 1079 3321 immer ferner rücke, daß die Probleme, die
1157 3285 1889 3347 ein Szen“ im, das von ihm in den
268 3293 1080 3356 er behandelte, unwichtig erscheinen oder
1157 3321 1895 3398 wese nichen Teilen gebilligt wurde.
272 3346 1082 3404 doch für unwichtig gelten. Ich sagte:
1174 3367 1889 3433 De hatte nur den Wunsch, daß Namen
274 3393 1082 3449 „Da Sie die drei wichtigsten Probleme der
1166 3424 1894 3482 und Schauplätze unverändert blieben.
266 3438 1054 3493 Menschheitz Leben, Liebe und Tod be
1158 3474 1890 3539 Ich habe mich streng an alle Wünsche
278 3470 1078 3566 handeln, erscheinen Ihre Befürchtungen
1170 3521 1888 3580 des Dichters gehalten. Ueber den
274 3533 602 3599 in sich widerlegt.“
1172 3565 1892 3621 Sinn seiner Dichtung hat Schnitzler
321 3560 1082 3642 In diesem selben Gespräch äußerte er
1168 3616 1888 3674 selbst erklärt, sie stelle den irrsinnigen
266 3631 1089 3693 auch den Wunsch, eines seiner Stücke im
1176 3665 1888 3716 Wunsch einer irrsinnig gewordenen
265 3681 1077 3731 Theater in der Josefstadt gespielt zu
1170 3713 1896 3766 Zeit nach Entblößung um jeden Preis
274 3725 1078 3782 sehen, und er wandte sich wohl auch des¬
1172 3759 1254 3823 dar.
269 3777 1075 3826 halb an mich, weil er wußte, daß ich schon
268 3821 1083 3871 damals durch meine Freundschaft mit
1181 3793 1928 3896 Er wollte damit sagen, daß in dieser
262 3870 1085 3931 Reinhardt und durch meine Gattin
1127 3858 1944 3933 Zeit um Geld auch die Seele entblößt
278 3912 1088 3980 Adrienne Jeßner eine gewisse Verbin¬
1123 3919 1931 3984 werden kann. Diesen Gedanken habe ich
277 3957 1084 4021 dung mit diesem Theater hatte. Ich
1130 3954 1940 4034 mich bemüht, auch bei meiner Dramati¬
275 4016 1091 4091 meinte, es wäre am schönsten, wenn eines
1133 4006 1809 4090 sierung zum Ausdruck zu bringen.
276 4108 1940 4180 —
1886 804 1940 851 8
2580 361 2817 554 VEEN
2291 419 2502 554 SE
1964 514 2953 607 L. österr. behördl. konzessioniertes Unternehmen für
2273 588 2656 647 Zeitungs-Ausschnitte
2140 615 2807 708 WIEN, I., WOLLZEILE 11
2264 689 2662 770 TELEPHUN R 23-0-45
1988 787 2955 886 Ausschnitt aus: „NEUES WIENER JOURNAL“
1998 1011 2101 1090 vonn
2486 974 2864 1117 00V. 1936
2028 1245 3058 1365 „Fräulein Else“ in der Josefstadt.
2047 1310 3145 1414 Im Theater in der Josefstadt kann infolge einer
1940 1373 3141 1463 Verpflichtung Albert Bassermanns für die Weihnachts¬
1944 1422 3140 1511 novität des Deutschen Volkstheaters die Aufführungsserie von
1948 1466 3146 1556 Laverys „Monsignores große Stunde" und
1955 1509 3153 1617 Giraudoux' „Es kommt nicht zum Krieg“ nur noch bis
1953 1574 3145 1652 einschließlich Donnerstag den 3. Dezember fortgesetzt werden.
1948 1609 3157 1704 Freitag den 4. Dezember gelangt das Schauspiel „Fräulein
1951 1664 3017 1761 Else“ nach Atur=Schnitzler zur deutschen Uraufführung.
2260 2037 3058 2243 Badgastem
2265 2283 2679 2406 Heilkräftigste
2257 2367 3031 2517 Radiumtherme der Welll
2477 2490 3035 2606 Verlangen Sie Prospekte
2471 2564 3033 2671 von der Kurkommission
2463 2734 2965 2876 „OBSERVER
2451 2834 3010 2933 Erstes österreichisches be¬
2455 2897 3002 2999 hördlich konzessioniertes
2447 2947 2766 3025 Unternehmen
2452 2994 3003 3099 für Zeitungsausschnitte
2214 3022 2487 3126 WIEN, I.,
2212 3096 2998 3229 Wollzeie 11: Telephon R 23-0-42
2194 3240 2543 3330 Ausschnitt aus
2335 3307 2683 3400 enan Wienee W.
2739 3311 2800 3409 1
2876 3315 2991 3435 TS
2191 3381 2323 3457 vom
2498 3449 2781 3544 25 NOV.
2064 3511 3188 3608 * (Theater in der Josefstadt.) Infolge einer Ver¬
1997 3570 3181 3681 pflichtung Albert Bassermanns für die Weihnachts¬
1998 3617 3187 3726 novität des Deutschen Volkstheaters kann die Aufführungs¬
2000 3666 3185 3780 serie von Laverys „Monsignores große Stunde“
2009 3714 3185 3830 und Giraudoux' „Es kommt nicht zum Krieg“
2012 3758 3185 3869 nur noch bis einschließlich Donnerstag, den 3. Dezember, fort¬
2007 3810 3189 3919 gesetzt werden. Freitag, den 4. Dezember, gelangt das Schau¬
2008 3855 3191 3965 spiel „Fräulein Else“ nach Arthur Schnitzler zur
2005 3937 2494 4029 deutschen Uraufführung.
