3248 4384
315 119 1187 195 31. Fraeulein Else
514 188 975 235 —
1346 129 1695 214 box 5/4
1802 222 2566 405 Badgastem
1796 475 2199 574 Heilkräftigste
1804 563 2573 638 Radiumtherme der Well!
2037 671 2579 748 Verlangen Sie Prospekte
2024 734 2572 806 von der Kurkommission!
2027 886 2540 1011 „OBSERVER
2028 1008 2569 1081 Erstes österreichisches be¬
2038 1066 2570 1129 hördlich konzessioniertes
2036 1161 2568 1241 für Zeitungsausschnitte
1801 1215 2062 1299 WIEN, I.,
1808 1274 2578 1350 Wollzeile 11 4 Telephon R 23-0-43
1795 1421 2135 1495 Ausschnift aus
2295 1405 2581 1515 Der Tag. W
2199 1525 2434 1623 4DEZ.
1802 1577 1920 1632 vom:
3008 1761 3252 1888 MUS
2109 1706 2760 1895 Theater
1572 1776 1929 1899 KUNST—
1665 2005 2820 2125 „Fräulein Eise“ in der J
2468 2194 3250 2285 Schicksal hat seine guten und wahrhafti
1619 2225 2440 2286 * Schnitzlers „Fräulein Else“ ist der furiose
2467 2268 3250 2326 künstlerischen Gründe. Schnitzlers „Fraul
1578 2268 2430 2321 Monokog eines Menschen, der langsam, aber
2467 2314 3245 2360 Else“ gibt in allen Daseinsumständen, die
1577 2317 2427 2364 unerbittlich in den Tod hineingejagt wird,
2466 2349 3251 2414 überfallen, ein einmaliges Ereignis, ei
1580 2355 2432 2404 weil alle anderen Wege verstellt sind. Wie die
2472 2396 3116 2462 iebernd erzählten Sonderfall —
1587 2397 2433 2457 Dämmerung des Sterbens allmählich an¬
2467 2435 3252 2487 Novelle —, das Drama  aber will ein wie
1580 2436 2438 2493 wächst, bis das arme, preisgegebene Menschen¬
2469 2484 3244 2532 holbares, ein allgemein gültiges Geschel
1587 2488 2431 2531 kind gehetzt und erschöpft in sich zusammen¬
2469 2518 3252 2581 Hier setzt Ernst Lothar als Buhnenbearbe
1587 2526 2439 2579 sinkt, das hat beklemmende Kraft in der Art,
2461 2573 3250 2618 ein, er möchte den Fall der Else allgen
1580 2579 2431 2624 wie hinter den gesprochenen Worten und den
2470 2605 3243 2660 gültig machen. Dazu genügt aber nicht
1579 2612 2428 2666 mechanischen Bewegungen die Gedanken auf¬
2462 2647 3254 2701 Übertragung des Erzählten ins Szenenmäß
1593 2656 2432 2709 cheinen, ein wimmelndes Heer von Schatten,
2470 2694 3228 2751 Hier, in der Gliederung des Geschehens
1583 2698 2441 2750 das größere Macht hat als alle Wirklichkeit.
2472 2725 3252 2787 n der Verwandlung des Monolog ins Di
1583 2749 2442 2794 „Du willst wirklich nicht mehr weiterspielen,
2470 2775 3245 2841 gische liegt das Beste der Bühnenbearbeitt
1594 2788 2434 2842 Else?“ ist das erste Wort der Novelle. So wird
2473 2818 3227 2874 hier vereint sich lebendige Dramaturgie
1584 2827 2436 2878 Else gefragt, als es sich um eine Partie
2467 2864 3243 2914 Treue gegen den Dichter. Aber mit sol
1588 2868 2434 2925 Tennis handelt. Sie antwortet: „Nein, Paul,
2473 2905 3243 2975 Handreichungen kann Ernst Lothar nicht
1588 2916 2434 2977 ich kann nicht mehr. Adien!“ In dieser Frage
2464 2946 3253 3002 kommen, denn er weiß sehr genau das Gri
2470 2992 3237 3047 gesetz: eine Novelle gibt die Ausnahme,
2466 3033 3245 3088 Drama die Regel. Um zu diesem Ziel
2466 3074 3238 3142 kommen, bedarf es der „Brücken“ der
2469 3108 3229 3181 gänzungen, der Zufügungen. Und damit
2461 3166 3181 3221 wandelt sich unversehens Schnitzler
2463 3205 3242 3262 Theater, in griffiges, seiner Wirkung siche
2467 3251 3242 3304 und laut knallendes, auch wenn es nicht
2467 3289 3190 3348 Revolvern, sondern mit Moral schießt.
2504 3334 3253 3391 Es beginnt damit, daß die Geschehniss
2471 3389 3243 3439 unsere Zeit versetzt werden, obwohl inzwi
2470 3428 3178 3484 die Preise für unverhüllte Körper
2470 3479 3240 3526 Revuen und Badestrand etwas gesunken
2465 3524 3231 3570 dürften. Die Eltern Elses — wie sieht
2469 3567 3234 3614 sie bei Schnitzler, trotzdem sie nie sichtbar
2471 3605 3245 3668 den, in ihrer wurmstichigen Eleganz un
2472 3644 3157 3696 ihrer bedenkenlosen Oberflächlichkeit
2185 3637 2300 3725 □2
2473 3684 3253 3738 den hier zu Kleinbürgern einer ehrsa
2475 3737 3227 3786 Advokatur verwandelt. Der Vater gar ist
2470 3775 3225 3828 mehr ein altgewordenes leichtes Früchtel
2169 3804 2332 3860 GOurz
2469 3824 3250 3871 immer wieder vergeblich geholfen worden
2467 3859 3247 3912 nein, er ist nur aus Edelmut in die C
1781 3858 2258 3934 Stradner — Brandhofer
2472 3911 3231 3957 klemme gekommen. Damit aber ist das
2479 3937 3253 4002 reich der Schnitzlerschen Novelle nicht n
1585 3935 2440 4011 und Antwort ist de ganze Ablauf der Novelle
2479 3984 3232 4043 zenisch aufgelockert, sondern vollkommen
1592 3998 2440 4047 enthalten. Nur reifer Meisterschaft der An¬
2481 4028 3253 4078 tauscht worden. Es geht jetzt darum, wie G
1600 4031 2441 4088 schauung und der Sprache kann solche Ver¬
2479 4079 3231 4131 Vater verkündet, daß jeder jedem helfen
1589 4081 2445 4130 knüpfung gelingen. Denn Fräulein Else wird
2472 4115 3167 4184 Kam
2067 4117 2416 4155 Kn
