<?xml version="1.0" encoding="UTF-8" standalone="yes"?>
<PcGts xmlns="http://schema.primaresearch.org/PAGE/gts/pagecontent/2013-07-15" xmlns:xsi="http://www.w3.org/2001/XMLSchema-instance" xsi:schemaLocation="http://schema.primaresearch.org/PAGE/gts/pagecontent/2013-07-15 http://schema.primaresearch.org/PAGE/gts/pagecontent/2013-07-15/pagecontent.xsd">
    <Metadata>
        <Creator>prov=University of Rostock/Institute of Mathematics/CITlab/Gundram Leifert/gundram.leifert@uni-rostock.de:name=ONB_Newseye_GT_M1+(htr_id=10810)::::v=2.4.2
prov=University of Rostock/Institute of Mathematics/CITlab/Tobias Gruening/tobias.gruening@uni-rostock.de:name=de.uros.citlab.module.baseline2polygon.B2PSeamMultiOriented:v=2.4.2
prov=University of Rostock/Institute of Mathematics/CITlab/Tobias Gruening/tobias.gruening@uni-rostock.de:name=/net_tf/LA73_249_0mod360.pb:de.uros.citlab.segmentation.CITlab_LA_ML:v=2.4.2
Transkribus</Creator>
        <Created>2019-10-07T10:24:00.446+02:00</Created>
        <LastChange>2019-10-07T14:37:31.374+02:00</LastChange>
        <TranskribusMetadata docId="223890" pageId="9492033" pageNr="204" tsid="16380037" status="IN_PROGRESS" userId="40391" imgUrl="https://files.transkribus.eu/Get?id=JVRUHKZIPTFVSUYOUIQZRYOA&amp;fileType=view" xmlUrl="https://files.transkribus.eu/Get?id=GUPXBLNTNSFVGVRIRIMNDYNG" imageId="6182321"/>
    </Metadata>
    <Page imageFilename="223890_0204.jpeg" imageWidth="3248" imageHeight="4384">
        <ReadingOrder>
            <OrderedGroup id="ro_1711446093946" caption="Regions reading order">
                <RegionRefIndexed index="0" regionRef="r1"/>
                <RegionRefIndexed index="1" regionRef="r2"/>
            </OrderedGroup>
        </ReadingOrder>
        <TextRegion orientation="0.0" id="r1" custom="readingOrder {index:0;}">
            <Coords points="251,235 251,2897 1762,2897 1762,235"/>
            <TextLine id="r1l1" custom="readingOrder {index:0;}">
                <Coords points="243,267 1103,266 1103,229 974,199 864,223 779,189 601,219 457,197 388,241 325,197 243,200"/>
                <Baseline points="251,256 293,257 335,257 377,258 420,258 462,258 504,259 546,259 589,259 631,259 673,259 715,259 758,259 800,259 842,259 884,259 927,259 969,260 1011,260 1053,260 1096,261"/>
                <TextEquiv>
                    <Unicode>31. Fraeulein Else</Unicode>
                </TextEquiv>
            </TextLine>
            <TextLine id="r1l2" custom="readingOrder {index:1;}">
                <Coords points="1265,265 1295,275 1323,262 1396,289 1429,272 1462,299 1485,283 1521,290 1564,265 1612,279 1623,200 1581,195 1526,216 1457,193 1430,218 1370,225 1322,197 1266,192"/>
                <Baseline points="1274,259 1300,261 1326,262 1352,264 1378,264 1404,265 1430,265 1457,266 1483,266 1509,266 1535,266 1561,266 1587,266 1614,267"/>
                <TextEquiv>
                    <Unicode>box 5/4</Unicode>
                </TextEquiv>
            </TextLine>
            <TextLine id="r1l3" custom="readingOrder {index:2;}">
                <Coords points="457,301 465,300 468,297 471,297 472,295 476,296 477,294 485,293 479,261 471,263 468,260 466,262 460,260 450,261"/>
                <Baseline points="461,277 474,275"/>
                <TextEquiv>
                    <Unicode>—</Unicode>
                </TextEquiv>
            </TextLine>
            <TextLine id="r1l4" custom="readingOrder {index:3;}">
                <Coords points="808,291 864,301 940,291 990,309 1006,294 1060,289 1102,312 1131,289 1161,287 1161,239 1135,234 1107,254 1081,247 1057,264 808,261"/>
                <Baseline points="816,278 841,278 867,278 893,278 919,279 945,280 971,280 997,281 1023,281 1049,281 1075,280 1101,278 1127,276 1153,273"/>
                <TextEquiv>
                    <Unicode>„</Unicode>
                </TextEquiv>
            </TextLine>
            <TextLine id="r1l5" custom="readingOrder {index:4;}">
                <Coords points="714,862 1685,875 1685,838 1634,831 714,827"/>
                <Baseline points="722,861 769,861 817,861 865,861 913,862 960,862 1008,863 1056,863 1104,864 1151,864 1199,865 1247,866 1295,866 1342,867 1390,868 1438,868 1486,869 1533,869 1581,870 1629,870 1677,870"/>
                <TextEquiv>
                    <Unicode>L. österr. behördl. konzessioniertes Unternehmen für</Unicode>
                </TextEquiv>
            </TextLine>
            <TextLine id="r1l6" custom="readingOrder {index:5;}">
                <Coords points="452,904 481,899 457,750 443,749 429,755"/>
                <Baseline points="458,893 472,891"/>
                <TextEquiv>
                    <Unicode></Unicode>
                </TextEquiv>
            </TextLine>
            <TextLine id="r1l7" custom="readingOrder {index:6;}">
                <Coords points="1018,917 1037,922 1064,905 1135,918 1178,907 1228,919 1385,912 1409,904 1410,878 1018,869"/>
                <Baseline points="1026,899 1051,900 1076,901 1101,901 1126,901 1151,901 1176,901 1201,901 1226,901 1251,901 1276,901 1301,901 1326,902 1351,902 1376,903 1402,904"/>
                <TextEquiv>
                    <Unicode>Zeitungs-Ausschnitte</Unicode>
                </TextEquiv>
            </TextLine>
            <TextLine id="r1l8" custom="readingOrder {index:7;}">
                <Coords points="450,959 478,961 483,958 498,960 515,957 535,961 536,902 520,900 515,903 512,899 504,902 477,898 451,906"/>
                <Baseline points="457,953 492,951 527,955"/>
                <TextEquiv>
                    <Unicode>Cun0</Unicode>
                </TextEquiv>
            </TextLine>
            <TextLine id="r1l9" custom="readingOrder {index:8;}">
                <Coords points="870,956 1000,984 1194,961 1412,971 1444,994 1552,974 1552,924 1487,901 1105,929 957,913 919,884 871,904"/>
                <Baseline points="878,954 911,956 944,957 977,958 1011,959 1044,960 1077,960 1111,960 1144,961 1177,961 1211,961 1244,961 1277,961 1310,961 1344,961 1377,961 1410,962 1444,962 1477,963 1510,963 1544,965"/>
                <TextEquiv>
                    <Unicode>WIEN, I., WOLLZEILE 11</Unicode>
                </TextEquiv>
            </TextLine>
            <TextLine id="r1l10" custom="readingOrder {index:9;}">
                <Coords points="1026,1043 1406,1045 1407,971 1027,975"/>
                <Baseline points="1035,1008 1060,1009 1086,1009 1112,1010 1138,1010 1164,1010 1190,1011 1216,1011 1242,1011 1268,1011 1294,1012 1320,1012 1346,1013 1372,1013 1398,1014"/>
                <TextEquiv>
                    <Unicode>TELEPHON R 2-0 45</Unicode>
                </TextEquiv>
            </TextLine>
            <TextLine id="r1l11" custom="readingOrder {index:10;}">
                <Coords points="477,1091 486,1096 492,1095 495,1100 497,1099 504,1103 545,1019 536,1015 530,1008 520,1005"/>
                <Baseline points="490,1085 501,1090"/>
                <TextEquiv>
                    <Unicode>2</Unicode>
                </TextEquiv>
            </TextLine>
            <TextLine id="r1l12" custom="readingOrder {index:11;}">
                <Coords points="621,1116 629,1116 630,1118 640,1111 648,1118 658,1112 661,1112 666,1117 674,1117 676,1076 665,1075 664,1073 657,1076 654,1074 652,1076 651,1074 647,1077 623,1074"/>
                <Baseline points="630,1105 666,1107"/>
                <TextEquiv>
                    <Unicode>—</Unicode>
                </TextEquiv>
            </TextLine>
            <TextLine id="r1l13" custom="readingOrder {index:12;}">
                <Coords points="726,1124 1593,1152 1684,1130 1685,1090 726,1076"/>
                <Baseline points="734,1119 781,1120 828,1121 875,1122 922,1123 969,1123 1016,1124 1063,1124 1110,1124 1157,1124 1205,1125 1252,1125 1299,1125 1346,1125 1393,1125 1440,1125 1487,1125 1534,1125 1581,1125 1628,1125 1676,1125"/>
                <TextEquiv>
                    <Unicode>Aussc aitt aus: „NEUES WIENER JOURNAL“</Unicode>
                </TextEquiv>
            </TextLine>
            <TextLine id="r1l14" custom="readingOrder {index:13;}">
                <Coords points="459,1246 468,1247 473,1245 476,1247 489,1246 491,1248 501,1247 502,1249 510,1249 513,1208 505,1207 502,1204 487,1206 481,1202 473,1204 462,1201"/>
                <Baseline points="468,1235 502,1237"/>
                <TextEquiv>
                    <Unicode>1</Unicode>
                </TextEquiv>
            </TextLine>
            <TextLine id="r1l15" custom="readingOrder {index:14;}">
                <Coords points="735,1354 755,1354 765,1348 772,1355 785,1353 795,1358 823,1344 842,1344 844,1319 822,1317 803,1295 792,1304 780,1299 766,1308 757,1302 750,1307 739,1306"/>
                <Baseline points="745,1334 775,1334 805,1337 835,1340"/>
                <TextEquiv>
                    <Unicode>vom</Unicode>
                </TextEquiv>
            </TextLine>
            <TextLine id="r1l16" custom="readingOrder {index:15;}">
                <Coords points="1065,1436 1090,1445 1115,1432 1138,1444 1166,1438 1215,1468 1297,1476 1325,1467 1333,1371 1309,1364 1249,1385 1222,1367 1174,1368 1142,1346 1072,1347"/>
                <Baseline points="1074,1431 1101,1431 1128,1431 1155,1433 1182,1434 1209,1436 1236,1440 1263,1442 1290,1446 1318,1451"/>
                <TextEquiv>
                    <Unicode>27 0KT.</Unicode>
                </TextEquiv>
            </TextLine>
            <TextLine id="r1l17" custom="readingOrder {index:16;}">
                <Coords points="425,1533 440,1531 448,1538 485,1550 507,1542 530,1542 530,1493 515,1491 510,1494 499,1486 483,1491 454,1477 435,1488 425,1488"/>
                <Baseline points="434,1536 463,1537 492,1537 522,1536"/>
                <TextEquiv>
                    <Unicode>6</Unicode>
                </TextEquiv>
            </TextLine>
            <TextLine id="r1l18" custom="readingOrder {index:17;}">
                <Coords points="668,1662 1119,1659 1619,1707 1681,1677 1682,1620 1642,1600 723,1577 669,1609"/>
                <Baseline points="676,1651 725,1651 775,1651 825,1651 875,1652 925,1653 974,1653 1024,1654 1074,1656 1124,1657 1174,1658 1223,1660 1273,1661 1323,1663 1373,1664 1423,1666 1472,1668 1522,1669 1572,1671 1622,1672 1672,1674"/>
                <TextEquiv>
                    <Unicode>„Fräulein Else“ endgültig besetzt.</Unicode>
                </TextEquiv>
            </TextLine>
            <TextLine id="r1l19" custom="readingOrder {index:18;}">
                <Coords points="825,1718 1403,1758 1513,1743 1515,1682 826,1673"/>
                <Baseline points="833,1713 866,1714 900,1714 933,1715 967,1716 1001,1717 1034,1718 1068,1718 1102,1720 1135,1721 1169,1721 1203,1723 1236,1724 1270,1724 1304,1726 1337,1727 1371,1727 1405,1728 1438,1729 1472,1730 1506,1730"/>
                <TextEquiv>
                    <Unicode>Der neue Bourdet in der Josefstadt.</Unicode>
                </TextEquiv>
            </TextLine>
            <TextLine id="r1l20" custom="readingOrder {index:19;}">
                <Coords points="673,1784 1755,1806 1756,1766 1641,1731 1175,1762 675,1712"/>
                <Baseline points="681,1776 734,1777 787,1778 840,1780 894,1781 947,1782 1000,1784 1054,1785 1107,1786 1160,1788 1214,1789 1267,1790 1320,1792 1373,1793 1427,1794 1480,1795 1533,1797 1587,1798 1640,1800 1693,1801 1747,1802"/>
                <TextEquiv>
                    <Unicode>Wie wir kürzlich meldeten, hat Hofrat Dr. Ernst Lothar</Unicode>
                </TextEquiv>
            </TextLine>
            <TextLine id="r1l21" custom="readingOrder {index:20;}">
                <Coords points="569,1842 1674,1861 1761,1849 1762,1809 570,1774"/>
                <Baseline points="578,1823 636,1824 695,1824 754,1825 813,1826 871,1827 930,1829 989,1830 1048,1831 1106,1833 1165,1834 1224,1835 1283,1837 1341,1838 1400,1840 1459,1841 1518,1843 1576,1845 1635,1846 1694,1848 1753,1849"/>
                <TextEquiv>
                    <Unicode>seine Dramatisierung der berühmten Novelle Artur Schnitzlers</Unicode>
                </TextEquiv>
            </TextLine>
            <TextLine id="r1l22" custom="readingOrder {index:21;}">
                <Coords points="570,1877 1770,1915 1771,1854 570,1842"/>
                <Baseline points="578,1871 637,1871 696,1872 755,1873 814,1874 874,1875 933,1876 992,1877 1051,1879 1110,1880 1170,1882 1229,1883 1288,1885 1347,1887 1406,1888 1466,1890 1525,1891 1584,1893 1643,1894 1702,1895 1762,1895"/>
                <TextEquiv>
                    <Unicode>„Fräulein Else“ nunmehr beendet und sie wird als eine</Unicode>
                </TextEquiv>
            </TextLine>
            <TextLine id="r1l23" custom="readingOrder {index:22;}">
                <Coords points="566,1924 1646,1958 1755,1950 1756,1905 567,1876"/>
                <Baseline points="575,1914 633,1916 692,1917 750,1919 809,1920 868,1921 926,1923 985,1925 1043,1927 1102,1928 1161,1930 1219,1932 1278,1933 1336,1934 1395,1936 1454,1938 1512,1939 1571,1940 1629,1941 1688,1943 1747,1944"/>
                <TextEquiv>
                    <Unicode>der nächsten Novitäten des Theaters in der Josefstadt</Unicode>
                </TextEquiv>
            </TextLine>
            <TextLine id="r1l24" custom="readingOrder {index:23;}">
                <Coords points="567,1973 1725,2007 1754,1952 568,1927"/>
                <Baseline points="575,1962 633,1963 691,1965 750,1966 808,1967 867,1969 925,1970 984,1972 1042,1973 1101,1975 1159,1977 1217,1978 1276,1980 1334,1981 1393,1983 1451,1984 1510,1986 1568,1987 1627,1988 1685,1989 1744,1990"/>
                <TextEquiv>
                    <Unicode>zur Erstaufführung kommen. Ueber die Besetzung für diese Auf¬</Unicode>
                </TextEquiv>
            </TextLine>
            <TextLine id="r1l25" custom="readingOrder {index:24;}">
                <Coords points="574,2019 1752,2057 1753,1997 575,1972"/>
                <Baseline points="583,2010 641,2011 699,2012 757,2014 815,2015 873,2016 931,2018 989,2020 1047,2021 1105,2023 1163,2025 1221,2026 1279,2028 1337,2030 1395,2031 1453,2033 1511,2034 1569,2035 1627,2037 1685,2038 1744,2039"/>
                <TextEquiv>
                    <Unicode>führung sind bereits sehr weitgehende Dispositionen getroffen</Unicode>
                </TextEquiv>
            </TextLine>
            <TextLine id="r1l26" custom="readingOrder {index:25;}">
                <Coords points="567,2062 1755,2102 1756,2057 1665,2040 568,2022"/>
                <Baseline points="574,2055 632,2057 691,2059 750,2061 808,2062 867,2064 926,2066 984,2067 1043,2069 1102,2070 1161,2072 1219,2074 1278,2075 1337,2077 1395,2078 1454,2079 1513,2081 1571,2082 1630,2083 1689,2084 1748,2085"/>
                <TextEquiv>
                    <Unicode>worden. Die Titelrolle spielt Rose Stradner, den Vater</Unicode>
                </TextEquiv>
            </TextLine>
            <TextLine id="r1l27" custom="readingOrder {index:26;}">
                <Coords points="563,2109 1749,2144 1750,2102 1651,2086 565,2061"/>
                <Baseline points="572,2101 630,2103 689,2105 747,2108 806,2110 864,2112 923,2113 981,2115 1040,2117 1098,2118 1157,2120 1215,2121 1274,2122 1332,2124 1391,2125 1449,2126 1508,2128 1566,2129 1625,2131 1683,2132 1742,2134"/>
                <TextEquiv>
                    <Unicode>Albert Bassermann (eine Rolle, die er seinerzeit auch schon</Unicode>
                </TextEquiv>
            </TextLine>
            <TextLine id="r1l28" custom="readingOrder {index:27;}">
                <Coords points="563,2154 1686,2194 1752,2188 1753,2153 564,2109"/>
                <Baseline points="571,2150 629,2151 688,2154 746,2155 805,2157 864,2159 922,2161 981,2162 1039,2164 1098,2165 1157,2167 1215,2168 1274,2170 1332,2171 1391,2173 1450,2175 1508,2176 1567,2177 1625,2179 1684,2181 1743,2182"/>
                <TextEquiv>
                    <Unicode>in dem gleichnamigen Tonfilm dargestellt hat), den Herrn von</Unicode>
                </TextEquiv>
            </TextLine>
            <TextLine id="r1l29" custom="readingOrder {index:28;}">
                <Coords points="560,2204 1502,2258 1748,2245 1750,2197 561,2153"/>
                <Baseline points="568,2195 626,2198 685,2199 743,2201 802,2203 861,2205 919,2207 978,2209 1036,2211 1095,2212 1154,2215 1212,2216 1271,2218 1329,2220 1388,2222 1447,2223 1505,2224 1564,2226 1622,2228 1681,2229 1740,2230"/>
                <TextEquiv>
                    <Unicode>Dorstay Anton Edthofer, die Tante Else Bassermann.</Unicode>
                </TextEquiv>
            </TextLine>
            <TextLine id="r1l30" custom="readingOrder {index:29;}">
                <Coords points="556,2265 860,2252 896,2276 977,2254 1326,2280 1327,2236 1190,2216 558,2206"/>
                <Baseline points="564,2245 601,2246 639,2246 677,2247 714,2248 752,2249 790,2251 827,2252 865,2253 903,2254 941,2255 978,2257 1016,2258 1054,2259 1091,2260 1129,2262 1167,2263 1204,2264 1242,2265 1280,2266 1318,2267"/>
                <TextEquiv>
                    <Unicode>Die Regie wird Hans Thimig führen.</Unicode>
                </TextEquiv>
            </TextLine>
            <TextLine id="r1l31" custom="readingOrder {index:30;}">
                <Coords points="656,2301 1570,2345 1740,2334 1742,2287 1669,2255 1542,2291 657,2257"/>
                <Baseline points="664,2295 717,2296 770,2297 824,2299 877,2300 931,2302 984,2303 1038,2305 1091,2307 1145,2308 1198,2310 1251,2311 1305,2313 1358,2315 1412,2317 1465,2318 1519,2319 1572,2321 1626,2322 1679,2323 1733,2324"/>
                <TextEquiv>
                    <Unicode>Direktor Dr. Lothar hat überdies gestern den Aufführungs¬</Unicode>
                </TextEquiv>
            </TextLine>
            <TextLine id="r1l32" custom="readingOrder {index:31;}">
                <Coords points="547,2344 1746,2374 1663,2329 548,2301"/>
                <Baseline points="555,2338 614,2340 673,2342 732,2344 791,2345 850,2347 909,2349 968,2350 1027,2352 1086,2354 1146,2356 1205,2357 1264,2359 1323,2361 1382,2362 1441,2364 1500,2366 1559,2368 1618,2370 1677,2372 1737,2374"/>
                <TextEquiv>
                    <Unicode>vertrag für das neueste Stück Edouard Bourdets „Fric¬</Unicode>
                </TextEquiv>
            </TextLine>
            <TextLine id="r1l33" custom="readingOrder {index:32;}">
                <Coords points="556,2400 1650,2437 1746,2431 1747,2391 557,2344"/>
                <Baseline points="564,2387 622,2388 681,2390 740,2391 799,2393 857,2394 916,2396 975,2398 1034,2400 1092,2401 1151,2403 1210,2405 1269,2407 1327,2409 1386,2410 1445,2412 1504,2414 1562,2415 1621,2416 1680,2418 1739,2419"/>
                <TextEquiv>
                    <Unicode>Frac“ abgeschlossen. Dieses neueste Werk des berühmten fran¬</Unicode>
                </TextEquiv>
            </TextLine>
            <TextLine id="r1l34" custom="readingOrder {index:33;}">
                <Coords points="551,2443 1619,2483 1743,2474 1744,2437 552,2404"/>
                <Baseline points="560,2435 618,2436 677,2437 736,2438 795,2440 853,2441 912,2443 971,2445 1030,2447 1088,2449 1147,2451 1206,2453 1265,2455 1323,2457 1382,2459 1441,2460 1500,2462 1558,2464 1617,2465 1676,2466 1735,2467"/>
                <TextEquiv>
                    <Unicode>zösischen Dramatikers wurde vor ganz kurzer Zeit im Pariser</Unicode>
                </TextEquiv>
            </TextLine>
            <TextLine id="r1l35" custom="readingOrder {index:34;}">
                <Coords points="554,2484 1680,2532 1738,2521 1740,2481 556,2444"/>
                <Baseline points="562,2481 620,2482 678,2484 737,2486 795,2488 854,2489 912,2491 970,2493 1029,2494 1087,2496 1146,2498 1204,2500 1262,2501 1321,2503 1379,2505 1438,2507 1496,2508 1554,2510 1613,2512 1671,2513 1730,2515"/>
                <TextEquiv>
                    <Unicode>Théatre de la Michaudiere mit größtem Erfolg uraufgeführt.</Unicode>
                </TextEquiv>
            </TextLine>
            <TextLine id="r1l36" custom="readingOrder {index:35;}">
                <Coords points="556,2533 1645,2579 1746,2566 1748,2519 557,2490"/>
                <Baseline points="564,2527 622,2529 681,2531 740,2533 799,2535 857,2537 916,2539 975,2541 1034,2543 1092,2544 1151,2547 1210,2548 1269,2550 1327,2552 1386,2553 1445,2555 1504,2557 1562,2558 1621,2559 1680,2561 1739,2562"/>
                <TextEquiv>
                    <Unicode>Es handelt sich um ein Lustspiel, dessen Hauptereignisse sich im</Unicode>
                </TextEquiv>
            </TextLine>
            <TextLine id="r1l37" custom="readingOrder {index:36;}">
                <Coords points="548,2587 1744,2632 1746,2568 549,2541"/>
                <Baseline points="556,2576 615,2578 674,2580 733,2581 792,2583 851,2584 910,2586 969,2588 1028,2590 1087,2592 1146,2593 1205,2595 1264,2597 1323,2599 1382,2601 1441,2603 1500,2604 1559,2606 1618,2608 1677,2610 1737,2612"/>
                <TextEquiv>
                    <Unicode>Apachenmilieu abwickeln. Es enthält eine überaus große Zahl</Unicode>
                </TextEquiv>
            </TextLine>
            <TextLine id="r1l38" custom="readingOrder {index:37;}">
                <Coords points="552,2632 1593,2674 1742,2666 1743,2630 553,2591"/>
                <Baseline points="560,2623 618,2626 677,2627 736,2629 795,2631 853,2633 912,2634 971,2636 1030,2638 1088,2639 1147,2641 1206,2643 1265,2645 1323,2646 1382,2648 1441,2649 1500,2651 1558,2653 1617,2654 1676,2656 1735,2658"/>
                <TextEquiv>
                    <Unicode>einander fast gleichwertiger Rollen, über deren Besetzung in der</Unicode>
                </TextEquiv>
            </TextLine>
            <TextLine id="r1l39" custom="readingOrder {index:38;}">
                <Coords points="550,2680 1595,2720 1716,2714 1737,2663 551,2632"/>
                <Baseline points="558,2672 616,2673 674,2675 733,2677 791,2678 850,2680 908,2681 967,2683 1025,2685 1084,2687 1142,2689 1200,2691 1259,2693 1317,2694 1376,2696 1434,2698 1493,2699 1551,2701 1610,2702 1668,2703 1727,2704"/>
                <TextEquiv>
                    <Unicode>Josefstadt vorläufig noch nichts bestimmt wurde. Fest steht jeden¬</Unicode>
                </TextEquiv>
            </TextLine>
            <TextLine id="r1l40" custom="readingOrder {index:39;}">
                <Coords points="549,2735 1740,2756 1730,2704 551,2679"/>
                <Baseline points="558,2719 616,2720 675,2722 734,2724 792,2725 851,2727 910,2729 968,2730 1027,2732 1086,2734 1145,2736 1203,2738 1262,2740 1321,2742 1379,2743 1438,2746 1497,2747 1555,2749 1614,2751 1673,2752 1732,2753"/>
                <TextEquiv>
                    <Unicode>falls, daß das Stück noch im Lause dieser Saison in der Josefstadt</Unicode>
                </TextEquiv>
            </TextLine>
            <TextLine id="r1l41" custom="readingOrder {index:40;}">
                <Coords points="542,2775 1737,2815 1738,2775 1676,2753 543,2740"/>
                <Baseline points="550,2768 609,2769 668,2770 727,2771 786,2773 845,2774 904,2776 963,2778 1022,2779 1081,2781 1140,2784 1199,2786 1258,2788 1317,2790 1376,2792 1435,2793 1494,2795 1553,2797 1612,2798 1671,2800 1730,2801"/>
                <TextEquiv>
                    <Unicode>gespielt werden wird, in jenem Theater, in dem schon so viele</Unicode>
                </TextEquiv>
            </TextLine>
            <TextLine id="r1l42" custom="readingOrder {index:41;}">
                <Coords points="552,2818 1729,2880 1731,2813 1691,2805 553,2778"/>
                <Baseline points="560,2812 618,2814 676,2816 734,2818 792,2821 850,2823 908,2825 966,2827 1024,2828 1082,2830 1140,2832 1198,2834 1256,2835 1314,2837 1372,2839 1430,2841 1488,2842 1546,2844 1604,2846 1662,2849 1721,2850"/>
                <TextEquiv>
                    <Unicode>Werke Bourdets mit Erfolg gef##ri wurden, vor allem „Die</Unicode>
                </TextEquiv>
            </TextLine>
            <TextLine id="r1l43" custom="readingOrder {index:42;}">
                <Coords points="537,2887 952,2876 988,2905 1181,2892 1211,2914 1337,2895 1339,2846 1303,2841 540,2818"/>
                <Baseline points="546,2859 585,2861 624,2863 663,2864 702,2866 742,2867 781,2869 820,2870 859,2871 898,2873 938,2874 977,2875 1016,2876 1055,2877 1094,2879 1134,2880 1173,2881 1212,2882 1251,2883 1290,2884 1330,2885"/>
                <TextEquiv>
                    <Unicode>Gefangene“ und „Das schwache Geschlecht“.</Unicode>
                </TextEquiv>
            </TextLine>
            <TextEquiv>
                <Unicode>31. Fraeulein Else
box 5/4
—
„
L. österr. behördl. konzessioniertes Unternehmen für

Zeitungs-Ausschnitte
Cun0
WIEN, I., WOLLZEILE 11
TELEPHON R 2-0 45
2
—
Aussc aitt aus: „NEUES WIENER JOURNAL“
1
vom
27 0KT.
6
„Fräulein Else“ endgültig besetzt.
Der neue Bourdet in der Josefstadt.
Wie wir kürzlich meldeten, hat Hofrat Dr. Ernst Lothar
seine Dramatisierung der berühmten Novelle Artur Schnitzlers
„Fräulein Else“ nunmehr beendet und sie wird als eine
der nächsten Novitäten des Theaters in der Josefstadt
zur Erstaufführung kommen. Ueber die Besetzung für diese Auf¬
führung sind bereits sehr weitgehende Dispositionen getroffen
worden. Die Titelrolle spielt Rose Stradner, den Vater
Albert Bassermann (eine Rolle, die er seinerzeit auch schon
in dem gleichnamigen Tonfilm dargestellt hat), den Herrn von
Dorstay Anton Edthofer, die Tante Else Bassermann.
Die Regie wird Hans Thimig führen.
Direktor Dr. Lothar hat überdies gestern den Aufführungs¬
vertrag für das neueste Stück Edouard Bourdets „Fric¬
Frac“ abgeschlossen. Dieses neueste Werk des berühmten fran¬
zösischen Dramatikers wurde vor ganz kurzer Zeit im Pariser
Théatre de la Michaudiere mit größtem Erfolg uraufgeführt.
Es handelt sich um ein Lustspiel, dessen Hauptereignisse sich im
Apachenmilieu abwickeln. Es enthält eine überaus große Zahl
einander fast gleichwertiger Rollen, über deren Besetzung in der
Josefstadt vorläufig noch nichts bestimmt wurde. Fest steht jeden¬
falls, daß das Stück noch im Lause dieser Saison in der Josefstadt
gespielt werden wird, in jenem Theater, in dem schon so viele
Werke Bourdets mit Erfolg gef##ri wurden, vor allem „Die
Gefangene“ und „Das schwache Geschlecht“.</Unicode>
            </TextEquiv>
        </TextRegion>
        <TextRegion orientation="0.0" id="r2" custom="readingOrder {index:1;}">
            <Coords points="1921,346 1921,3894 3206,3894 3206,346"/>
            <TextLine id="r2l1" custom="readingOrder {index:0;}">
                <Coords points="2194,382 3004,381 3022,315 2193,315"/>
                <Baseline points="2202,376 2242,375 2283,374 2323,374 2364,373 2405,373 2445,372 2486,372 2526,371 2567,371 2608,370 2648,370 2689,370 2729,370 2770,369 2811,369 2851,369 2892,369 2932,369 2973,370 3014,370"/>
                <TextEquiv>
                    <Unicode>CALINOS IN ÖSTERREICH</Unicode>
                </TextEquiv>
            </TextLine>
            <TextLine id="r2l2" custom="readingOrder {index:1;}">
                <Coords points="2289,436 2387,453 2417,431 2902,436 2932,430 2932,380 2694,397 2664,378 2601,401 2449,386 2425,407 2288,384"/>
                <Baseline points="2296,425 2327,426 2358,427 2390,427 2421,427 2453,427 2484,427 2515,427 2547,427 2578,427 2610,426 2641,426 2672,425 2704,425 2735,425 2767,424 2798,424 2829,424 2861,423 2892,423 2924,423"/>
                <TextEquiv>
                    <Unicode>Baden Salzburg Semmering</Unicode>
                </TextEquiv>
            </TextLine>
            <TextLine id="r2l3" custom="readingOrder {index:2;}">
                <Coords points="2186,485 3019,468 3019,426 2964,423 2650,452 2186,424"/>
                <Baseline points="2195,472 2235,473 2276,473 2317,473 2358,474 2399,473 2439,473 2480,473 2521,472 2562,472 2603,471 2643,470 2684,470 2725,469 2766,468 2807,468 2847,467 2888,467 2929,467 2970,466 3011,467"/>
                <TextEquiv>
                    <Unicode>Roulette — Baccara — Chemin de fer</Unicode>
                </TextEquiv>
            </TextLine>
            <TextLine id="r2l4" custom="readingOrder {index:3;}">
                <Coords points="2189,539 3014,542 3014,500 2977,497 2189,502"/>
                <Baseline points="2197,537 2237,538 2278,538 2318,538 2359,538 2399,538 2440,538 2480,538 2521,538 2561,538 2602,537 2642,537 2683,537 2723,536 2764,536 2804,536 2845,535 2885,535 2926,534 2966,533 3007,533"/>
                <TextEquiv>
                    <Unicode>Österreichische Casino A. G.</Unicode>
                </TextEquiv>
            </TextLine>
            <TextLine id="r2l5" custom="readingOrder {index:4;}">
                <Coords points="2189,596 3032,586 3031,540 2189,543"/>
                <Baseline points="2197,585 2238,585 2279,586 2320,586 2362,586 2403,586 2444,586 2486,585 2527,585 2568,585 2610,585 2651,584 2692,584 2733,583 2775,583 2816,582 2857,582 2899,581 2940,581 2981,580 3023,579"/>
                <TextEquiv>
                    <Unicode>Wien III. Schwarzenbergplatz 5a</Unicode>
                </TextEquiv>
            </TextLine>
            <TextLine id="r2l6" custom="readingOrder {index:5;}">
                <Coords points="2187,733 2453,736 2491,721 2670,738 2697,729 2694,649 2609,641 2472,668 2441,652 2392,667 2271,660 2227,696 2185,688"/>
                <Baseline points="2194,723 2220,721 2246,720 2272,719 2298,718 2324,718 2350,718 2376,718 2402,718 2428,718 2454,717 2480,717 2506,716 2532,715 2558,714 2584,712 2610,710 2636,707 2662,704 2688,700"/>
                <TextEquiv>
                    <Unicode>„OBSERVER“</Unicode>
                </TextEquiv>
            </TextLine>
            <TextLine id="r2l7" custom="readingOrder {index:6;}">
                <Coords points="2425,770 2962,770 3022,762 3021,718 2929,710 2854,737 2424,733"/>
                <Baseline points="2432,764 2461,763 2490,762 2519,761 2548,761 2577,760 2606,760 2635,759 2664,759 2693,758 2722,758 2751,757 2780,757 2809,757 2838,757 2867,756 2896,756 2925,756 2954,756 2983,756 3013,755"/>
                <TextEquiv>
                    <Unicode>I. österr. behördlick konzessioniertes</Unicode>
                </TextEquiv>
            </TextLine>
            <TextLine id="r2l8" custom="readingOrder {index:7;}">
                <Coords points="2426,810 3019,802 3019,761 2425,770"/>
                <Baseline points="2434,802 2462,801 2491,801 2520,800 2549,800 2578,799 2607,799 2635,799 2664,798 2693,798 2722,798 2751,798 2780,797 2809,797 2837,796 2866,796 2895,795 2924,795 2953,794 2982,793 3011,793"/>
                <TextEquiv>
                    <Unicode>Unternehmen für Zeitungs-Ausschnitte</Unicode>
                </TextEquiv>
            </TextLine>
            <TextLine id="r2l9" custom="readingOrder {index:8;}">
                <Coords points="2433,846 3032,839 3022,797 2433,811"/>
                <Baseline points="2442,841 2471,840 2500,840 2529,840 2558,839 2587,839 2616,839 2645,838 2674,838 2703,838 2732,837 2761,837 2790,837 2819,836 2848,836 2877,835 2906,834 2935,834 2964,833 2993,832 3023,831"/>
                <TextEquiv>
                    <Unicode>Wien I, Wollzeile 11, Telephon R-23-0-43</Unicode>
                </TextEquiv>
            </TextLine>
            <TextLine id="r2l10" custom="readingOrder {index:9;}">
                <Coords points="2185,1046 2346,1025 2474,1047 2612,1024 2665,1044 2960,1034 2961,975 2863,945 2752,978 2725,955 2664,974 2374,953 2306,985 2269,960 2185,990"/>
                <Baseline points="2194,1014 2233,1014 2273,1014 2313,1014 2353,1014 2393,1013 2433,1013 2473,1012 2513,1012 2553,1012 2593,1012 2633,1012 2673,1012 2713,1013 2753,1014 2793,1015 2833,1017 2873,1019 2913,1023 2953,1026"/>
                <TextEquiv>
                    <Unicode>Ausschniignos. Wiener lbendblatt</Unicode>
                </TextEquiv>
            </TextLine>
            <TextLine id="r2l11" custom="readingOrder {index:10;}">
                <Coords points="2454,1142 2500,1135 2522,1153 2558,1134 2638,1149 2685,1130 2795,1150 2821,1144 2822,1070 2774,1058 2742,1075 2699,1060 2676,1074 2649,1054 2521,1055 2495,1074 2455,1057"/>
                <Baseline points="2462,1128 2487,1125 2512,1124 2537,1123 2562,1122 2587,1123 2612,1124 2637,1124 2662,1125 2687,1127 2712,1127 2737,1128 2762,1129 2787,1129 2813,1128"/>
                <TextEquiv>
                    <Unicode>9 NOV. 1236</Unicode>
                </TextEquiv>
            </TextLine>
            <TextLine id="r2l12" custom="readingOrder {index:11;}">
                <Coords points="2194,1231 2213,1235 2227,1247 2237,1239 2250,1237 2264,1245 2282,1239 2308,1247 2309,1197 2293,1201 2284,1194 2269,1202 2260,1198 2251,1201 2247,1196 2232,1202 2224,1195 2213,1200 2195,1199"/>
                <Baseline points="2203,1228 2235,1227 2267,1229 2300,1231"/>
                <TextEquiv>
                    <Unicode>vom:</Unicode>
                </TextEquiv>
            </TextLine>
            <TextLine id="r2l13" custom="readingOrder {index:12;}">
                <Coords points="1978,1390 2074,1360 2364,1397 2498,1368 3069,1394 3087,1313 2642,1337 2555,1304 1979,1294"/>
                <Baseline points="1986,1365 2040,1364 2095,1362 2149,1362 2204,1362 2259,1362 2313,1363 2368,1365 2422,1366 2477,1368 2532,1370 2586,1371 2641,1373 2695,1374 2750,1376 2805,1377 2859,1378 2914,1378 2968,1378 3023,1377 3078,1376"/>
                <TextEquiv>
                    <Unicode>„Fräulein Else“ in der Josefstadt.</Unicode>
                </TextEquiv>
            </TextLine>
            <TextLine id="r2l14" custom="readingOrder {index:13;}">
                <Coords points="2014,1433 2970,1463 3126,1449 3127,1408 2015,1377"/>
                <Baseline points="2022,1424 2076,1425 2131,1426 2186,1427 2241,1428 2296,1430 2351,1431 2405,1432 2460,1433 2515,1434 2570,1436 2625,1437 2680,1438 2735,1439 2789,1440 2844,1440 2899,1441 2954,1441 3009,1442 3064,1442 3119,1442"/>
                <TextEquiv>
                    <Unicode>Im Theater in der Josefstadt beginnen morgen die</Unicode>
                </TextEquiv>
            </TextLine>
            <TextLine id="r2l15" custom="readingOrder {index:14;}">
                <Coords points="1931,1492 3072,1509 3123,1458 1932,1430"/>
                <Baseline points="1939,1471 1997,1472 2056,1474 2115,1475 2174,1476 2232,1478 2291,1479 2350,1481 2409,1482 2467,1483 2526,1484 2585,1485 2644,1487 2702,1487 2761,1488 2820,1489 2879,1489 2937,1489 2996,1490 3055,1490 3114,1489"/>
                <TextEquiv>
                    <Unicode>Proben zu Artur Schnitzlers „Fräulein Else“ in der</Unicode>
                </TextEquiv>
            </TextLine>
            <TextLine id="r2l16" custom="readingOrder {index:15;}">
                <Coords points="1943,1532 3121,1553 3120,1496 1944,1483"/>
                <Baseline points="1951,1520 2009,1521 2067,1523 2125,1524 2183,1525 2241,1526 2299,1528 2357,1529 2415,1530 2473,1532 2532,1533 2590,1534 2648,1535 2706,1536 2764,1537 2822,1538 2880,1539 2938,1539 2996,1540 3054,1540 3113,1540"/>
                <TextEquiv>
                    <Unicode>Dramatisierung von Ernst=Lothur. Die Regie führt Hans</Unicode>
                </TextEquiv>
            </TextLine>
            <TextLine id="r2l17" custom="readingOrder {index:16;}">
                <Coords points="1933,1578 3042,1611 3119,1603 3120,1568 1934,1535"/>
                <Baseline points="1941,1570 1999,1571 2058,1572 2116,1574 2175,1575 2233,1577 2292,1578 2350,1579 2409,1580 2467,1581 2526,1582 2584,1583 2643,1584 2701,1585 2760,1586 2818,1586 2877,1587 2935,1587 2994,1587 3052,1587 3111,1587"/>
                <TextEquiv>
                    <Unicode>Thimig. Besetzung der Hauptrollen: Dr. T., Rechtsanwalt —</Unicode>
                </TextEquiv>
            </TextLine>
            <TextLine id="r2l18" custom="readingOrder {index:17;}">
                <Coords points="1936,1633 3120,1659 3121,1603 3066,1596 1937,1580"/>
                <Baseline points="1944,1619 2002,1620 2060,1622 2119,1623 2177,1625 2236,1626 2294,1627 2353,1629 2411,1630 2470,1631 2528,1632 2586,1633 2645,1633 2703,1634 2762,1635 2820,1636 2879,1636 2937,1637 2996,1638 3054,1638 3113,1639"/>
                <TextEquiv>
                    <Unicode>Albert Bassermann; Else, seine Tochter — Stradner; Tante</Unicode>
                </TextEquiv>
            </TextLine>
            <TextLine id="r2l19" custom="readingOrder {index:18;}">
                <Coords points="1936,1680 3114,1711 3078,1641 1937,1633"/>
                <Baseline points="1944,1669 2002,1671 2060,1672 2118,1673 2176,1675 2234,1676 2292,1677 2351,1677 2409,1678 2467,1679 2525,1680 2583,1681 2641,1681 2699,1682 2758,1683 2816,1684 2874,1685 2932,1687 2990,1688 3048,1690 3107,1692"/>
                <TextEquiv>
                    <Unicode>Emma, Schwester Dr. Ts — Else Bassermann; Dr. Paul T.,</Unicode>
                </TextEquiv>
            </TextLine>
            <TextLine id="r2l20" custom="readingOrder {index:19;}">
                <Coords points="1938,1729 3082,1750 3115,1712 1938,1679"/>
                <Baseline points="1946,1719 2004,1720 2062,1721 2120,1723 2178,1724 2236,1725 2294,1726 2352,1727 2410,1728 2468,1729 2526,1730 2584,1731 2642,1731 2700,1732 2758,1733 2816,1734 2874,1735 2932,1735 2990,1736 3048,1737 3106,1737"/>
                <TextEquiv>
                    <Unicode>Elses Vetter — Frey; Herr von Dorsday, Antiquitäten¬</Unicode>
                </TextEquiv>
            </TextLine>
            <TextLine id="r2l21" custom="readingOrder {index:20;}">
                <Coords points="1930,1781 3024,1816 3122,1793 3123,1735 1931,1729"/>
                <Baseline points="1938,1768 1996,1770 2055,1772 2114,1773 2173,1775 2232,1776 2291,1777 2349,1778 2408,1779 2467,1780 2526,1781 2585,1782 2644,1783 2703,1783 2761,1784 2820,1785 2879,1785 2938,1786 2997,1787 3056,1788 3115,1788"/>
                <TextEquiv>
                    <Unicode>händler — Edthofer; Frau Winawer — Geßner. Bühnen¬</Unicode>
                </TextEquiv>
            </TextLine>
            <TextLine id="r2l22" custom="readingOrder {index:21;}">
                <Coords points="1932,1831 1962,1833 1990,1855 2027,1854 2060,1831 2104,1853 2154,1845 2252,1862 2323,1830 2324,1799 2295,1805 2254,1781 2217,1795 2193,1781 1933,1780"/>
                <Baseline points="1940,1818 1965,1820 1990,1822 2015,1822 2040,1823 2065,1823 2090,1823 2115,1823 2140,1823 2165,1824 2190,1824 2215,1825 2240,1826 2265,1828 2290,1830 2315,1832"/>
                <TextEquiv>
                    <Unicode>bilder Niedermoser.</Unicode>
                </TextEquiv>
            </TextLine>
            <TextLine id="r2l23" custom="readingOrder {index:22;}">
                <Coords points="2154,2287 2484,2304 2587,2282 2911,2317 2980,2297 2982,2223 2685,2208 2644,2240 2544,2209 2155,2212"/>
                <Baseline points="2162,2270 2202,2271 2243,2272 2283,2272 2324,2273 2364,2274 2405,2274 2445,2275 2486,2275 2526,2276 2567,2277 2607,2277 2648,2278 2688,2279 2729,2279 2769,2280 2810,2281 2850,2282 2891,2283 2931,2285 2972,2286"/>
                <TextEquiv>
                    <Unicode>WIENER MESSE</Unicode>
                </TextEquiv>
            </TextLine>
            <TextLine id="r2l24" custom="readingOrder {index:23;}">
                <Coords points="2208,2341 2981,2354 2973,2305 2209,2296"/>
                <Baseline points="2216,2331 2253,2332 2291,2332 2329,2333 2367,2333 2405,2334 2443,2334 2480,2335 2518,2336 2556,2337 2594,2338 2632,2339 2670,2339 2708,2340 2745,2341 2783,2342 2821,2343 2859,2344 2897,2345 2935,2346 2973,2346"/>
                <TextEquiv>
                    <Unicode>7. bis 13. März 1937 — Technische und</Unicode>
                </TextEquiv>
            </TextLine>
            <TextLine id="r2l25" custom="readingOrder {index:24;}">
                <Coords points="2200,2394 2800,2386 2904,2411 2986,2403 2987,2356 2201,2340"/>
                <Baseline points="2208,2376 2246,2376 2285,2376 2323,2377 2362,2377 2400,2378 2439,2379 2477,2379 2516,2380 2554,2381 2593,2382 2631,2383 2670,2384 2708,2385 2747,2386 2785,2387 2824,2388 2862,2389 2901,2389 2939,2390 2978,2390"/>
                <TextEquiv>
                    <Unicode>Landwirtschaftliche Messe bis 14. März</Unicode>
                </TextEquiv>
            </TextLine>
            <TextLine id="r2l26" custom="readingOrder {index:25;}">
                <Coords points="2196,2429 2978,2440 2972,2401 2197,2386"/>
                <Baseline points="2204,2421 2242,2422 2280,2423 2318,2423 2357,2424 2395,2425 2433,2425 2472,2426 2510,2427 2548,2428 2587,2429 2625,2430 2663,2430 2701,2431 2740,2432 2778,2433 2816,2434 2855,2434 2893,2435 2931,2436 2970,2436"/>
                <TextEquiv>
                    <Unicode>Auskünfte aller Art ertellen die ehrenamtlichen Ver¬</Unicode>
                </TextEquiv>
            </TextLine>
            <TextLine id="r2l27" custom="readingOrder {index:26;}">
                <Coords points="2203,2456 2971,2476 2972,2437 2203,2427"/>
                <Baseline points="2210,2451 2247,2452 2285,2452 2323,2453 2360,2454 2398,2455 2436,2456 2473,2456 2511,2457 2549,2458 2587,2459 2624,2460 2662,2461 2700,2461 2737,2462 2775,2463 2813,2463 2850,2464 2888,2464 2926,2464 2964,2465"/>
                <TextEquiv>
                    <Unicode>treter der Wiener Messe In allen größeron Städten der</Unicode>
                </TextEquiv>
            </TextLine>
            <TextLine id="r2l28" custom="readingOrder {index:27;}">
                <Coords points="2196,2488 2788,2490 2973,2528 2974,2478 2941,2468 2196,2454"/>
                <Baseline points="2203,2481 2241,2482 2279,2482 2317,2483 2355,2484 2393,2485 2431,2485 2470,2486 2508,2487 2546,2487 2584,2488 2622,2489 2660,2489 2698,2490 2737,2491 2775,2492 2813,2493 2851,2494 2889,2495 2927,2497 2966,2498"/>
                <TextEquiv>
                    <Unicode>Welt sowie das Zentralbüro der Wiener Messe-A. G.,</Unicode>
                </TextEquiv>
            </TextLine>
            <TextLine id="r2l29" custom="readingOrder {index:28;}">
                <Coords points="2424,2522 2451,2521 2467,2534 2509,2519 2537,2531 2576,2519 2606,2536 2655,2524 2672,2537 2706,2525 2732,2535 2772,2529 2773,2496 2424,2487"/>
                <Baseline points="2432,2513 2457,2515 2483,2517 2508,2518 2534,2519 2559,2519 2585,2519 2610,2519 2636,2520 2661,2520 2687,2520 2712,2521 2738,2522 2764,2523"/>
                <TextEquiv>
                    <Unicode>Wien, VII., Messepalast</Unicode>
                </TextEquiv>
            </TextLine>
            <TextLine id="r2l30" custom="readingOrder {index:29;}">
                <Coords points="2145,2668 2477,2658 2553,2685 2673,2654 2673,2601 2608,2590 2482,2611 2382,2591 2358,2610 2310,2591 2236,2607 2145,2598"/>
                <Baseline points="2153,2653 2178,2650 2204,2649 2229,2648 2255,2648 2281,2648 2306,2648 2332,2649 2357,2650 2383,2651 2409,2652 2434,2653 2460,2653 2485,2654 2511,2653 2537,2653 2562,2652 2588,2650 2613,2647 2639,2643 2665,2639"/>
                <TextEquiv>
                    <Unicode>„OBSERVER“</Unicode>
                </TextEquiv>
            </TextLine>
            <TextLine id="r2l31" custom="readingOrder {index:30;}">
                <Coords points="2193,2700 2980,2713 2969,2666 2786,2684 2194,2664"/>
                <Baseline points="2201,2696 2239,2696 2278,2697 2316,2698 2355,2698 2393,2699 2432,2700 2470,2701 2509,2701 2547,2702 2586,2703 2624,2704 2663,2705 2701,2706 2740,2706 2778,2707 2817,2708 2855,2708 2894,2709 2932,2709 2971,2710"/>
                <TextEquiv>
                    <Unicode>I. österr. behördlich konzessioniertes Unternehmen für</Unicode>
                </TextEquiv>
            </TextLine>
            <TextLine id="r2l32" custom="readingOrder {index:31;}">
                <Coords points="2198,2737 2919,2761 2967,2747 2968,2715 2199,2700"/>
                <Baseline points="2206,2727 2243,2728 2281,2728 2319,2729 2356,2730 2394,2731 2432,2732 2469,2732 2507,2733 2545,2734 2583,2735 2620,2736 2658,2736 2696,2737 2733,2738 2771,2738 2809,2739 2846,2740 2884,2740 2922,2741 2960,2741"/>
                <TextEquiv>
                    <Unicode>Zeitungsausschnitte, Wien, I., Wollzelle 11, Tel. R 23-0-43</Unicode>
                </TextEquiv>
            </TextLine>
            <TextLine id="r2l33" custom="readingOrder {index:32;}">
                <Coords points="2123,2914 2249,2918 2283,2935 2346,2918 2380,2933 2396,2920 2441,2921 2442,2886 2410,2876 2358,2886 2316,2854 2291,2876 2272,2869 2235,2881 2194,2866 2124,2874"/>
                <Baseline points="2132,2909 2157,2908 2182,2907 2207,2908 2232,2908 2257,2909 2282,2910 2307,2911 2332,2912 2357,2913 2382,2913 2407,2913 2433,2912"/>
                <TextEquiv>
                    <Unicode>Ausschnitt aus:</Unicode>
                </TextEquiv>
            </TextLine>
            <TextLine id="r2l34" custom="readingOrder {index:33;}">
                <Coords points="2158,2984 2323,3006 2497,2977 2657,3014 2760,2981 2896,2992 2896,2942 2762,2911 2612,2954 2526,2926 2500,2945 2158,2933"/>
                <Baseline points="2166,2973 2202,2974 2238,2974 2274,2975 2310,2975 2346,2975 2382,2975 2418,2975 2454,2975 2490,2975 2527,2975 2563,2975 2599,2975 2635,2975 2671,2976 2707,2976 2743,2977 2779,2979 2815,2980 2851,2981 2888,2984"/>
                <TextEquiv>
                    <Unicode>Neue Illustr. Zeitung,</Unicode>
                </TextEquiv>
            </TextLine>
            <TextLine id="r2l35" custom="readingOrder {index:34;}">
                <Coords points="2459,3043 2473,3042 2492,3058 2515,3048 2536,3057 2560,3044 2565,3049 2581,3044 2599,3032 2615,3035 2615,2987 2599,2993 2588,2988 2573,2996 2556,2986 2533,2991 2527,2984 2522,2988 2496,2978 2483,2986 2475,2981 2459,2985"/>
                <Baseline points="2467,3028 2494,3026 2522,3026 2550,3027 2578,3028 2606,3027"/>
                <TextEquiv>
                    <Unicode>Vien</Unicode>
                </TextEquiv>
            </TextLine>
            <TextLine id="r2l36" custom="readingOrder {index:35;}">
                <Coords points="2123,3135 2158,3134 2168,3126 2174,3126 2177,3130 2182,3128 2187,3133 2197,3128 2214,3128 2215,3095 2202,3091 2194,3096 2184,3089 2167,3091 2160,3096 2139,3090 2136,3094 2123,3092"/>
                <Baseline points="2131,3120 2156,3122 2181,3121 2207,3122"/>
                <TextEquiv>
                    <Unicode>vom</Unicode>
                </TextEquiv>
            </TextLine>
            <TextLine id="r2l37" custom="readingOrder {index:36;}">
                <Coords points="2431,3149 2471,3142 2511,3152 2524,3142 2651,3157 2731,3137 2766,3141 2766,3088 2729,3092 2698,3076 2660,3096 2636,3086 2609,3106 2528,3087 2467,3094 2430,3079"/>
                <Baseline points="2439,3134 2465,3137 2492,3138 2519,3139 2545,3140 2572,3140 2599,3139 2625,3139 2652,3138 2679,3136 2705,3136 2732,3134 2759,3133"/>
                <TextEquiv>
                    <Unicode>10.II. 1937</Unicode>
                </TextEquiv>
            </TextLine>
            <TextLine id="r2l38" custom="readingOrder {index:37;}">
                <Coords points="2079,3194 2655,3198 2667,3159 2287,3134 2079,3146"/>
                <Baseline points="2087,3183 2115,3184 2144,3184 2172,3185 2201,3186 2230,3186 2258,3187 2287,3187 2315,3188 2344,3188 2373,3189 2401,3189 2430,3189 2458,3190 2487,3190 2516,3190 2544,3190 2573,3190 2601,3190 2630,3190 2659,3190"/>
                <TextEquiv>
                    <Unicode>akar Bendiener</Unicode>
                </TextEquiv>
            </TextLine>
            <TextLine id="r2l39" custom="readingOrder {index:38;}">
                <Coords points="1997,3226 3185,3229 3214,3152 2488,3201 1997,3181"/>
                <Baseline points="2005,3216 2065,3216 2125,3216 2185,3216 2245,3216 2305,3217 2365,3217 2425,3217 2485,3217 2545,3217 2605,3217 2665,3217 2725,3217 2785,3217 2845,3217 2905,3217 2965,3217 3025,3217 3085,3217 3145,3217 3206,3217"/>
                <TextEquiv>
                    <Unicode>Hotrat Dr. Ernst Lotnar, der semnerzeit als Theaferkritler der</Unicode>
                </TextEquiv>
            </TextLine>
            <TextLine id="r2l40" custom="readingOrder {index:39;}">
                <Coords points="1914,3267 3201,3263 3147,3223 1914,3220"/>
                <Baseline points="1922,3257 1985,3257 2049,3257 2112,3257 2176,3257 2239,3257 2303,3257 2366,3257 2430,3257 2493,3257 2557,3257 2621,3257 2684,3258 2748,3258 2811,3258 2875,3258 2938,3258 3002,3258 3065,3258 3129,3258 3193,3258"/>
                <TextEquiv>
                    <Unicode>sachkundigste und konzessionsloseste Kunsthüter war, hat als Direktor</Unicode>
                </TextEquiv>
            </TextLine>
            <TextLine id="r2l41" custom="readingOrder {index:40;}">
                <Coords points="1917,3306 3201,3306 3175,3264 1917,3266"/>
                <Baseline points="1925,3298 1988,3298 2051,3297 2115,3297 2178,3297 2242,3297 2305,3297 2368,3297 2432,3297 2495,3297 2559,3297 2622,3297 2685,3298 2749,3298 2812,3298 2876,3298 2939,3298 3002,3298 3066,3298 3129,3298 3193,3298"/>
                <TextEquiv>
                    <Unicode>des Josefstädter Theaters einiges Wasser in seinen Wein getan. Einer¬</Unicode>
                </TextEquiv>
            </TextLine>
            <TextLine id="r2l42" custom="readingOrder {index:41;}">
                <Coords points="1913,3354 3213,3345 3184,3304 1913,3306"/>
                <Baseline points="1921,3338 1985,3338 2049,3338 2113,3337 2177,3337 2241,3337 2305,3337 2370,3337 2434,3337 2498,3337 2562,3337 2626,3338 2690,3338 2754,3338 2819,3338 2883,3338 2947,3338 3011,3338 3075,3338 3139,3338 3204,3338"/>
                <TextEquiv>
                    <Unicode>seits machte er uns mit dem pazilistischen Einakter „Monsignores</Unicode>
                </TextEquiv>
            </TextLine>
            <TextLine id="r2l43" custom="readingOrder {index:42;}">
                <Coords points="1919,3389 3121,3398 3208,3348 1919,3349"/>
                <Baseline points="1927,3379 1990,3378 2054,3378 2117,3378 2181,3378 2245,3378 2308,3377 2372,3377 2436,3377 2499,3377 2563,3377 2627,3377 2690,3378 2754,3378 2818,3378 2881,3378 2945,3378 3009,3378 3072,3379 3136,3379 3200,3379"/>
                <TextEquiv>
                    <Unicode>große Stunde“ und Giraudoux' ebenso gesinnungstreuer ais geist¬</Unicode>
                </TextEquiv>
            </TextLine>
            <TextLine id="r2l44" custom="readingOrder {index:43;}">
                <Coords points="1917,3435 3200,3427 3091,3377 1917,3390"/>
                <Baseline points="1926,3419 1989,3418 2052,3418 2115,3418 2179,3418 2242,3418 2305,3418 2368,3418 2432,3418 2495,3418 2558,3418 2621,3418 2685,3418 2748,3418 2811,3418 2874,3419 2938,3419 3001,3419 3064,3419 3127,3420 3191,3420"/>
                <TextEquiv>
                    <Unicode>funkelnder Persiflage „Es kommt nicht zum Krieg“ bekannt, und setzt</Unicode>
                </TextEquiv>
            </TextLine>
            <TextLine id="r2l45" custom="readingOrder {index:44;}">
                <Coords points="1924,3472 3202,3474 3202,3429 3136,3425 1924,3429"/>
                <Baseline points="1932,3460 1995,3459 2058,3459 2121,3458 2184,3458 2247,3458 2310,3457 2373,3457 2436,3457 2499,3457 2562,3458 2625,3458 2688,3458 2751,3458 2814,3458 2877,3458 2940,3458 3003,3458 3066,3458 3129,3458 3193,3458"/>
                <TextEquiv>
                    <Unicode>seinen festlichen Grillparzer-Zyklus mit der „Jüdin von Toledo“ fort,</Unicode>
                </TextEquiv>
            </TextLine>
            <TextLine id="r2l46" custom="readingOrder {index:45;}">
                <Coords points="1915,3515 3203,3514 3212,3471 1915,3473"/>
                <Baseline points="1923,3500 1987,3499 2051,3499 2115,3498 2179,3498 2243,3498 2307,3498 2371,3498 2435,3498 2499,3498 2563,3498 2627,3498 2691,3498 2755,3498 2819,3499 2883,3499 2947,3499 3011,3499 3075,3499 3139,3500 3204,3500"/>
                <TextEquiv>
                    <Unicode>andererseits aber hemmte ihn keinerlei Scheu, Schnitzlers an sich schön</Unicode>
                </TextEquiv>
            </TextLine>
            <TextLine id="r2l47" custom="readingOrder {index:46;}">
                <Coords points="2668,3540 2797,3557 2949,3545 3050,3565 3137,3546 3164,3560 3204,3552 3205,3512 2668,3515"/>
                <Baseline points="2677,3532 2704,3534 2731,3537 2758,3538 2786,3539 2813,3540 2840,3540 2868,3540 2895,3540 2922,3540 2950,3540 2977,3540 3004,3539 3032,3539 3059,3539 3086,3539 3114,3539 3141,3540 3168,3541 3196,3542"/>
                <TextEquiv>
                    <Unicode>— nicht ohne gelegentliche,</Unicode>
                </TextEquiv>
            </TextLine>
            <TextLine id="r2l48" custom="readingOrder {index:47;}">
                <Coords points="1924,3555 2658,3549 2657,3501 2396,3503 2357,3525 2226,3497 1924,3512"/>
                <Baseline points="1932,3541 1967,3540 2003,3539 2039,3539 2075,3539 2111,3539 2147,3539 2183,3539 2219,3539 2255,3539 2291,3539 2326,3540 2362,3540 2398,3539 2434,3539 2470,3539 2506,3538 2542,3537 2578,3536 2614,3534 2650,3532"/>
                <TextEquiv>
                    <Unicode>stofflich heikle Novelle „Fräulein Else“</Unicode>
                </TextEquiv>
            </TextLine>
            <TextLine id="r2l49" custom="readingOrder {index:48;}">
                <Coords points="1919,3592 3207,3589 3207,3553 3134,3546 1919,3553"/>
                <Baseline points="1926,3581 1989,3580 2053,3580 2116,3580 2180,3579 2244,3579 2307,3579 2371,3579 2435,3578 2498,3578 2562,3578 2626,3578 2689,3579 2753,3579 2817,3579 2880,3579 2944,3580 3008,3580 3071,3581 3135,3581 3199,3582"/>
                <TextEquiv>
                    <Unicode>gewaltsame dramaturgische Eingriffe der Bühne zu gewinnen, und zur</Unicode>
                </TextEquiv>
            </TextLine>
            <TextLine id="r2l50" custom="readingOrder {index:49;}">
                <Coords points="1921,3628 3201,3632 3201,3595 3140,3585 1921,3591"/>
                <Baseline points="1930,3619 1993,3620 2056,3620 2119,3620 2182,3620 2245,3620 2308,3620 2372,3620 2435,3620 2498,3620 2561,3619 2624,3619 2687,3619 2750,3619 2814,3619 2877,3619 2940,3620 3003,3620 3066,3621 3129,3621 3193,3622"/>
                <TextEquiv>
                    <Unicode>Weihnachtszeit schloß auch er den ungarischen Verfasser der illustren</Unicode>
                </TextEquiv>
            </TextLine>
            <TextLine id="r2l51" custom="readingOrder {index:50;}">
                <Coords points="1926,3683 3211,3671 3211,3633 3069,3626 1926,3633"/>
                <Baseline points="1933,3664 1996,3663 2060,3663 2123,3662 2187,3661 2250,3661 2314,3661 2377,3661 2441,3661 2504,3661 2568,3661 2632,3661 2695,3661 2759,3661 2822,3661 2886,3662 2949,3662 3013,3662 3076,3662 3140,3662 3204,3662"/>
                <TextEquiv>
                    <Unicode>„Kirchenmaus“ in weitgeöffnete Arme. Fodors „Matura“ gefällt den</Unicode>
                </TextEquiv>
            </TextLine>
            <TextLine id="r2l52" custom="readingOrder {index:51;}">
                <Coords points="1919,3710 3208,3715 3208,3680 3129,3665 1919,3672"/>
                <Baseline points="1927,3706 1990,3706 2054,3705 2117,3705 2181,3704 2245,3704 2308,3704 2372,3703 2435,3703 2499,3703 2563,3703 2626,3703 2690,3703 2753,3703 2817,3704 2881,3704 2944,3704 3008,3705 3071,3705 3135,3705 3199,3706"/>
                <TextEquiv>
                    <Unicode>Leuten und wird ihnen wohl noch an die hundert Male und darüber</Unicode>
                </TextEquiv>
            </TextLine>
            <TextLine id="r2l53" custom="readingOrder {index:52;}">
                <Coords points="1921,3772 3032,3779 3173,3773 3202,3728 1921,3738"/>
                <Baseline points="1929,3762 1992,3761 2055,3760 2118,3760 2182,3759 2245,3759 2308,3759 2371,3759 2435,3759 2498,3759 2561,3759 2624,3759 2688,3759 2751,3760 2814,3760 2877,3760 2941,3760 3004,3761 3067,3761 3130,3761 3194,3762"/>
                <TextEquiv>
                    <Unicode>gefallen, obwohl Vorwurf und Milieu abgebraucht, die Vorgänge er¬</Unicode>
                </TextEquiv>
            </TextLine>
            <TextLine id="r2l54" custom="readingOrder {index:53;}">
                <Coords points="1930,3808 3073,3819 3203,3809 3203,3764 1930,3775"/>
                <Baseline points="1938,3802 2000,3801 2063,3801 2126,3800 2189,3800 2252,3799 2315,3799 2377,3799 2440,3799 2503,3799 2566,3799 2629,3800 2692,3800 2755,3800 2817,3800 2880,3801 2943,3801 3006,3801 3069,3801 3132,3801 3195,3801"/>
                <TextEquiv>
                    <Unicode>klügelt, die Gestalten viellach karikiert anmuten und die raffinierte</Unicode>
                </TextEquiv>
            </TextLine>
            <TextLine id="r2l55" custom="readingOrder {index:54;}">
                <Coords points="1923,3846 3197,3866 3197,3813 3124,3806 1923,3809"/>
                <Baseline points="1931,3842 1997,3841 2063,3841 2129,3841 2196,3841 2262,3840 2328,3840 2394,3840 2461,3840 2527,3840 2593,3840 2659,3840 2726,3841 2792,3841 2858,3841 2924,3841 2991,3842 3057,3842 3123,3843 3190,3843"/>
                <TextEquiv>
                    <Unicode>Mischung von Sentimentalität und Possenhaftigkeit feinerem Emp¬</Unicode>
                </TextEquiv>
            </TextLine>
            <TextLine id="r2l56" custom="readingOrder {index:55;}">
                <Coords points="1918,3899 1954,3910 2036,3883 2134,3895 2168,3884 2314,3909 2314,3847 2302,3843 2261,3858 2189,3844 2000,3857 1982,3846 1969,3859 1918,3847"/>
                <Baseline points="1926,3881 1951,3881 1976,3881 2002,3881 2027,3881 2052,3881 2078,3881 2103,3881 2128,3882 2154,3882 2179,3882 2204,3882 2230,3882 2255,3883 2280,3883 2306,3884"/>
                <TextEquiv>
                    <Unicode>finden wenig behagt.</Unicode>
                </TextEquiv>
            </TextLine>
            <TextEquiv>
                <Unicode>CALINOS IN ÖSTERREICH
Baden Salzburg Semmering
Roulette — Baccara — Chemin de fer
Österreichische Casino A. G.
Wien III. Schwarzenbergplatz 5a
„OBSERVER“
I. österr. behördlick konzessioniertes
Unternehmen für Zeitungs-Ausschnitte
Wien I, Wollzeile 11, Telephon R-23-0-43
Ausschniignos. Wiener lbendblatt
9 NOV. 1236
vom:
„Fräulein Else“ in der Josefstadt.
Im Theater in der Josefstadt beginnen morgen die
Proben zu Artur Schnitzlers „Fräulein Else“ in der
Dramatisierung von Ernst=Lothur. Die Regie führt Hans
Thimig. Besetzung der Hauptrollen: Dr. T., Rechtsanwalt —
Albert Bassermann; Else, seine Tochter — Stradner; Tante
Emma, Schwester Dr. Ts — Else Bassermann; Dr. Paul T.,
Elses Vetter — Frey; Herr von Dorsday, Antiquitäten¬
händler — Edthofer; Frau Winawer — Geßner. Bühnen¬
bilder Niedermoser.
WIENER MESSE
7. bis 13. März 1937 — Technische und
Landwirtschaftliche Messe bis 14. März
Auskünfte aller Art ertellen die ehrenamtlichen Ver¬
treter der Wiener Messe In allen größeron Städten der
Welt sowie das Zentralbüro der Wiener Messe-A. G.,
Wien, VII., Messepalast
„OBSERVER“
I. österr. behördlich konzessioniertes Unternehmen für
Zeitungsausschnitte, Wien, I., Wollzelle 11, Tel. R 23-0-43
Ausschnitt aus:
Neue Illustr. Zeitung,
Vien
vom
10.II. 1937
akar Bendiener
Hotrat Dr. Ernst Lotnar, der semnerzeit als Theaferkritler der
sachkundigste und konzessionsloseste Kunsthüter war, hat als Direktor
des Josefstädter Theaters einiges Wasser in seinen Wein getan. Einer¬
seits machte er uns mit dem pazilistischen Einakter „Monsignores
große Stunde“ und Giraudoux' ebenso gesinnungstreuer ais geist¬
funkelnder Persiflage „Es kommt nicht zum Krieg“ bekannt, und setzt
seinen festlichen Grillparzer-Zyklus mit der „Jüdin von Toledo“ fort,
andererseits aber hemmte ihn keinerlei Scheu, Schnitzlers an sich schön
— nicht ohne gelegentliche,
stofflich heikle Novelle „Fräulein Else“
gewaltsame dramaturgische Eingriffe der Bühne zu gewinnen, und zur
Weihnachtszeit schloß auch er den ungarischen Verfasser der illustren
„Kirchenmaus“ in weitgeöffnete Arme. Fodors „Matura“ gefällt den
Leuten und wird ihnen wohl noch an die hundert Male und darüber
gefallen, obwohl Vorwurf und Milieu abgebraucht, die Vorgänge er¬
klügelt, die Gestalten viellach karikiert anmuten und die raffinierte
Mischung von Sentimentalität und Possenhaftigkeit feinerem Emp¬
finden wenig behagt.</Unicode>
            </TextEquiv>
        </TextRegion>
    </Page>
</PcGts>
