3296 4256
465 67 1263 121 stelle mehr ins Theater locken kann, das jetzt
458 102 1263 165 Chansons und Kurzszenen gleichsam als
460 155 1257 207 Kipfelgebäck zur Kaffeehausmelange genießt
458 213 1259 257 und wenn man die lieben Leute fragt, war¬
460 245 1264 305 um sie dem Klassikerabend untreu geworden
458 295 1253 349 sind und sich zum anmutigen Gschnas be¬
466 348 1255 405 kehren, dann heißt es: „Mein Gott — wer
458 387 1256 442 hat heute das unbeschwerte Gemüt, um die
466 434 1249 495 Entwicklung eines Seelenkonfliktes durch
451 485 1256 542 fünf Akte zu überwachen!“ oder noch pro¬
464 539 1255 591 aischer: „Wenn ich ins Kaffeehauskabarett
454 582 1248 638 gehe, muß ich der Friseuse nichts zu ver
453 633 1261 693 dienen geben und kann mein Abendkleid für
457 674 908 739 dessere Zeiten schonen!“
499 724 1251 779 Da ahnt man einiges. Vor allem: daß
452 774 1249 823 Kino und Kleinkabarett aus den gleichen
461 815 1255 869 Profitquellen schöpfen, wenn auch diese be¬
462 862 1255 927 scheidene Kleinkunst bei weitem nicht so
459 920 1252 973 aus dem Vollen scheffelt, wie die Groß¬
459 963 1037 1039 industrie für Zelluloidträume,
441 1042 1261 1115 Die Geburt des Kaffeehausbrettla
494 1114 1251 1183 Wieso ein Souterraintheaterchen, solch
451 1164 1256 1222 ein „Unterbrettl“ entsteht, mag manchen
454 1212 1255 1271 interessieren. Da gibt es ein Kleinkabarett
452 1266 1247 1318 im Café Dobner, das vielen seiner Kon
460 1312 1250 1374 kurrenten den Rang ablauft. Fast könnte
457 1360 1263 1416 man es das Burgtheater der Wiener Klein¬
458 1408 1252 1467 kunst nennen. Es heißt „Literatur am
449 1456 1251 1511 Naschmarkt“ und ist in den Kellerräumen
455 1501 1255 1569 des Café Dobner beheimatet. Ein Herr
458 1553 1254 1603 Martin Magner und ein Herr Stein
445 1600 1251 1671 hatten sich zusammengetan — der letztere
453 1641 1258 1716 mit höchst bescheidenem Kapital der Finan¬
455 1708 1249 1756 cier des neuen Bühnchens, der andere zu¬
450 1742 1254 1801 letzt Oberregisseur der städtischen Bühne in
456 1788 1261 1848 Breslau; „Phäa“, „Komödie der Irrun¬
450 1842 1258 1899 gen“ und „Fuhrmann Henschel“ waren
460 1888 1251 1950 eine letzten Regieleistungen. Dann stapfte
451 1939 1255 1986 die arische Ahnfrau auf hohem Kothurn über
458 1983 1263 2035 die Bretter, der Mann, der jahrelang volle
445 2031 1255 2087 Häuser gemacht hatte, sah sich aus gutem
462 2081 1259 2145 Engagement gerissen und vor der Aussicht,
460 2133 1246 2196 seine kleinen Ersparnisse in ein paar Mo
444 2177 998 2239 naten Untätigkeit zu vertun.
495 2225 1261 2288 So entstand  diese „Literatur am Nasch¬
448 2278 1255 2330 markt“ aus einer trostlosen Situation und
444 2335 1259 2386 ein bißchen Optimismus — ein paar Thea¬
1327 71 2086 111 So geht man eben in die Nationalbiblio¬
1290 107 2090 163 thek, stöbert „Die ergötzlichen Metamorpho¬
1300 164 2088 217 en des Herrn Knöller“ auf, eine verstaubte
1302 207 2079 267 answurstiade, die gebürstet und neu auf¬
1288 254 2088 318 poliert wird (Herr Knöller hat einen Taler,
1289 306 2081 356 und wenn er einem guten Freund diesen
1292 345 2089 410 Taler schenkt, dann kauft er ihm seine Ge¬
1297 396 2078 450 talt damit ab wie den Schatten des Schle¬
1296 440 2083 496 nihl und kann in die Haut des Beschenkten
1288 485 2083 554 kriechen. Zuletzt schenkt er das Geldstück
1293 538 2086 599 einem Sterbenden und wird mit knapper
1295 579 1873 642 Mühe vor dem Exitus gerettet).
1323 631 2091 696 Dann werden Strindberg=Parodien an¬
1285 678 2092 749 gefertigt — eine Familie voll köstlichsten
1297 731 2046 787 asses und dämonischester Boshaftigkeit
1294 778 2094 844 Professor Leid tritt auf. der Seelenforscher
1285 823 2085 877 aus der Talgasse, und ein — mit feinster
1298 868 2093 928 nspielung auf Herrn Professor Freud aus
1285 916 2078 973 der Berggasse, der den braven Schwejk von
1288 965 2091 1030 der „Rederitis“ heilt. Eine feine Sache ist
1289 1019 2093 1076 auch Schnitzlers „Fräulein Else“, von Paul
1282 1051 2094 1111 Ralbeck als Monolog verarbeitet. Auch er¬
1293 1106 2092 1162 veist sich, daß sich aus „Des Knaben Wun¬
1288 1156 2097 1235 derhorn“ die schlagkräftigsten Chansons be¬
1287 1196 1525 1259 ziehen lassen.
1318 1251 2088 1311 Dann kommt es zur Groffnungsvorstel¬
1286 1288 2085 1359 lung — sie wird ein voller Erfolg. Man
1291 1344 2089 1404 hätte es nicht für möglich gehalten, der
1297 1397 2087 1449 afetier strahlt, die Melange fließt in Strö¬
1288 1443 2097 1507 men, und da die weiteren Vorstellungen der
1282 1495 2093 1543 ersten nicht nachstehen, baut sich für jeden
1289 1535 2077 1586 Teilhaber an diesem „Kabarett=Kollektiv“
1289 1585 2087 1666 eine Durchschnittsgage von 200 Schilling
1291 1634 1360 1691 auf.
1327 1685 2089 1746 Viel ist das nicht, kaum genug, um ein
1283 1728 2094 1796 kleines Kabinett zu bezahlen und in der
1291 1780 2093 1840 „Wök“ zu dinieren und doch spricht sich
1298 1831 2092 1886 iese Verdienstmöglichkeit herum und ein
1289 1874 2086 1940 und der andere von den postenlosen Schau¬
1299 1925 2088 1988 pielern aus der Umgegend klettert die
1298 1970 2085 2041 Treppen hinab, sieht gönnerhaft den Pro¬
1292 2020 2093 2081 ben zu und fragt den Direktor — förmlich
1286 2074 2045 2123 zum Spaß, mit gutmütigem Schmunzeln
1298 2118 2093 2183 ragt innerlich zitternd, ob er denn nicht
1283 2168 1719 2232 auch mitmachen könne.
1328 2210 2094 2278 Nein, sagt Direktor Magner mit jener
1296 2268 2094 2329 Bestimmtheit, die nicht grausamer ist als
1290 2316 2079 2383 ehen die meisten Tatsachen des ramponier¬
1292 2364 2095 2434 ten Theaterlebens — nein, mein lieber
1277 2410 2093 2469 Freund, das können wir nicht machen. Denn
1290 2462 2087 2528 Sie sind schon seit drei Jahren ohne En¬
1283 2516 2088 2576 gagement und da wäre es allzu schwer,
1298 2564 2085 2631 Sie zu aktivieren für diesen Betrieb, der
1282 2611 2086 2672 springlebendig bleiben muß, hoffnungsfroh
1282 2657 1526 2725 und elastisch.
1353 2718 2033 2810 Regisseur: Die gute Laune
1336 2801 2089 2858 „Denn von unserer guten Laune“ meint
1292 2842 2087 2905 der Herr Kleinkunst=Bühnendirektor, „leben
1294 2897 2099 2953 wir und wer lange darüber nachdenkt, was
1299 2945 2088 2995 er noch vor zwei Jahren gewesen ist und
1296 2995 2099 3056 was er hätte werden können, wer den
1298 3040 2087 3098 Kopf nach rückwärts dreht und nicht nach
1291 3089 2087 3161 vorne zum Publikum, der ist für die „Lite¬
1288 3143 1911 3197 ratur am Naschmarkt“ verloren.“
1336 3185 2088 3247 Der gleichen Meinung sind die beiden
1296 3238 2089 3293 jungen Herren, die da oben auf der kleinen
1288 3288 2093 3356 Bühne proben, auf zwei fahrbaren Holz¬
1300 3333 2094 3394 childkröten sitzend, zwei buntbemalte
1292 3382 2084 3438 Häuptlinge von der Südsee, die sich im be¬
1288 3432 2099 3505 sten Nestroy=Wienerisch unterhalten. Der
