3296 4256
624 73 1188 138 WIEN, I., WOLLZEILE 1
698 124 1137 182 TELEPHON R-23-0-43
496 248 856 331 Ausschnitt aus:
1230 273 1274 366 19
719 306 996 403 Neues Wicne.
508 491 635 540 vom:
701 492 951 596 21. 0Z.
417 624 1459 713 Londoner Theatersensationen.
382 702 1481 808 „Fräulein Else.“ — „Frühling für Henry.“ — „Peer Gynt.“
618 791 1249 861 Die neue Oskar=Straus=Operette.
397 852 1472 927 Von unserem Londoner Korrespondenten Egon M. Salzer.
994 929 1490 996 London, im Dezember.
432 981 1531 1039 Lond 3 Theaterleben bleibt trotz der antiausländischen
331 1023 505 1092 Kampag
582 1031 1530 1085 wisser Kreise international. Manchmal schadet es
574 1091 1531 1146 enn ein Stück von einem Wiener geschrieben, von
327 1079 504 1137 gar nich
327 1127 504 1188 einem E
567 1130 1520 1187 nder bearbeitet, einem Amerikaner inszeniert, einer
339 1174 487 1237 Franzö
558 1176 1524 1236 argestellt und von einem der Komponisten, die zwar
345 1222 490 1282 n Wien
566 1226 1520 1280 boren, aber in Berlin ansässig geworden sind,
336 1273 1513 1328 komponier ist. Den Proben in Manchester nach zu schließen,
339 1319 1528 1379 wird der nach diesem Rezept von C. B. Cochran präsentierien
337 1365 1510 1417 Oskar=Straus=Operette „Eine Frau, die weiß, was sie will“
336 1413 1522 1471 jener Erfolg werden, den ihr die Mitwirkenden heute schon
336 1463 1519 1523 prophezeien. A. P. Herbert hat das englische Buch verfaßt und
333 1512 1528 1568 Oliver Messel, einer der jüngsten und zugleich begabtesten Kostüm¬
327 1558 1522 1610 zeichner Londons, hat die Dekorationen entworfen. Den größten
322 1607 1522 1664 Erfolg verspricht man sich von Alice Delysia, einer ausgezeichneten
336 1655 1520 1713 französischen Schauspielerin, die in der Rolle der Masary auf¬
324 1698 1524 1761 treten wird. „Mother of Pearl“ oder „Box 21“ (der englische
332 1742 1532 1806 Titel ist noch nicht genau festgesetzt) wird zu Weihnachten in
324 1801 1523 1851 Manchester starten und Mitte Januar nach London kommen, wo
335 1850 1521 1907 inzwischen vier andere Bühnen mit neuen Produktionen Cochrans
320 1893 1524 1958 beschäftigt sein werden. George Kaufmans und Edna Färbers
321 1947 1512 2001 „Dinner um acht“ wird mit großem Interesse erwartet, um so
335 1987 1530 2043 mehr, als Cochran eine sensationelle Regie ankündigt, die ein
327 2040 1513 2101 wenig Abwechslung in die Schablone des alltäglichen Londoner
318 2082 1530 2142 Theaters bringen soll. Das gleiche gilt für „Mörderbande“ von
332 2132 1528 2198 George Munro und für die Dramatisierung des berühmten
330 2182 1521 2248 Buches von Louis Golding „Magnolia Street“ eine Geschichte,
327 2234 1530 2297 die den Kampf der Gegensätze von Juden und Christen in
320 2280 1521 2340 einer Gasse schildert und von Edward Knoblock für die Bühne
326 2324 1521 2392 bearbeitet wurde. Cochran will nicht die Charaktere des Stückes
324 2380 1519 2432 als Stars hervortreten lassen, sondern die Gasse zum Haupt¬
328 2423 1522 2477 darsteller stempeln. Außerdem wird Nikita Balieff wieder mit
329 2475 1516 2533 seiner „Chauve Souris“ einer Einladung Cochrans Folge leisten
334 2527 1522 2584 und einige Wochen im Cambridge Theater sein neuestes
324 2575 1518 2624 Repertoire zeigen. Ehe man die Aufzählung von Cochrans
328 2622 1520 2678 Aufführungen beenden kann, muß man noch die Dramatisierung
328 2671 1514 2725 des berühmten Buches „Nymph Errant“ erwähnen, jenes
326 2719 1516 2774 Romans eines modernen jungen Mädchens aus Amerika, das in
325 2764 1514 2830 allen Ländern Europas Freunde sucht und findet, um schließlich
329 2819 1513 2876 zu einer Ariadne großen Stils zu werden, die auch irgendwie
325 2864 1252 2916 dorthin zurückfindet, wo sie als Flirt begonnen hatte.
431 2903 1509 2964 Das deutsche Mädchen dieses Genres hat- Artur Schnitzler
328 2951 1515 3020 uns in seinem „Fräulein Else“ vorgestellt. Der Independenk
318 3006 1522 3061 Theatre Club hat iun die Bühnenversion von Theodore
328 3056 1520 3106 Komisarjevsky herausgebracht und damit die erste erfolgreiche
319 3104 1514 3157 Produktion des neuen, vom Zensor unabhängigen Theaters am
319 3154 1512 3217 Kingsway. Peggy Asheroft hat durch die meisterhafte Darstellung
322 3201 1518 3257 dieser in der englischen Bearbeitung noch viel umfangreicheren
327 3250 1519 3301 Rolle den Anspruch auf den Vergleich mit Elisabeth Bergner
321 3301 1520 3358 erworben. Sie muß unendlich lange Tiraden sprechen, ohne zu
330 3353 1514 3404 ermüden, muß im Monolog fähig sein, ohne Pathos ein
317 3397 1515 3448 kritisches Publikum Ewigkeiten lang interessiert zu halten, und
323 3444 1512 3502 so bildhübsch sein, daß man ihr alles glauben kann. Nach dem
335 3494 1518 3555 „Reigen“ ist dies die zweite Schnitzler=Aufführung in London in
331 3539 1520 3593 diesem Jahre, und beidemal war der Dichter vom Zensor ver¬
319 3588 1515 3650 boten und mußte mit den kleinen Bühnen privater Theaterklubs
327 3636 1525 3707 vorlieb nehmen. Was nicht ausschließt, daß im nächsten Jahre
2712 111 3049 206 box 5/5
1685 116 2540 198 31. Fraeulein Else
1986 911 2451 998 Neues Wiener Journal
1691 1000 2887 1065 mehrere große Bühnen versuchen werden, eine Reihe seiner
1692 1045 2870 1112 Dramen „offiziell“ aufzuführen, denn auch „Professor Bernardi“
1686 1097 2886 1166 wunde hier nur an Sonntagabenden von der Jewish Drama
1696 1159 1979 1226 League gezeigt.
1793 1165 2882 1265 Ibsens Kunst teilt mit der Schnitzlers ein ähnliches Schicksal.
1698 1237 2885 1310 Würde sich Peter Godfrey nicht um Ibsen kümmern, würde man
1690 1287 2886 1357 nicht viel von seinen Werken hören. J. T. Grein, ein Jugend¬
1695 1338 2883 1410 freund Bernard Shaws, hat Ibsen seinerzeit den Weg zur
1695 1386 2880 1454 englischen Bühne gebahnt. Peter Godfrey will ihn neuerlich
1695 1431 2889 1511 finden und begann den Reigen seiner Ibsen=Aufführungen mit
1701 1482 2884 1556 „Peer Gynt“ im Gatetheater, dem tapfersten Theater Londons,
1688 1534 2876 1597 das es wagt, bewußt gegen den Geschmack des breiten Publikums
1695 1576 2888 1649 zu arbeiten, und trotzdem erfolgreich bleibt. Godfrey spielt auch
1691 1628 2889 1688 die Titelrolle und bringt einen ganz neuen „Peer Gynt“ auf
1692 1688 2889 1742 die Bühne, der zwischen gymnastischen Kunststücken die Gelegen¬
1697 1722 2895 1798 heit wahrnimmt, der Welt seine Meinung so rasch zu sagen, daß
1696 1772 2891 1835 er in knappen zwei Stunden damit fertig wird. Die kleine Bühne
1708 1819 2887 1894 erlaubt keine großen Dekorationskünste und der Regisseur kann
1707 1868 2895 1945 mit den Beleuchtungseffekten aus der einzigen Kulisse nicht
1702 1914 2886 1991 genug Vielfalt herausholen, als zum Verständnis des Szenen¬
1710 1963 2884 2038 vechsels notwendig wäre. Die Musik von Grieg schien Godfrey
1707 2013 2889 2090 zu tonal, um in seine beinahe burleske Aufführung hinein¬
1701 2058 2902 2133 zupassen. Er ließ darum einen jungen Engländer ein Höllen¬
1696 2116 2902 2187 konzert komponieren, das nicht einmal im Tanz der Trolle
1699 2159 2894 2226 angebracht erschien, geschweige denn eine Ahnung von Solveigs
1709 2200 2894 2271 Lied aufdämmern ließ. Aber auch diese Mängel können Godfrey
1702 2258 2902 2321 nicht um das Verdienst bringen, Ibsen wieder dem englischen
1709 2320 2184 2380 Theater neu zu entdecken.
1812 2340 2904 2415 Die zwei großen Lustspielerfolge sind entschieden „Geschäft
1706 2406 2910 2464 mit Amerika“ von Frank und Hirschfeld und „Frühling für
1703 2449 2903 2522 Henry“ von Benn Levy, der es versteht, in den unverfänglichsten
1717 2496 2899 2561 Situationen moralischen Anstoß zu erregen. Diese Kunst ist in
1711 2547 2903 2615 London und New=York Goldes wert. Besonders hier, wo jeder
1718 2594 2902 2666 gute (anzügliche) Witz der gestrengen Zenfur zum Opfer fällt.
1717 2641 2906 2713 Also muß man Witze schreiben, die auch der prüdeste Zensur¬
1710 2692 2907 2758 beamte nicht streichen kann, weil sie zu gut sind, um gestrichen
1713 2753 2908 2821 zu werden. Levy zeichnet da vier enrzückende Karikaturen der
1708 2791 2904 2857 mittleren Jugend unserer Tage, die sich über die Welt so lustig
1709 2845 2899 2908 macht, wie die Welt über sie. Der glückliche Gefühlskrämer ver¬
1710 2893 2906 2954 liebt sich in eine unschuldige kleine Dame, die er wie eine
1706 2955 2909 3006 Göttin anbetet und durch heroische Kasteiungen zu gewinnen
1713 2989 2909 3060 sucht, um sich ihrer würdig zu erweisen. Er gibt erst nach, als
1711 3041 2910 3103 er das Maß der Proben erfüllt glaubt und sich wieder der
1721 3095 2900 3149 Sünde in die Arme wirft, weil die Unschuld ihm zu hoch hängt.
1708 3135 2915 3202 Worauf er erfährt, daß die keusche Jungfrau nichts weniger als
1711 3178 2911 3245 eine kommune Gattenmörderin ist, die ihren untreuen Gemal' so
1707 3237 2901 3294 kaltblütig niedergeschossen hat, wie er sie betrogen hatte. Der
1715 3285 2913 3353 ganz in Geschäftssorgen aufgehende Ehemann, den Benn Levy
1718 3335 2912 3398 zum modernen „zerstreuten Direktor“, im Sinne des bisher
1718 3389 2910 3450 üblichen Professors stempelt, macht dem Liebhaber seiner Frau
1720 3431 2911 3497 einen Riesenskandal, weil er — seine Frau vernachlässigt. Nun
1714 3487 2914 3540 müsse er seine Busineßaffären im Stiche lassen und Gatte
1723 3526 2905 3598 spielen, trotzdem er diese Sorge längst seinem stillen, aber gern
1721 3570 2903 3642 gesehenen Nebenbuhler überlassen glaubte. Solche Schamlosig¬
1719 3631 2914 3684 keiten können unter Umständen die Galerie empören, wie das
1717 3672 2906 3736 bei der Premiere der Fall war; aber wohl doch nur deshalb,
1711 3721 2908 3780 weil die guten Pfeifer und Zischer vergessen hatten, daß man
1710 3767 2913 3830 eine Farce nicht ernst nehmen darf und schon gar nicht eine
1720 3817 2914 3881 von Benn Levy, der im Apollo von den besten Darstellern
1722 3868 2905 3928 Londons, von Ronald Squire, Isobel Jeans, Joan Barry und
1710 3918 2902 3984 Nigel Bruce so prachtvoll interpretiert wird, daß man wirklich
1714 3965 2573 4046 beinahe vergessen könnte, im Theater zu sitzen.
