3296 4256
116 127 248 215 31.
300 133 960 203 Fraeulein Else
1142 130 1491 228 box 5/4
302 175 967 252 Sah. en ee e e e e e e ete e eee e
370 1471 1162 1569 „OBSERVER
457 1559 1128 1622 I. österr. behördl. konzessioniertes
433 1611 1152 1680 Unternehmen für Zeitungs-Ausschnitte
495 1655 1088 1740 WIEN, I., WOLLZEILE 11
561 1722 1010 1780 TELEPHON R-23-0-43
375 1846 729 1917 Ausschnitt aus:
471 1903 1052 2007 Tonfilm Thester. Tanz,
466 1969 1068 2099 Wien, Zürien, seess vork
364 2080 505 2148 vom:
756 2102 978 2215 P 1.
141 2339 743 2386 TONFILM, THEATER, TANZ
150 2495 1159 2578 Josefstadt und Volkstheater
228 2575 1453 2641 Zwei Premieren — zwei Erfolge! In beiden Fällen ist es die
141 2637 1449 2692 typisch Wiener Note, die die Zuhörer gefangen nimmt und mit¬
144 2681 585 2752 reißt. Vornchmlich in
630 2724 964 2821 „Fräulein Else“,
153 2805 1446 2868 der von Ernst Lothar dramatisierten, wunderbar zarten, be¬
152 2860 1442 2917 rühmten Novelle von Arthur Schnitzler kommt das bezau¬
152 2902 1449 2962 bernde, feine und die Herzer #iefst ansprechende Wesen dieses
157 2952 1442 3017 großen Österreichers zu starker Geltung. Ohne an dem Grund¬
149 2995 1445 3064 gedanken dieses Meisterwerkes viel zu rühren, ja in hingebungs¬
156 3049 1447 3108 voller Wahrung der echten Schnitzler’schen Atmosphäre, gelang
154 3109 1449 3159 es Ernst Lothar, voll dichterischen Mit- und Nachempfindens, die
150 3145 1455 3206 Menschen des Buches mit pulsierendem Leben zu erfüllen und sie
152 3196 1447 3259 blutvoll echt auf der Bühne agieren zu lassen. Unter der be¬
159 3253 1461 3308 schwingten Regie Hans Thimigs wurde großartig gespielt. Es
152 3292 1456 3352 schien fast, als ob ein Künstler den anderen mitreißen und zu
157 3341 1444 3402 Höchstleistungen anspornen wollte. Allen voran Altmeister
161 3390 1452 3446 Albert Bassermann, der die Gestalt des Vaters von Fräulein
156 3442 1451 3512 Eise zu seltener Größe steigerte. Rose Stradner, deren Enga¬
153 3503 1446 3555 gement an die Josefstadt sich immer mehr als Gewinn für dieses
156 3548 1454 3608 Wiener Elitcensemble erweist, meisterte die schwierige und an
156 3588 1451 3646 dramatischen Effekten überreiche Titelrolle in ihrer rüh¬
153 3635 1456 3694 rend zarten und doch etwas spröden Art, während die dritte
160 3688 1446 3751 Hauptfigur des Abends, der Dorsday, von Kaspar Brand¬
170 3737 1450 3794 hofer (recte Lco Reuß) prachtvoll echt, naturnah
159 3801 1455 3849 und packend dargestellt wurde. In den übrigen Rollen waren
152 3833 1458 3897 Adrienne Geßner, Else Bassermann, Lillia Skalla und
165 3887 1448 3955 Lina Woiwode mit außerordentlichem Erfolg tätig. Es war
160 3933 1054 4007 wieder einmal ein Galaabend der Josefstadt!
1619 277 2438 391 WIENER MESSE
1672 364 2443 437 7. bis 13. März 1937 — Technische und
1660 412 2436 489 Landwirtschaftliche Messe bis 14. März
1664 456 2428 522 Auskünfte aller Art erteilen die ehrenumtlichen Ver¬
1660 499 2428 554 treter der Wiener Mosse in allen größeren Städten der
1664 529 2438 596 Welt sowie das Zentralbüro der Wiener Wesse-A. G..
1888 563 2218 612 Wien, VII., Messepalast
1602 653 2125 761 „OBSERVER“
1650 738 2432 798 I. österr. behördlich konzessioniertes Unternehmen für
1651 773 2433 832 Zeitungsausschnitte, Wien, I., Wollzelle 11, Tel. R 23-0-43
1590 932 1906 1008 Ausschnitt aus:
1624 991 2179 1079 Hohe farte, Prag,
1721 1043 2050 1125 Nr. 11/12
1587 1152 2442 1252 vom Wiener Theaterbrief
2178 1275 2330 1361 M. H.
1810 1338 2609 1432 . Als zweite Novität erschien „Fräu¬
1502 1407 2623 1494 lein Else“ von Arthur Schnitzler, Bearbeitung von
1518 1465 2626 1546 Lothar. Der Bearbeiter hat den Geist Schnitzlers gewahrt
1518 1510 2624 1581 und Szenen aus dem Leben eines jungen Mädchens von einst
1504 1537 2626 1621 in eine zarte Form gekleidet. Das Buch erzielte die denkbar
1511 1584 2626 1664 stärkste Wirkung. Bei vielen Stellen brach das Publikum
1505 1621 2621 1711 in demonstrativen Beifall aus. Rose Stradner spielte
1510 1662 2629 1739 lie Hauptrolle in zarten Tönen, sie packt und reißt mit.
1499 1697 2619 1785 In „Fräulein Else“ trat auch unter den Namen Kaspar
1499 1739 2626 1822 Brandhofer, der emigrierte Berliner Schauspieler Leo
1494 1778 2628 1853 Reusz auf. Er war eine Sensation. Bassermann
1494 1817 2338 1915 fesselte durch sein meisterhaftes Spiel
2282 2087 2825 2225 SSERYE
1759 2174 1861 2232 8
2044 2168 3001 2297 I. österr. behördl. konzessioniertes Unternehmen für
1759 2213 1989 2326 □
2341 2256 2715 2310 Zeitungs-Ausschnitte
1763 2280 1861 2346 gun
2200 2292 2855 2377 WIEN, I., WOLLZEILE 11
1762 2338 1834 2394 Ferem
2334 2353 2714 2442 TELEFHON R 23-0-43
1937 2401 1987 2458 3
1763 2415 1854 2500 8
1928 2452 1988 2505 2
2042 2476 2999 2545 Ausschnitt aus: „NEUES WIENER JOURNAL“
1872 2513 1974 2589 S 5
1755 2627 1837 2700 10
1911 2621 1989 2704 15
2043 2677 2136 2735 vom:
2444 2704 2857 2828 3.05Z. 36
1853 2810 1924 2862 75
1906 2979 3030 3105 Weihnachtspremieren des Theaters kr
2248 3067 2690 3177 der Josefstadt.
1972 3151 3064 3260 Im Theater in der Josefstadt gelangt
1869 3215 3060 3294 Dienstag den 22. d. M. die Komödie „Matura“ von Ladislaus
1876 3262 3068 3353 Fodor zur deutschen Uraufführung. Es wirken mit die Damen:
1864 3316 3066 3407 Sybille Binder, Adrienne Geßner, Marcella Hoyer, Hilde
1867 3360 3051 3453 Krahl, Annie Maier, Jane Tilden, Trudi Richard und die
1871 3407 3052 3505 Herren: Fritz Delius, Anton Edthofer, Robert Horky, Alfred
1860 3464 3051 3556 Neugebauer, Wilhelm Schich, Ludwig Stössel, Hans Thimig.
1864 3507 2281 3582 Regie: Albert Heine.
1918 3569 3059 3664 IIn den Kammerspielen des Theaters in der Josef¬
1885 3632 3076 3722 stadt geht Dienstag den 22. d. M. das Schauspiel „Fräulein
1882 3685 3078 3764 Else“, nach Artur Schnitzler von Ernst Lothar in Szene. Diese
1873 3735 3067 3822 Aufführung ist zugleich die fünfundzwanzigste des Werkes. Die
1879 3784 3066 3871 von Alber Bassermann dargestellte Rolle wird von Hans
1873 3835 3069 3919 Homma, die Rolle Else Bassermanns von Frida Richard,
1870 3877 3001 3986 die Rolle Adrienne Geßners von Maria Hilde verkörpert.
