3296 4256
288 125 429 209 31.
470 125 1111 196 Fraeulein Else
1312 125 1665 220 box 5/2
1112 868 1854 1014 Kunst und Wissenst
1160 1038 1987 1104 Elisabeth=Bergner=Gastspiel
1492 1099 1661 1174 Komödie
1174 1143 2027 1220 Der Ruf Elisabeth Berguers, die dem Dres¬
1109 1201 2030 1255 dener Publirum im allgemeinen nur durch Ver¬
1116 1240 2027 1294 liner Theatervesprechungen und den Film be¬
1119 1277 2037 1334 kannt geworden ist, reichte hin, um am Sonntag
1113 1336 2037 1378 den Zuschauerraum der Komödie zu füllen. Der
1126 1358 2034 1410 ungewöhnliche Weg eines Gastspieles, den sie
1118 1397 2031 1448 wählte, wäre für manche andere darsteuende
1110 1437 2025 1487 Künstlerin ein Wagnis gewesen. Anfangs schien
1121 1476 2038 1527 es auch bei ihr der Fall zu sein, als sie Schnitz¬
1110 1514 2028 1572 lers kleine Novelle Fräulein Else zu lesen
1122 1554 2037 1605 begann; aber die Gesamtleistung fordert, von
1124 1605 2025 1648 kleinen Außerlichkeiten abgesehen, hohe An¬
1119 1630 2023 1686 erkennung. Ein Gastspiel gab sie, keine Re¬
1121 1677 2036 1725 zitationsprobe. Schlicht war ihre Art der Dar¬
1125 1715 2022 1761 stellung, so schlicht, daß man ihre künstlerische
1122 1763 2038 1805 Begabung vielleicht darin suchen muß. Schnitz¬
1121 1788 2030 1839 ler hat ihr in der kleinen Novelle die Aufgabe
1121 1827 2027 1886 gestellt, das Schicksal einer Mädchenseele aus
1123 1866 2037 1923 einer Fülle von Selbstbetrachtungen, verflochten
1123 1906 2030 1957 mit Dialogen im Schleier zartester Andeutungen,
1122 1948 2023 1997 in aller Schlichtheit zu entwickeln. Und sie löste
1121 1983 2038 2042 sie auch. Das Leben einer Welt voller Dishar¬
1122 2029 2025 2079 monie fand seinen Niederschlag in der Seele
1121 2062 2036 2112 dieses einen Menschen, der an sich zum Glück
1125 2107 2028 2157 geboren wäre; aber die Schönheit des blühenden
1123 2137 2038 2194 Menschenkindes zerrinnt unter der Hand eines
1124 2175 2037 2230 Schamlosen, der die unverschuldete Notlage des
1125 2214 2033 2272 Mädchens seiner Begierde dienstbar macht: Er
1125 2262 2037 2318 fordert, Fräulein Else ohne Hülle zu sehen, ehe
1125 2289 2042 2352 er sich bereit findet, ihren Vater durch ein be¬
1118 2342 2028 2387 trächtliches Darlehen vor strafrechtlicher Ver¬
1123 2375 2039 2428 folgung oder vor dem Selbstmord zu schützen.
1126 2416 2037 2472 Echt weiblich die Empfindungen, wie sie der
1123 2446 2038 2505 Dichter skizzenhaft festgehalten hat, echt weiblich
1126 2497 2038 2544 die Art, in der die Künstlerin die Schwingungen
1128 2526 2034 2583 der unglücklichen Seele wiedergab. Während die
1501 2572 2037 2618 bewegen, streift das Auge
1125 2577 1404 2628 Ereignisse das
1124 2603 2037 2660 die Nichtigkeiten des Alltages mit gleicher Kraft.
1128 2646 2037 2700 Dadurch, daß Elisabeth Bergner ohne alle
1126 2680 2040 2737 Theatralik, ohne Vernünftelei aus der Seele
1130 2719 2039 2778 der Unglücklichen las, erhöhte sich die tragische
1122 2761 2046 2816 Wirkung des Stückes. Jeder fühlte, daß es sich
1126 2802 2043 2857 nicht um einen erdichteten Menschen handelte,
1130 2851 2046 2899 der die Verfehlungen seiner Eltern wiedergut¬
1134 2885 2043 2938 zumachen hatte. Jeder fühlte, daß der freiwillige
1124 2921 2032 2981 Tod aus aller Menschlichkeit heraus gewählt
1123 2957 2046 3013 werden kann, wo die Vernunft nicht allein dir¬
1136 2998 2043 3053 tiert. Und Elisabeth Bergner ließ die Mädchen¬
1136 3036 2037 3093 seele in einer natürlichen Verklärung sterben.
1129 3073 2039 3131 Wie von einem Hauch getragen, verblaßten die
1133 3112 2041 3172 letzten Regungen, verklang das letzte Wort auf
1129 3159 1399 3232 ihren Lippen.
972 3233 1796 3335 Adue rn
1132 3374 1756 3488 1 A
2100 854 2958 915 Leider trug das Organ der Künstlerin, die
2046 906 2949 955 mit der Raume unbekannt war, nicht alle Fein¬
2054 930 2963 989 heiten an das Ohr der Zuhörerschaft. Ihr erstes
2050 980 2951 1034 Erscheinen in Dresden brachte ihr jedoch einen
2059 1012 2957 1068 ingewöhnlichen Erfolg, und sie verdiente ihn.
2045 1050 2959 1123 Hoffentlich haben wir bald einmal Gelegenheit,
2048 1096 2957 1157 sie als Darstellerin in einem größeren Rahmen
2849 1131 2936 1188 Bg.
2057 1140 2409 1212 schätzen zu lernen.
