<?xml version="1.0" encoding="UTF-8" standalone="yes"?>
<PcGts xmlns="http://schema.primaresearch.org/PAGE/gts/pagecontent/2013-07-15" xmlns:xsi="http://www.w3.org/2001/XMLSchema-instance" xsi:schemaLocation="http://schema.primaresearch.org/PAGE/gts/pagecontent/2013-07-15 http://schema.primaresearch.org/PAGE/gts/pagecontent/2013-07-15/pagecontent.xsd">
    <Metadata>
        <Creator>prov=University of Rostock/Institute of Mathematics/CITlab/Gundram Leifert/gundram.leifert@uni-rostock.de:name=ONB_Newseye_GT_M1+(htr_id=10810)::::v=2.4.2
prov=University of Rostock/Institute of Mathematics/CITlab/Tobias Gruening/tobias.gruening@uni-rostock.de:name=de.uros.citlab.module.baseline2polygon.B2PSeamMultiOriented:v=2.4.2
prov=University of Rostock/Institute of Mathematics/CITlab/Tobias Gruening/tobias.gruening@uni-rostock.de:name=/net_tf/LA73_249_0mod360.pb:de.uros.citlab.segmentation.CITlab_LA_ML:v=2.4.2
Transkribus</Creator>
        <Created>2019-10-07T10:24:16.803+02:00</Created>
        <LastChange>2019-10-07T15:26:45.156+02:00</LastChange>
        <TranskribusMetadata docId="223890" pageId="9492280" pageNr="262" tsid="16387379" status="IN_PROGRESS" userId="40391" imgUrl="https://files.transkribus.eu/Get?id=FHCVCORLCSTJNVMDYFAHLKVZ&amp;fileType=view" xmlUrl="https://files.transkribus.eu/Get?id=VCRPFDJHQGBJKINTUKCKAOZI" imageId="6182568"/>
    </Metadata>
    <Page imageFilename="223890_0262.jpeg" imageWidth="3296" imageHeight="4256">
        <ReadingOrder>
            <OrderedGroup id="ro_1711446139024" caption="Regions reading order">
                <RegionRefIndexed index="0" regionRef="r1"/>
            </OrderedGroup>
        </ReadingOrder>
        <TextRegion orientation="0.0" id="r1" custom="readingOrder {index:0;}">
            <Coords points="93,224 93,4077 2758,4077 2758,224"/>
            <TextLine id="r1l1" custom="readingOrder {index:0;}">
                <Coords points="1107,258 1167,248 1225,271 1256,252 1394,262 1464,246 1464,200 1422,182 1374,195 1316,182 1293,205 1264,210 1107,187"/>
                <Baseline points="1115,245 1141,245 1167,245 1193,246 1219,246 1245,246 1271,247 1298,247 1324,247 1350,247 1376,247 1402,246 1428,245 1455,244"/>
                <TextEquiv>
                    <Unicode>box 5/4</Unicode>
                </TextEquiv>
            </TextLine>
            <TextLine id="r1l2" custom="readingOrder {index:1;}">
                <Coords points="85,265 915,255 942,247 942,201 809,183 566,211 537,187 360,211 293,186 217,219 84,191"/>
                <Baseline points="93,249 135,250 177,251 219,251 261,251 303,251 345,251 387,251 429,250 471,249 514,249 556,248 598,247 640,247 682,246 724,246 766,245 808,245 850,245 892,246 935,247"/>
                <TextEquiv>
                    <Unicode>31. Fraeulein Else</Unicode>
                </TextEquiv>
            </TextLine>
            <TextLine id="r1l3" custom="readingOrder {index:2;}">
                <Coords points="266,283 279,281 301,288 323,275 339,279 346,274 375,282 380,279 389,289 400,289 410,280 420,280 421,252 385,255 364,246 322,256 267,243"/>
                <Baseline points="275,266 302,267 329,268 357,269 384,270 412,269"/>
                <TextEquiv>
                    <Unicode>—</Unicode>
                </TextEquiv>
            </TextLine>
            <TextLine id="r1l4" custom="readingOrder {index:3;}">
                <Coords points="471,284 623,275 671,290 700,276 769,286 846,274 885,292 944,272 944,245 471,251"/>
                <Baseline points="479,270 504,269 529,269 555,269 580,269 605,269 631,269 656,268 682,268 707,268 732,268 758,268 783,268 809,268 834,268 859,268 885,268 910,268 936,268"/>
                <TextEquiv>
                    <Unicode></Unicode>
                </TextEquiv>
            </TextLine>
            <TextLine id="r1l5" custom="readingOrder {index:4;}">
                <Coords points="818,578 908,574 956,591 987,571 1029,566 1045,578 1169,585 1170,520 1082,505 1037,519 1008,504 964,504 946,520 867,502 819,510"/>
                <Baseline points="827,566 852,566 878,565 903,565 929,566 955,566 980,567 1006,568 1031,568 1057,569 1083,569 1108,569 1134,569 1160,569"/>
                <TextEquiv>
                    <Unicode>eitung. I#nisbruck</Unicode>
                </TextEquiv>
            </TextLine>
            <TextLine id="r1l6" custom="readingOrder {index:5;}">
                <Coords points="710,783 729,786 744,777 758,782 773,771 794,769 791,677 770,681 760,689 741,680 734,685 707,683"/>
                <Baseline points="718,762 752,762 786,760"/>
                <TextEquiv>
                    <Unicode>9</Unicode>
                </TextEquiv>
            </TextLine>
            <TextLine id="r1l7" custom="readingOrder {index:6;}">
                <Coords points="1189,982 2426,974 2500,935 2499,856 2150,911 1253,896 1189,937"/>
                <Baseline points="1197,977 1261,977 1326,976 1391,976 1456,975 1521,974 1585,974 1650,973 1715,972 1780,971 1845,970 1909,969 1974,968 2039,967 2104,966 2169,966 2233,965 2298,964 2363,964 2428,963 2493,963"/>
                <TextEquiv>
                    <Unicode>der „urwüchsige Bauer aus dem Pustertal“</Unicode>
                </TextEquiv>
            </TextLine>
            <TextLine id="r1l8" custom="readingOrder {index:7;}">
                <Coords points="530,975 626,998 775,971 964,1005 1010,986 1128,995 1129,904 1058,912 1001,889 876,914 677,890 612,912 531,903"/>
                <Baseline points="538,972 567,972 596,972 625,972 654,972 683,972 712,972 741,973 770,973 799,973 829,973 858,974 887,974 916,974 945,974 974,974 1003,975 1032,975 1061,975 1090,975 1120,975"/>
                <TextEquiv>
                    <Unicode>Kaspar Brandhofer</Unicode>
                </TextEquiv>
            </TextLine>
            <TextLine id="r1l9" custom="readingOrder {index:8;}">
                <Coords points="259,1095 324,1063 1504,1088 1505,1034 260,1025"/>
                <Baseline points="267,1070 328,1070 390,1071 451,1071 513,1072 574,1072 636,1073 697,1073 759,1074 820,1074 882,1074 943,1074 1005,1075 1066,1075 1128,1075 1189,1075 1251,1074 1312,1074 1374,1074 1435,1073 1497,1072"/>
                <TextEquiv>
                    <Unicode>Die an eigenartigen Begebenheiten reiche Geschichte des Theaters</Unicode>
                </TextEquiv>
            </TextLine>
            <TextLine id="r1l10" custom="readingOrder {index:9;}">
                <Coords points="314,1115 1499,1124 1487,1077 314,1070"/>
                <Baseline points="321,1106 379,1108 438,1109 496,1110 555,1111 613,1112 672,1112 730,1113 789,1113 847,1113 906,1113 964,1114 1023,1114 1081,1114 1140,1114 1198,1113 1257,1113 1315,1113 1374,1113 1432,1112 1491,1112"/>
                <TextEquiv>
                    <Unicode>wurde dieser Tage wieder um ein Geschichtchen bereichert, das deshalb</Unicode>
                </TextEquiv>
            </TextLine>
            <TextLine id="r1l11" custom="readingOrder {index:10;}">
                <Coords points="313,1152 1498,1165 1498,1125 1434,1116 313,1115"/>
                <Baseline points="321,1146 379,1147 437,1148 496,1149 554,1150 613,1150 671,1151 730,1151 788,1151 847,1152 905,1152 963,1152 1022,1152 1080,1152 1139,1152 1197,1152 1256,1152 1314,1152 1373,1152 1431,1152 1490,1152"/>
                <TextEquiv>
                    <Unicode>nicht eines besonderen Reizes entbehrt, weil bekannte Bühnengrößen,</Unicode>
                </TextEquiv>
            </TextLine>
            <TextLine id="r1l12" custom="readingOrder {index:11;}">
                <Coords points="312,1193 1508,1194 1508,1164 1427,1158 312,1156"/>
                <Baseline points="320,1185 379,1185 438,1186 497,1187 556,1187 615,1188 674,1188 733,1189 792,1189 851,1190 910,1190 969,1191 1028,1191 1087,1191 1146,1191 1205,1191 1264,1191 1323,1191 1382,1191 1441,1190 1500,1190"/>
                <TextEquiv>
                    <Unicode>darunter auch Max Reinhardt, einige Zeit hindurch an der</Unicode>
                </TextEquiv>
            </TextLine>
            <TextLine id="r1l13" custom="readingOrder {index:12;}">
                <Coords points="1886,1229 2652,1235 2680,1222 2680,1176 2646,1155 1955,1157 1885,1185"/>
                <Baseline points="1893,1219 1934,1219 1975,1219 2016,1219 2057,1219 2098,1219 2139,1219 2180,1219 2221,1218 2262,1218 2303,1218 2344,1217 2385,1217 2426,1217 2467,1217 2508,1217 2549,1217 2590,1218 2631,1218 2672,1219"/>
                <TextEquiv>
                    <Unicode>„GBSERVER</Unicode>
                </TextEquiv>
            </TextLine>
            <TextLine id="r1l14" custom="readingOrder {index:13;}">
                <Coords points="315,1231 1497,1237 1479,1194 315,1192"/>
                <Baseline points="323,1226 381,1226 439,1226 497,1227 556,1227 614,1227 672,1228 731,1228 789,1228 847,1229 906,1229 964,1229 1022,1229 1080,1229 1139,1229 1197,1229 1255,1229 1314,1229 1372,1229 1430,1228 1489,1228"/>
                <TextEquiv>
                    <Unicode>Nase herumgzführi wurden. Da sich besonders die Wiener</Unicode>
                </TextEquiv>
            </TextLine>
            <TextLine id="r1l15" custom="readingOrder {index:14;}">
                <Coords points="323,1281 1499,1283 1467,1234 324,1232"/>
                <Baseline points="332,1263 389,1263 447,1264 505,1264 563,1265 621,1265 679,1266 737,1266 795,1267 853,1267 911,1268 968,1268 1026,1268 1084,1269 1142,1269 1200,1269 1258,1268 1316,1268 1374,1268 1432,1267 1490,1266"/>
                <TextEquiv>
                    <Unicode>Presse ausführlich mit diesem Fall beschäftigte, soll er auch unseren</Unicode>
                </TextEquiv>
            </TextLine>
            <TextLine id="r1l16" custom="readingOrder {index:15;}">
                <Coords points="1897,1290 2636,1277 2636,1243 2565,1231 2018,1247 1994,1225 1897,1225"/>
                <Baseline points="1905,1275 1941,1275 1977,1274 2013,1273 2049,1273 2085,1272 2121,1272 2158,1272 2194,1272 2230,1272 2266,1272 2302,1272 2338,1272 2374,1272 2411,1272 2447,1272 2483,1272 2519,1272 2555,1272 2591,1271 2628,1270"/>
                <TextEquiv>
                    <Unicode>AC österr. behördl. konzessiemertes</Unicode>
                </TextEquiv>
            </TextLine>
            <TextLine id="r1l17" custom="readingOrder {index:16;}">
                <Coords points="308,1319 1437,1315 1437,1281 1372,1271 308,1269"/>
                <Baseline points="317,1303 372,1304 428,1304 483,1304 539,1304 594,1305 650,1305 705,1305 761,1305 816,1305 872,1306 928,1306 983,1306 1039,1306 1094,1306 1150,1306 1205,1306 1261,1306 1316,1306 1372,1306 1428,1305"/>
                <TextEquiv>
                    <Unicode>Lesern trotz seiner Unwahrscheinlichkeit nicht vorenthalten bleiben.</Unicode>
                </TextEquiv>
            </TextLine>
            <TextLine id="r1l18" custom="readingOrder {index:17;}">
                <Coords points="1935,1344 2451,1324 2537,1350 2594,1328 2670,1341 2670,1291 2636,1275 2581,1296 2266,1277 2200,1298 1935,1277"/>
                <Baseline points="1943,1322 1980,1322 2018,1322 2056,1321 2094,1321 2132,1321 2170,1321 2207,1321 2245,1321 2283,1321 2321,1322 2359,1322 2397,1322 2434,1322 2472,1322 2510,1321 2548,1321 2586,1321 2624,1320 2662,1320"/>
                <TextEquiv>
                    <Unicode>Unternehmen für Zeitungs-Ausschnitte</Unicode>
                </TextEquiv>
            </TextLine>
            <TextLine id="r1l19" custom="readingOrder {index:18;}">
                <Coords points="361,1363 1509,1358 1509,1322 1457,1314 361,1319"/>
                <Baseline points="369,1352 425,1353 482,1353 538,1354 595,1354 652,1355 708,1355 765,1355 821,1356 878,1356 935,1356 991,1356 1048,1356 1104,1356 1161,1356 1218,1356 1274,1356 1331,1356 1387,1356 1444,1356 1501,1356"/>
                <TextEquiv>
                    <Unicode>Die Vorgeschic##e ist kurz: Im heurigen Sommer erschien zur Zeit</Unicode>
                </TextEquiv>
            </TextLine>
            <TextLine id="r1l20" custom="readingOrder {index:19;}">
                <Coords points="2001,1393 2572,1403 2598,1394 2598,1330 2539,1350 2497,1326 2474,1347 2001,1343"/>
                <Baseline points="2010,1385 2039,1386 2068,1386 2097,1386 2126,1386 2155,1386 2184,1386 2213,1386 2242,1386 2271,1385 2300,1385 2329,1385 2358,1385 2387,1385 2416,1385 2445,1385 2474,1385 2503,1385 2532,1385 2561,1386 2590,1386"/>
                <TextEquiv>
                    <Unicode>WIEN, I., WOILZEILL. 11</Unicode>
                </TextEquiv>
            </TextLine>
            <TextLine id="r1l21" custom="readingOrder {index:20;}">
                <Coords points="311,1396 1504,1401 1504,1361 1436,1346 311,1360"/>
                <Baseline points="319,1392 377,1392 436,1393 495,1393 554,1393 613,1393 672,1394 730,1394 789,1394 848,1395 907,1395 966,1395 1025,1395 1084,1395 1142,1395 1201,1395 1260,1394 1319,1393 1378,1393 1437,1392 1496,1390"/>
                <TextEquiv>
                    <Unicode>der Festspiele in Salzburg bei Max Reinhardt in Schloß Leopolds¬</Unicode>
                </TextEquiv>
            </TextLine>
            <TextLine id="r1l22" custom="readingOrder {index:21;}">
                <Coords points="328,1436 1499,1446 1499,1408 1414,1397 328,1402"/>
                <Baseline points="336,1429 393,1430 451,1430 509,1431 567,1431 624,1431 682,1432 740,1432 798,1433 855,1433 913,1433 971,1433 1029,1434 1086,1434 1144,1434 1202,1434 1260,1433 1317,1433 1375,1433 1433,1432 1491,1432"/>
                <TextEquiv>
                    <Unicode>ron ein blondbärtiger, breitschultriger, in ländliche Tracht gekleideter</Unicode>
                </TextEquiv>
            </TextLine>
            <TextLine id="r1l23" custom="readingOrder {index:22;}">
                <Coords points="2078,1447 2536,1444 2536,1410 2501,1394 2470,1413 2416,1395 2365,1411 2331,1389 2283,1403 2078,1396"/>
                <Baseline points="2085,1438 2111,1438 2137,1437 2163,1437 2189,1437 2215,1437 2241,1437 2267,1436 2293,1436 2319,1436 2345,1436 2371,1437 2397,1437 2423,1437 2449,1437 2475,1438 2501,1439 2528,1439"/>
                <TextEquiv>
                    <Unicode>TELEPHON R-23-0-43</Unicode>
                </TextEquiv>
            </TextLine>
            <TextLine id="r1l24" custom="readingOrder {index:23;}">
                <Coords points="318,1475 1366,1486 1495,1480 1496,1444 319,1436"/>
                <Baseline points="327,1468 385,1469 443,1469 501,1470 559,1471 617,1471 675,1471 733,1472 791,1472 849,1472 907,1473 965,1473 1023,1473 1081,1473 1139,1473 1197,1473 1255,1472 1313,1472 1371,1472 1429,1472 1487,1471"/>
                <TextEquiv>
                    <Unicode>Mann, der sich Kaspar Brandhofer nannte und vorgab, ein</Unicode>
                </TextEquiv>
            </TextLine>
            <TextLine id="r1l25" custom="readingOrder {index:24;}">
                <Coords points="321,1513 1511,1513 1501,1475 321,1474"/>
                <Baseline points="329,1508 387,1508 446,1508 505,1509 563,1509 622,1509 681,1510 739,1510 798,1510 857,1510 916,1511 974,1511 1033,1511 1092,1511 1150,1510 1209,1510 1268,1510 1326,1509 1385,1508 1444,1507 1503,1506"/>
                <TextEquiv>
                    <Unicode>Bauer aus dem Pusterial zu sein. Er wolle von Reinhardt</Unicode>
                </TextEquiv>
            </TextLine>
            <TextLine id="r1l26" custom="readingOrder {index:25;}">
                <Coords points="330,1554 1492,1562 1508,1514 330,1520"/>
                <Baseline points="338,1547 396,1547 454,1548 512,1548 570,1548 628,1549 686,1549 744,1549 802,1549 860,1550 919,1550 977,1550 1035,1550 1093,1550 1151,1550 1209,1550 1267,1550 1325,1549 1383,1549 1441,1549 1500,1549"/>
                <TextEquiv>
                    <Unicode>eine schauspielerische Begabung und sein Können, das er sich nach</Unicode>
                </TextEquiv>
            </TextLine>
            <TextLine id="r1l27" custom="readingOrder {index:26;}">
                <Coords points="1884,1576 1933,1589 1949,1574 2017,1575 2053,1591 2132,1575 2233,1595 2233,1540 2142,1538 2073,1521 2037,1537 1995,1527 1949,1542 1917,1525 1884,1543"/>
                <Baseline points="1893,1568 1918,1569 1943,1569 1969,1569 1994,1569 2020,1569 2045,1569 2071,1569 2096,1569 2122,1569 2147,1570 2173,1570 2198,1570 2224,1571"/>
                <TextEquiv>
                    <Unicode>Ausschnitt aus:</Unicode>
                </TextEquiv>
            </TextLine>
            <TextLine id="r1l28" custom="readingOrder {index:27;}">
                <Coords points="387,1593 1498,1603 1474,1553 387,1557"/>
                <Baseline points="396,1581 450,1583 505,1585 559,1586 614,1587 669,1587 723,1588 778,1588 833,1588 887,1588 942,1588 997,1588 1051,1587 1106,1587 1161,1587 1215,1587 1270,1587 1325,1587 1379,1587 1434,1587 1489,1587"/>
                <TextEquiv>
                    <Unicode>en Angaben in langjährigem Selbststudium angeeignet haben</Unicode>
                </TextEquiv>
            </TextLine>
            <TextLine id="r1l29" custom="readingOrder {index:28;}">
                <Coords points="319,1630 1496,1631 1482,1595 1396,1586 319,1601"/>
                <Baseline points="327,1625 385,1625 443,1625 501,1625 559,1626 617,1626 675,1626 733,1626 791,1627 849,1627 907,1627 965,1627 1023,1627 1081,1628 1139,1627 1197,1627 1255,1627 1313,1627 1371,1626 1429,1625 1488,1625"/>
                <TextEquiv>
                    <Unicode>wollte, prüfen lassen. Diese Probe fiel überaus günstig für Brand¬</Unicode>
                </TextEquiv>
            </TextLine>
            <TextLine id="r1l30" custom="readingOrder {index:29;}">
                <Coords points="1969,1676 2437,1655 2554,1688 2554,1614 2521,1625 2443,1596 2380,1618 2285,1592 2093,1621 1968,1608"/>
                <Baseline points="1976,1656 2004,1656 2033,1656 2061,1656 2090,1655 2118,1655 2147,1654 2175,1654 2204,1653 2232,1653 2261,1652 2289,1651 2318,1651 2346,1651 2375,1651 2403,1651 2432,1653 2460,1653 2489,1654 2517,1656 2546,1659"/>
                <TextEquiv>
                    <Unicode>Budapesti Hirlap,</Unicode>
                </TextEquiv>
            </TextLine>
            <TextLine id="r1l31" custom="readingOrder {index:30;}">
                <Coords points="320,1675 1507,1661 1447,1630 320,1631"/>
                <Baseline points="328,1666 386,1665 445,1665 503,1664 562,1664 620,1664 679,1665 737,1665 796,1665 854,1665 913,1665 971,1666 1030,1666 1088,1666 1147,1666 1205,1666 1264,1665 1322,1665 1381,1664 1439,1663 1498,1662"/>
                <TextEquiv>
                    <Unicode>hofer aus und Reinhardt war vielleicht stolz, die Reihe seiner Ent¬</Unicode>
                </TextEquiv>
            </TextLine>
            <TextLine id="r1l32" custom="readingOrder {index:31;}">
                <Coords points="319,1709 1498,1717 1508,1662 1386,1691 319,1673"/>
                <Baseline points="327,1704 385,1704 444,1704 502,1704 561,1704 620,1704 678,1704 737,1704 795,1704 854,1704 913,1704 971,1704 1030,1704 1088,1705 1147,1705 1206,1705 1264,1704 1323,1704 1381,1704 1440,1703 1499,1703"/>
                <TextEquiv>
                    <Unicode>deckungen mit der Kaspar Brandhofers fortsetzen zu können. Durch</Unicode>
                </TextEquiv>
            </TextLine>
            <TextLine id="r1l33" custom="readingOrder {index:32;}">
                <Coords points="2113,1719 2182,1709 2202,1727 2234,1717 2246,1727 2370,1729 2429,1711 2479,1722 2479,1674 2430,1656 2336,1666 2307,1652 2286,1665 2213,1656 2185,1672 2163,1659 2112,1668"/>
                <Baseline points="2121,1708 2146,1708 2171,1708 2196,1707 2221,1707 2246,1706 2271,1706 2296,1706 2321,1705 2346,1705 2371,1705 2396,1705 2421,1706 2446,1707 2471,1708"/>
                <TextEquiv>
                    <Unicode>13.18.1956</Unicode>
                </TextEquiv>
            </TextLine>
            <TextLine id="r1l34" custom="readingOrder {index:33;}">
                <Coords points="323,1748 1502,1749 1502,1713 1434,1708 323,1709"/>
                <Baseline points="331,1744 389,1743 447,1743 505,1742 563,1742 621,1742 679,1742 737,1742 795,1743 853,1743 912,1743 970,1744 1028,1744 1086,1744 1144,1744 1202,1744 1260,1744 1318,1744 1376,1743 1434,1742 1493,1741"/>
                <TextEquiv>
                    <Unicode>seine Vermittlung kam Brandhofer an das Theater in der</Unicode>
                </TextEquiv>
            </TextLine>
            <TextLine id="r1l35" custom="readingOrder {index:34;}">
                <Coords points="319,1791 1499,1786 1457,1744 319,1749"/>
                <Baseline points="327,1783 385,1782 443,1782 501,1781 559,1781 617,1781 675,1781 734,1781 792,1781 850,1781 908,1782 966,1782 1024,1782 1082,1782 1141,1782 1199,1782 1257,1781 1315,1781 1373,1780 1431,1779 1490,1778"/>
                <TextEquiv>
                    <Unicode>Josefstadt in Wien, wo er in dem nach einer Novelle von Arthur</Unicode>
                </TextEquiv>
            </TextLine>
            <TextLine id="r1l36" custom="readingOrder {index:35;}">
                <Coords points="1881,1811 1897,1813 1945,1796 1974,1803 2011,1798 2012,1739 2002,1738 1989,1748 1952,1746 1932,1753 1918,1742 1902,1754 1882,1751"/>
                <Baseline points="1889,1792 1917,1791 1946,1791 1974,1792 2003,1794"/>
                <TextEquiv>
                    <Unicode>vom:</Unicode>
                </TextEquiv>
            </TextLine>
            <TextLine id="r1l37" custom="readingOrder {index:36;}">
                <Coords points="2039,1832 2270,1830 2340,1811 2593,1821 2643,1810 2643,1781 2605,1764 2482,1779 2255,1766 2237,1782 2127,1756 2080,1780 2038,1769"/>
                <Baseline points="2046,1813 2075,1814 2104,1814 2134,1814 2163,1814 2193,1814 2222,1813 2252,1813 2281,1813 2311,1812 2340,1812 2369,1811 2399,1810 2428,1810 2458,1809 2487,1809 2517,1808 2546,1808 2576,1807 2605,1807 2635,1807"/>
                <TextEquiv>
                    <Unicode>A tiroli Iszinesz-</Unicode>
                </TextEquiv>
            </TextLine>
            <TextLine id="r1l38" custom="readingOrder {index:37;}">
                <Coords points="328,1825 1506,1829 1506,1792 1448,1785 328,1781"/>
                <Baseline points="336,1820 394,1820 452,1819 510,1819 568,1819 626,1819 684,1820 742,1820 800,1820 858,1820 917,1820 975,1820 1033,1820 1091,1820 1149,1820 1207,1820 1265,1819 1323,1819 1381,1818 1439,1818 1498,1817"/>
                <TextEquiv>
                    <Unicode>Schnitzler bearbeiteten Bühnenstück „Fräulein Else“ in der Rolle des</Unicode>
                </TextEquiv>
            </TextLine>
            <TextLine id="r1l39" custom="readingOrder {index:38;}">
                <Coords points="321,1865 1508,1878 1508,1823 321,1824"/>
                <Baseline points="330,1860 388,1860 447,1859 505,1859 564,1859 622,1859 681,1859 739,1859 798,1859 856,1859 915,1859 973,1859 1032,1859 1090,1859 1149,1859 1207,1860 1266,1860 1324,1860 1383,1860 1441,1860 1500,1860"/>
                <TextEquiv>
                    <Unicode>Herrn von Dorsday einen dem Widerhall in der Presse nach zu</Unicode>
                </TextEquiv>
            </TextLine>
            <TextLine id="r1l40" custom="readingOrder {index:39;}">
                <Coords points="1851,1881 2049,1871 2130,1899 2220,1858 2631,1881 2646,1804 2547,1835 2378,1812 2110,1839 1850,1826"/>
                <Baseline points="1859,1872 1898,1872 1937,1872 1976,1872 2015,1871 2054,1871 2093,1871 2132,1870 2171,1869 2210,1868 2249,1868 2288,1867 2327,1866 2366,1865 2405,1865 2444,1863 2483,1863 2522,1862 2561,1862 2600,1861 2639,1861"/>
                <TextEquiv>
                    <Unicode>östenetsegl bs nas becsi</Unicode>
                </TextEquiv>
            </TextLine>
            <TextLine id="r1l41" custom="readingOrder {index:40;}">
                <Coords points="1844,1945 2737,1932 2737,1898 2702,1887 2559,1897 2501,1869 2131,1899 1844,1883"/>
                <Baseline points="1853,1930 1896,1930 1940,1929 1984,1929 2028,1928 2072,1927 2116,1926 2159,1925 2203,1924 2247,1923 2291,1923 2335,1922 2379,1922 2423,1922 2466,1923 2510,1924 2554,1925 2598,1926 2642,1929 2686,1932 2730,1935"/>
                <TextEquiv>
                    <Unicode>szinnázi erdekessegek. p. p.</Unicode>
                </TextEquiv>
            </TextLine>
            <TextLine id="r1l42" custom="readingOrder {index:41;}">
                <Coords points="360,1944 1430,1951 1506,1944 1506,1895 360,1903"/>
                <Baseline points="368,1935 424,1936 481,1936 537,1936 594,1937 650,1937 707,1937 763,1937 820,1937 876,1937 933,1937 989,1937 1046,1937 1102,1936 1159,1936 1215,1936 1272,1936 1328,1936 1385,1935 1441,1935 1498,1935"/>
                <TextEquiv>
                    <Unicode>Begreiflich begann sich rach dem erfolgreichen Auftreten die Wiener</Unicode>
                </TextEquiv>
            </TextLine>
            <TextLine id="r1l43" custom="readingOrder {index:42;}">
                <Coords points="327,1990 1497,1988 1497,1939 327,1930"/>
                <Baseline points="335,1976 392,1976 450,1976 508,1976 565,1975 623,1975 681,1975 738,1975 796,1975 854,1975 912,1975 969,1975 1027,1975 1085,1975 1142,1975 1200,1975 1258,1974 1315,1974 1373,1974 1431,1973 1489,1973"/>
                <TextEquiv>
                    <Unicode>Presse mit dem bärtigen Tiroler, der sich nicht entschließen konnte, sich</Unicode>
                </TextEquiv>
            </TextLine>
            <TextLine id="r1l44" custom="readingOrder {index:43;}">
                <Coords points="1867,2020 2733,2016 2711,1968 2168,1957 2043,1982 1868,1943"/>
                <Baseline points="1875,2004 1917,2004 1960,2004 2002,2005 2045,2005 2087,2005 2130,2006 2172,2006 2215,2007 2257,2007 2300,2007 2342,2008 2385,2008 2427,2008 2470,2009 2512,2009 2555,2009 2597,2009 2640,2009 2682,2008 2725,2008"/>
                <TextEquiv>
                    <Unicode>Mäsik jelentos eseménye a bicsi szin¬</Unicode>
                </TextEquiv>
            </TextLine>
            <TextLine id="r1l45" custom="readingOrder {index:44;}">
                <Coords points="316,2021 1490,2025 1508,1986 316,1989"/>
                <Baseline points="324,2016 382,2015 441,2014 500,2014 559,2014 618,2014 676,2014 735,2014 794,2014 853,2014 912,2014 970,2014 1029,2014 1088,2014 1147,2014 1206,2014 1264,2013 1323,2013 1382,2012 1441,2011 1500,2010"/>
                <TextEquiv>
                    <Unicode>von seinem Vollbart zu trennen, sehr lebhaft zu beschäftigen. Es er¬</Unicode>
                </TextEquiv>
            </TextLine>
            <TextLine id="r1l46" custom="readingOrder {index:45;}">
                <Coords points="1855,2055 2716,2065 2716,2017 2683,2014 1855,2013"/>
                <Baseline points="1862,2048 1904,2049 1946,2050 1988,2051 2031,2051 2073,2051 2115,2051 2158,2051 2200,2051 2242,2051 2285,2051 2327,2051 2369,2051 2411,2051 2454,2051 2496,2051 2538,2051 2581,2051 2623,2052 2665,2052 2708,2053"/>
                <TextEquiv>
                    <Unicode>häzi évadnak Schnitzler „Elza kisasszong'</Unicode>
                </TextEquiv>
            </TextLine>
            <TextLine id="r1l47" custom="readingOrder {index:46;}">
                <Coords points="336,2060 1497,2057 1452,2016 336,2022"/>
                <Baseline points="344,2054 401,2053 458,2053 515,2053 573,2052 630,2052 687,2052 744,2052 802,2052 859,2052 916,2052 973,2052 1031,2052 1088,2052 1145,2051 1202,2051 1260,2051 1317,2051 1374,2050 1431,2050 1489,2049"/>
                <TextEquiv>
                    <Unicode>chienen Unterredungen, Plaudereien, Besprechungen mit so lockenden</Unicode>
                </TextEquiv>
            </TextLine>
            <TextLine id="r1l48" custom="readingOrder {index:47;}">
                <Coords points="323,2097 1501,2101 1501,2065 1444,2056 323,2061"/>
                <Baseline points="330,2092 388,2092 446,2092 504,2092 562,2092 620,2092 678,2092 737,2092 795,2092 853,2092 911,2092 969,2092 1027,2092 1085,2091 1144,2091 1202,2091 1260,2091 1318,2090 1376,2090 1434,2089 1493,2089"/>
                <TextEquiv>
                    <Unicode>Ueberschriften („Vom Pflug zum Theater“, „Ein Bauer als Schau¬</Unicode>
                </TextEquiv>
            </TextLine>
            <TextLine id="r1l49" custom="readingOrder {index:48;}">
                <Coords points="1864,2101 2722,2103 2722,2064 2642,2057 1864,2056"/>
                <Baseline points="1872,2094 1914,2094 1956,2094 1998,2095 2040,2095 2082,2095 2124,2095 2166,2095 2208,2095 2250,2095 2293,2095 2335,2095 2377,2095 2419,2095 2461,2095 2503,2095 2545,2095 2587,2095 2629,2096 2671,2096 2714,2097"/>
                <TextEquiv>
                    <Unicode>cimü novelläjanak a dramatizält elöadäsa.</Unicode>
                </TextEquiv>
            </TextLine>
            <TextLine id="r1l50" custom="readingOrder {index:49;}">
                <Coords points="320,2141 1502,2135 1502,2102 1379,2090 320,2097"/>
                <Baseline points="329,2132 387,2132 445,2131 503,2131 562,2131 620,2131 678,2131 737,2131 795,2131 853,2131 912,2130 970,2130 1028,2130 1086,2130 1145,2130 1203,2129 1261,2129 1320,2128 1378,2128 1436,2128 1495,2127"/>
                <TextEquiv>
                    <Unicode>spieler“ usw.), daß einem aus den Zeilen beinahe schon ländlicher</Unicode>
                </TextEquiv>
            </TextLine>
            <TextLine id="r1l51" custom="readingOrder {index:50;}">
                <Coords points="1867,2149 2731,2149 2721,2102 2551,2122 1867,2100"/>
                <Baseline points="1874,2140 1916,2140 1958,2139 2001,2138 2043,2138 2086,2138 2128,2138 2170,2138 2213,2138 2255,2138 2298,2138 2340,2138 2382,2139 2425,2139 2467,2139 2510,2139 2552,2139 2594,2139 2637,2139 2679,2139 2722,2139"/>
                <TextEquiv>
                    <Unicode>A dramatizälas Ernst Lothar sikerült</Unicode>
                </TextEquiv>
            </TextLine>
            <TextLine id="r1l52" custom="readingOrder {index:51;}">
                <Coords points="329,2178 1501,2172 1455,2132 329,2137"/>
                <Baseline points="337,2170 394,2170 452,2170 510,2170 568,2170 625,2170 683,2169 741,2169 799,2169 856,2169 914,2169 972,2169 1030,2168 1087,2168 1145,2168 1203,2168 1261,2167 1318,2167 1376,2167 1434,2166 1492,2166"/>
                <TextEquiv>
                    <Unicode>Geruch in die Nase stieg. Bei den Proben benahm sich Brandhofer</Unicode>
                </TextEquiv>
            </TextLine>
            <TextLine id="r1l53" custom="readingOrder {index:52;}">
                <Coords points="1862,2192 2656,2204 2734,2188 2734,2149 1862,2153"/>
                <Baseline points="1869,2184 1911,2184 1954,2184 1997,2184 2040,2184 2083,2184 2125,2184 2168,2184 2211,2184 2254,2184 2297,2184 2339,2184 2382,2183 2425,2183 2468,2183 2511,2183 2553,2183 2596,2183 2639,2184 2682,2184 2725,2184"/>
                <TextEquiv>
                    <Unicode>munkaja. A darabnak sikere volt, különö¬</Unicode>
                </TextEquiv>
            </TextLine>
            <TextLine id="r1l54" custom="readingOrder {index:53;}">
                <Coords points="330,2215 1502,2221 1502,2174 329,2185"/>
                <Baseline points="337,2209 394,2209 452,2208 510,2208 568,2207 626,2207 683,2207 741,2207 799,2207 857,2206 915,2206 972,2206 1030,2206 1088,2206 1146,2206 1204,2206 1261,2206 1319,2206 1377,2206 1435,2206 1493,2206"/>
                <TextEquiv>
                    <Unicode>mmer sehr urwüchsig. faßte aber sehr schnell auf. Manche Dinge ließ</Unicode>
                </TextEquiv>
            </TextLine>
            <TextLine id="r1l55" custom="readingOrder {index:54;}">
                <Coords points="1865,2233 2668,2244 2728,2233 2728,2189 1865,2193"/>
                <Baseline points="1873,2226 1915,2227 1957,2227 2000,2228 2042,2228 2084,2228 2127,2228 2169,2228 2211,2228 2254,2228 2296,2228 2338,2228 2381,2228 2423,2228 2465,2227 2508,2227 2550,2227 2592,2227 2635,2227 2677,2227 2720,2228"/>
                <TextEquiv>
                    <Unicode>gen sikere volt egy eddig Bécsben nem is¬</Unicode>
                </TextEquiv>
            </TextLine>
            <TextLine id="r1l56" custom="readingOrder {index:55;}">
                <Coords points="326,2252 1503,2250 1503,2221 1393,2207 326,2218"/>
                <Baseline points="335,2248 393,2247 451,2247 509,2247 567,2246 625,2246 683,2246 741,2245 799,2245 857,2245 915,2244 973,2244 1031,2244 1089,2243 1147,2243 1205,2243 1263,2243 1321,2243 1379,2243 1437,2243 1495,2243"/>
                <TextEquiv>
                    <Unicode>er sich vom Spielleiter einige Male erklären, bis es richtig klappte.</Unicode>
                </TextEquiv>
            </TextLine>
            <TextLine id="r1l57" custom="readingOrder {index:56;}">
                <Coords points="1858,2285 2227,2265 2724,2286 2724,2232 1858,2234"/>
                <Baseline points="1866,2271 1908,2271 1951,2272 1993,2272 2036,2272 2078,2272 2121,2272 2163,2272 2206,2271 2248,2271 2291,2271 2333,2271 2376,2271 2418,2271 2461,2271 2503,2271 2546,2271 2588,2271 2631,2271 2673,2272 2716,2272"/>
                <TextEquiv>
                    <Unicode>mert szinésznek, Kasper Brandiofernek,</Unicode>
                </TextEquiv>
            </TextLine>
            <TextLine id="r1l58" custom="readingOrder {index:57;}">
                <Coords points="324,2296 1497,2287 1496,2253 1441,2247 324,2252"/>
                <Baseline points="333,2287 390,2286 448,2285 506,2285 564,2284 622,2284 679,2284 737,2283 795,2283 853,2283 911,2283 968,2283 1026,2283 1084,2283 1142,2283 1200,2283 1257,2283 1315,2282 1373,2282 1431,2281 1489,2280"/>
                <TextEquiv>
                    <Unicode>Die Journalisten schmückten ihre Berichte oft auch mit Einzelheiten</Unicode>
                </TextEquiv>
            </TextLine>
            <TextLine id="r1l59" custom="readingOrder {index:58;}">
                <Coords points="317,2332 1478,2332 1499,2290 317,2299"/>
                <Baseline points="325,2325 383,2324 441,2324 499,2323 558,2323 616,2323 674,2323 733,2322 791,2322 849,2322 908,2322 966,2322 1024,2321 1082,2321 1141,2321 1199,2321 1257,2321 1316,2320 1374,2320 1432,2320 1491,2319"/>
                <TextEquiv>
                    <Unicode>aus dem bäuerlichen Vorleben Brandhofers und widmeten dem vom</Unicode>
                </TextEquiv>
            </TextLine>
            <TextLine id="r1l60" custom="readingOrder {index:59;}">
                <Coords points="1855,2380 1878,2384 1897,2365 1941,2372 1951,2364 1962,2374 2017,2374 2018,2333 2007,2333 1996,2324 1984,2328 1965,2317 1934,2328 1918,2321 1892,2327 1879,2321 1856,2325"/>
                <Baseline points="1863,2360 1892,2359 1921,2359 1950,2360 1979,2361 2009,2362"/>
                <TextEquiv>
                    <Unicode>tört ki.</Unicode>
                </TextEquiv>
            </TextLine>
            <TextLine id="r1l61" custom="readingOrder {index:60;}">
                <Coords points="322,2368 1421,2375 1507,2367 1507,2328 322,2330"/>
                <Baseline points="331,2362 389,2362 447,2362 506,2362 564,2362 623,2362 681,2362 739,2361 798,2361 856,2361 915,2361 973,2361 1031,2361 1090,2360 1148,2360 1207,2360 1265,2360 1323,2359 1382,2359 1440,2359 1499,2358"/>
                <TextEquiv>
                    <Unicode>Theaterteufel besessenen Bauern unentwegt Spalten über Spalten.</Unicode>
                </TextEquiv>
            </TextLine>
            <TextLine id="r1l62" custom="readingOrder {index:61;}">
                <Coords points="322,2412 1490,2415 1505,2366 321,2369"/>
                <Baseline points="329,2402 387,2402 445,2402 504,2402 562,2401 621,2401 679,2401 737,2401 796,2400 854,2400 913,2400 971,2399 1029,2399 1088,2399 1146,2398 1205,2398 1263,2398 1321,2398 1380,2397 1438,2397 1497,2397"/>
                <TextEquiv>
                    <Unicode>Keinem dieser findigen Zeitungsleute fiel es allerdings je ein, sich</Unicode>
                </TextEquiv>
            </TextLine>
            <TextLine id="r1l63" custom="readingOrder {index:62;}">
                <Coords points="1891,2430 2732,2419 2732,2371 2649,2361 2246,2387 1891,2365"/>
                <Baseline points="1899,2413 1940,2414 1981,2414 2022,2414 2064,2415 2105,2415 2146,2415 2187,2415 2229,2414 2270,2414 2311,2414 2352,2414 2394,2414 2435,2414 2476,2413 2517,2413 2559,2413 2600,2413 2641,2412 2682,2412 2724,2412"/>
                <TextEquiv>
                    <Unicode>A lapok nagy interjukat közöltek Kas¬</Unicode>
                </TextEquiv>
            </TextLine>
            <TextLine id="r1l64" custom="readingOrder {index:63;}">
                <Coords points="325,2448 1460,2452 1497,2411 325,2412"/>
                <Baseline points="333,2441 390,2441 448,2440 506,2440 564,2440 622,2440 680,2439 737,2439 795,2439 853,2439 911,2438 969,2438 1027,2438 1085,2437 1142,2437 1200,2436 1258,2436 1316,2435 1374,2434 1432,2434 1490,2433"/>
                <TextEquiv>
                    <Unicode>einmal genauer nach der Lage des Bauernhofes, von dem sich Brand¬</Unicode>
                </TextEquiv>
            </TextLine>
            <TextLine id="r1l65" custom="readingOrder {index:64;}">
                <Coords points="1853,2476 1928,2450 2057,2476 2737,2467 2737,2428 2672,2419 1853,2418"/>
                <Baseline points="1861,2460 1904,2459 1947,2459 1991,2458 2034,2458 2077,2458 2121,2458 2164,2458 2207,2458 2251,2458 2294,2458 2337,2459 2381,2459 2424,2459 2467,2459 2511,2459 2554,2458 2597,2458 2641,2457 2684,2457 2728,2456"/>
                <TextEquiv>
                    <Unicode>par Bandhoferröl, aki egy tiroli hegyi le¬</Unicode>
                </TextEquiv>
            </TextLine>
            <TextLine id="r1l66" custom="readingOrder {index:65;}">
                <Coords points="318,2485 1420,2491 1506,2486 1506,2442 318,2448"/>
                <Baseline points="326,2481 384,2480 443,2480 501,2479 560,2479 619,2479 677,2479 736,2478 795,2478 853,2478 912,2477 971,2477 1029,2477 1088,2476 1147,2476 1205,2476 1264,2475 1323,2475 1381,2475 1440,2475 1499,2474"/>
                <TextEquiv>
                    <Unicode>hofer so rasch getrennt hatte, zu erkundigen, auch an der Mundart</Unicode>
                </TextEquiv>
            </TextLine>
            <TextLine id="r1l67" custom="readingOrder {index:66;}">
                <Coords points="1857,2514 2294,2499 2315,2520 2362,2495 2617,2521 2727,2509 2727,2462 1856,2476"/>
                <Baseline points="1865,2505 1907,2504 1950,2504 1993,2503 2035,2503 2078,2503 2121,2503 2163,2502 2206,2502 2249,2502 2292,2502 2334,2502 2377,2502 2420,2502 2462,2502 2505,2502 2548,2502 2590,2502 2633,2502 2676,2502 2719,2501"/>
                <TextEquiv>
                    <Unicode>gelön päsztorkodott és ügy jelentkezett</Unicode>
                </TextEquiv>
            </TextLine>
            <TextLine id="r1l68" custom="readingOrder {index:67;}">
                <Coords points="328,2533 1505,2526 1491,2480 327,2494"/>
                <Baseline points="335,2519 393,2518 451,2518 509,2518 567,2517 625,2517 683,2517 741,2516 799,2516 857,2516 916,2516 974,2516 1032,2515 1090,2515 1148,2515 1206,2515 1264,2514 1322,2514 1380,2514 1438,2513 1497,2513"/>
                <TextEquiv>
                    <Unicode>hätte ein Kundiger wohl eine „neue Entdeckung“ machen können, daß</Unicode>
                </TextEquiv>
            </TextLine>
            <TextLine id="r1l69" custom="readingOrder {index:68;}">
                <Coords points="1850,2558 2678,2560 2735,2553 2735,2514 1849,2521"/>
                <Baseline points="1858,2548 1901,2548 1944,2547 1988,2547 2031,2547 2075,2547 2118,2546 2161,2546 2205,2546 2248,2546 2292,2546 2335,2546 2378,2546 2422,2546 2465,2546 2509,2545 2552,2545 2595,2545 2639,2545 2682,2544 2726,2544"/>
                <TextEquiv>
                    <Unicode>Reinhardtndl, aki elöször nem akarta fo¬</Unicode>
                </TextEquiv>
            </TextLine>
            <TextLine id="r1l70" custom="readingOrder {index:69;}">
                <Coords points="314,2565 1162,2583 1434,2573 1504,2561 1504,2525 314,2528"/>
                <Baseline points="323,2557 381,2557 440,2556 498,2556 557,2556 616,2555 674,2555 733,2555 792,2555 850,2554 909,2554 968,2554 1026,2554 1085,2554 1144,2554 1202,2553 1261,2553 1320,2553 1378,2553 1437,2553 1496,2552"/>
                <TextEquiv>
                    <Unicode>es nämlich mit der bäuerlichen Abstammung nicht sehr weit her sein</Unicode>
                </TextEquiv>
            </TextLine>
            <TextLine id="r1l71" custom="readingOrder {index:70;}">
                <Coords points="1851,2604 2473,2594 2570,2618 2619,2590 2715,2611 2697,2554 1850,2566"/>
                <Baseline points="1859,2595 1901,2594 1943,2593 1986,2593 2028,2592 2071,2591 2113,2591 2155,2590 2198,2590 2240,2589 2283,2589 2325,2589 2367,2589 2410,2589 2452,2589 2495,2589 2537,2589 2579,2589 2622,2590 2664,2590 2707,2591"/>
                <TextEquiv>
                    <Unicode>gadni, majd Helene Thimig kérésére meg.</Unicode>
                </TextEquiv>
            </TextLine>
            <TextLine id="r1l72" custom="readingOrder {index:71;}">
                <Coords points="314,2617 331,2617 345,2602 356,2602 363,2608 376,2603 387,2610 400,2602 405,2605 411,2600 424,2600 424,2572 411,2571 401,2564 380,2571 369,2571 364,2566 361,2569 354,2563 314,2567"/>
                <Baseline points="323,2597 354,2595 385,2596 417,2595"/>
                <TextEquiv>
                    <Unicode>könne.</Unicode>
                </TextEquiv>
            </TextLine>
            <TextLine id="r1l73" custom="readingOrder {index:72;}">
                <Coords points="1854,2645 2720,2643 2720,2604 2621,2591 2569,2617 2472,2594 1854,2603"/>
                <Baseline points="1863,2636 1905,2636 1947,2636 1990,2636 2032,2636 2075,2636 2117,2636 2160,2635 2202,2635 2245,2635 2287,2634 2329,2634 2372,2634 2414,2633 2457,2633 2499,2633 2542,2633 2584,2633 2627,2633 2669,2633 2712,2634"/>
                <TextEquiv>
                    <Unicode>hallgatta és olyan tehetségesnek talälta,</Unicode>
                </TextEquiv>
            </TextLine>
            <TextLine id="r1l74" custom="readingOrder {index:73;}">
                <Coords points="352,2652 1508,2651 1507,2600 1259,2616 1215,2584 351,2610"/>
                <Baseline points="360,2646 417,2646 474,2645 531,2645 588,2645 645,2645 702,2644 759,2644 816,2644 873,2643 930,2643 987,2643 1044,2642 1101,2642 1158,2642 1215,2641 1272,2641 1329,2641 1386,2641 1443,2640 1500,2640"/>
                <TextEquiv>
                    <Unicode>Da platzte plötzlich die Bombe! Was Reinhardt, Bassermann und</Unicode>
                </TextEquiv>
            </TextLine>
            <TextLine id="r1l75" custom="readingOrder {index:74;}">
                <Coords points="1860,2689 2726,2679 2725,2647 2682,2637 1860,2644"/>
                <Baseline points="1868,2681 1910,2680 1952,2680 1995,2679 2037,2679 2080,2678 2122,2678 2165,2678 2207,2677 2250,2677 2292,2677 2334,2677 2377,2676 2419,2676 2462,2676 2504,2676 2547,2676 2589,2676 2632,2676 2674,2676 2717,2676"/>
                <TextEquiv>
                    <Unicode>noge Lother-igazgatöhoz ajänlotta. Kaspar</Unicode>
                </TextEquiv>
            </TextLine>
            <TextLine id="r1l76" custom="readingOrder {index:75;}">
                <Coords points="324,2693 1449,2685 1434,2642 323,2651"/>
                <Baseline points="332,2686 387,2685 442,2684 498,2684 553,2683 609,2683 664,2683 720,2682 775,2682 831,2682 886,2682 941,2682 997,2682 1052,2682 1108,2681 1163,2681 1219,2681 1274,2680 1330,2679 1385,2679 1441,2678"/>
                <TextEquiv>
                    <Unicode>manche andere Bühnengrößen — Irren ist ja schließlich menschlich!</Unicode>
                </TextEquiv>
            </TextLine>
            <TextLine id="r1l77" custom="readingOrder {index:76;}">
                <Coords points="1444,2726 1452,2725 1465,2732 1472,2730 1477,2733 1487,2723 1491,2725 1495,2719 1505,2719 1501,2678 1491,2679 1484,2675 1473,2676 1471,2674 1460,2687 1455,2687 1452,2691 1441,2692"/>
                <Baseline points="1452,2722 1496,2718"/>
                <TextEquiv>
                    <Unicode>zu¬</Unicode>
                </TextEquiv>
            </TextLine>
            <TextLine id="r1l78" custom="readingOrder {index:77;}">
                <Coords points="1857,2737 2355,2741 2498,2710 2642,2737 2723,2726 2723,2682 1857,2688"/>
                <Baseline points="1865,2723 1907,2722 1950,2722 1992,2722 2035,2722 2077,2722 2120,2722 2162,2722 2205,2722 2247,2722 2290,2722 2332,2722 2375,2722 2417,2722 2460,2722 2502,2722 2545,2721 2587,2721 2630,2721 2672,2721 2715,2720"/>
                <TextEquiv>
                    <Unicode>Brandhofer — aki maga igy mesélte el</Unicode>
                </TextEquiv>
            </TextLine>
            <TextLine id="r1l79" custom="readingOrder {index:78;}">
                <Coords points="325,2731 1440,2733 1440,2689 325,2693"/>
                <Baseline points="333,2725 388,2724 443,2723 498,2723 553,2722 608,2722 663,2722 718,2721 773,2721 828,2721 883,2721 938,2721 993,2721 1048,2721 1103,2720 1158,2720 1213,2720 1268,2720 1323,2720 1378,2720 1433,2719"/>
                <TextEquiv>
                    <Unicode>entgangen war, das entdeckten die Kollegen, die mit Brandhofer</Unicode>
                </TextEquiv>
            </TextLine>
            <TextLine id="r1l80" custom="readingOrder {index:79;}">
                <Coords points="313,2767 1390,2774 1508,2765 1508,2725 313,2732"/>
                <Baseline points="322,2764 380,2763 439,2763 498,2762 557,2761 616,2761 675,2760 734,2760 793,2760 852,2759 911,2759 969,2759 1028,2758 1087,2758 1146,2758 1205,2758 1264,2757 1323,2757 1382,2757 1441,2757 1500,2756"/>
                <TextEquiv>
                    <Unicode>sammen auftraten. Unter ihnen munkelte man schon lange, daß der</Unicode>
                </TextEquiv>
            </TextLine>
            <TextLine id="r1l81" custom="readingOrder {index:80;}">
                <Coords points="1862,2778 2718,2769 2717,2727 2669,2722 1861,2735"/>
                <Baseline points="1870,2768 1914,2768 1958,2768 2002,2767 2046,2767 2090,2767 2134,2767 2179,2766 2223,2766 2267,2765 2311,2765 2355,2765 2399,2764 2444,2764 2488,2764 2532,2763 2576,2763 2620,2763 2664,2763 2709,2763"/>
                <TextEquiv>
                    <Unicode>szinpadi pälyafutäsät — credeti szakällä¬</Unicode>
                </TextEquiv>
            </TextLine>
            <TextLine id="r1l82" custom="readingOrder {index:81;}">
                <Coords points="331,2808 1478,2810 1505,2766 331,2772"/>
                <Baseline points="339,2801 396,2801 454,2801 512,2801 570,2801 628,2800 686,2800 744,2800 802,2799 860,2799 918,2798 975,2798 1033,2797 1091,2797 1149,2796 1207,2796 1265,2796 1323,2795 1381,2795 1439,2795 1497,2795"/>
                <TextEquiv>
                    <Unicode>blonde Vollbart zwar sonst echt, aber nicht schan immer blond gewesen</Unicode>
                </TextEquiv>
            </TextLine>
            <TextLine id="r1l83" custom="readingOrder {index:82;}">
                <Coords points="1859,2823 2721,2821 2721,2767 1859,2780"/>
                <Baseline points="1867,2812 1909,2812 1951,2812 1993,2812 2036,2812 2078,2812 2120,2812 2163,2811 2205,2811 2247,2811 2290,2810 2332,2810 2374,2810 2416,2810 2459,2809 2501,2809 2543,2809 2586,2809 2628,2809 2670,2809 2713,2809"/>
                <TextEquiv>
                    <Unicode>ral lépett fel, ezzel is ki akarvän fejezni</Unicode>
                </TextEquiv>
            </TextLine>
            <TextLine id="r1l84" custom="readingOrder {index:83;}">
                <Coords points="326,2850 1412,2851 1508,2839 1508,2805 326,2808"/>
                <Baseline points="334,2842 392,2841 450,2840 508,2840 567,2839 625,2838 683,2838 741,2837 800,2836 858,2836 916,2836 974,2835 1033,2835 1091,2835 1149,2835 1207,2835 1266,2835 1324,2835 1382,2834 1440,2834 1499,2834"/>
                <TextEquiv>
                    <Unicode>sein mußte, und auf einmal war es offenes Geheimnis, daß der</Unicode>
                </TextEquiv>
            </TextLine>
            <TextLine id="r1l85" custom="readingOrder {index:84;}">
                <Coords points="1853,2871 2724,2875 2705,2815 2360,2818 2310,2842 2259,2813 1852,2822"/>
                <Baseline points="1861,2858 1903,2858 1946,2858 1989,2857 2031,2857 2074,2856 2117,2856 2159,2855 2202,2855 2245,2854 2288,2854 2330,2853 2373,2853 2416,2852 2458,2852 2501,2852 2544,2851 2586,2851 2629,2851 2672,2851 2715,2850"/>
                <TextEquiv>
                    <Unicode>paraszti szärmazäsät. A siker pärdtlan</Unicode>
                </TextEquiv>
            </TextLine>
            <TextLine id="r1l86" custom="readingOrder {index:85;}">
                <Coords points="319,2884 1470,2888 1507,2840 319,2852"/>
                <Baseline points="327,2881 385,2880 444,2879 502,2879 561,2878 620,2877 678,2877 737,2876 795,2876 854,2876 913,2875 971,2875 1030,2875 1088,2875 1147,2874 1206,2874 1264,2874 1323,2874 1381,2874 1440,2873 1499,2873"/>
                <TextEquiv>
                    <Unicode>biedere Bauersmann Kaspar Brandhofer niemand anderer war als</Unicode>
                </TextEquiv>
            </TextLine>
            <TextLine id="r1l87" custom="readingOrder {index:86;}">
                <Coords points="1864,2906 2698,2908 2723,2872 1863,2870"/>
                <Baseline points="1871,2899 1913,2900 1955,2901 1997,2901 2039,2901 2081,2901 2123,2901 2166,2900 2208,2899 2250,2899 2292,2898 2334,2897 2376,2897 2418,2896 2461,2896 2503,2895 2545,2895 2587,2896 2629,2896 2671,2897 2714,2898"/>
                <TextEquiv>
                    <Unicode>relt. Az elsö pillanattöl kezdve érezte min¬</Unicode>
                </TextEquiv>
            </TextLine>
            <TextLine id="r1l88" custom="readingOrder {index:87;}">
                <Coords points="318,2922 1512,2914 1511,2881 1396,2877 318,2887"/>
                <Baseline points="327,2921 385,2920 444,2919 503,2918 562,2917 621,2917 680,2916 738,2916 797,2915 856,2915 915,2915 974,2914 1033,2914 1092,2914 1150,2913 1209,2913 1268,2913 1327,2912 1386,2912 1445,2911 1504,2911"/>
                <TextEquiv>
                    <Unicode>der seinerzeit, vornehmlich an Berliner Bühnen beschäftigte Schau¬</Unicode>
                </TextEquiv>
            </TextLine>
            <TextLine id="r1l89" custom="readingOrder {index:88;}">
                <Coords points="1862,2953 2691,2962 2723,2959 2723,2902 1862,2911"/>
                <Baseline points="1870,2944 1912,2945 1954,2945 1996,2945 2039,2945 2081,2945 2123,2944 2165,2944 2208,2944 2250,2943 2292,2943 2334,2942 2377,2942 2419,2941 2461,2941 2503,2941 2546,2941 2588,2941 2630,2941 2672,2942 2715,2942"/>
                <TextEquiv>
                    <Unicode>denki, hogy egy szinészi östehetség áll a</Unicode>
                </TextEquiv>
            </TextLine>
            <TextLine id="r1l90" custom="readingOrder {index:89;}">
                <Coords points="333,2968 1350,2965 1507,2957 1507,2920 333,2926"/>
                <Baseline points="342,2959 399,2958 457,2957 515,2957 573,2956 631,2955 689,2955 746,2954 804,2954 862,2954 920,2953 978,2953 1036,2953 1094,2952 1151,2952 1209,2952 1267,2951 1325,2951 1383,2950 1441,2950 1499,2949"/>
                <TextEquiv>
                    <Unicode>pieler Leo Reuß. Aus rassischen Gründen war ihm ein weiteres</Unicode>
                </TextEquiv>
            </TextLine>
            <TextLine id="r1l91" custom="readingOrder {index:90;}">
                <Coords points="1862,3002 2731,3008 2730,2957 2635,2947 1861,2952"/>
                <Baseline points="1869,2989 1911,2990 1954,2990 1996,2990 2039,2990 2082,2990 2124,2989 2167,2989 2210,2989 2252,2988 2295,2988 2338,2987 2380,2987 2423,2987 2466,2986 2508,2986 2551,2986 2594,2986 2636,2986 2679,2987 2722,2988"/>
                <TextEquiv>
                    <Unicode>szinpadon, akiuck egyénisége megkapja a</Unicode>
                </TextEquiv>
            </TextLine>
            <TextLine id="r1l92" custom="readingOrder {index:91;}">
                <Coords points="327,3001 1417,3007 1509,2997 1509,2957 327,2963"/>
                <Baseline points="335,2997 393,2996 451,2995 509,2995 568,2994 626,2994 684,2993 742,2993 801,2993 859,2992 917,2992 975,2992 1034,2991 1092,2991 1150,2991 1208,2991 1267,2990 1325,2990 1383,2990 1441,2990 1500,2989"/>
                <TextEquiv>
                    <Unicode>Auftreten im Deutschen Reich unmöglich geworden, daher ließ sich</Unicode>
                </TextEquiv>
            </TextLine>
            <TextLine id="r1l93" custom="readingOrder {index:92;}">
                <Coords points="329,3043 1506,3036 1505,2997 1445,2991 328,3002"/>
                <Baseline points="336,3036 394,3035 452,3034 510,3034 568,3033 626,3033 684,3032 742,3032 800,3031 858,3031 916,3031 974,3030 1032,3030 1090,3030 1148,3029 1206,3029 1264,3029 1322,3028 1380,3028 1438,3028 1497,3027"/>
                <TextEquiv>
                    <Unicode>Reuß nach längerem „Selbststudium“ den ursprünglich schwarzen Bart</Unicode>
                </TextEquiv>
            </TextLine>
            <TextLine id="r1l94" custom="readingOrder {index:93;}">
                <Coords points="1851,3045 2725,3047 2725,2995 1851,3006"/>
                <Baseline points="1859,3033 1901,3034 1944,3034 1987,3034 2030,3034 2073,3034 2116,3034 2159,3033 2202,3033 2245,3032 2288,3032 2330,3031 2373,3031 2416,3030 2459,3030 2502,3029 2545,3029 2588,3029 2631,3030 2674,3030 2717,3031"/>
                <TextEquiv>
                    <Unicode>nézôt. De eppen ez a tökéletes jäték tette</Unicode>
                </TextEquiv>
            </TextLine>
            <TextLine id="r1l95" custom="readingOrder {index:94;}">
                <Coords points="326,3081 1513,3080 1512,3033 326,3042"/>
                <Baseline points="334,3076 392,3075 451,3074 509,3074 568,3073 626,3072 685,3072 743,3071 802,3070 860,3070 919,3069 978,3069 1036,3069 1095,3068 1153,3068 1212,3067 1270,3067 1329,3067 1387,3067 1446,3067 1505,3067"/>
                <TextEquiv>
                    <Unicode>und die schwarzen Haare blond färben. Mit seinem schauspielerischen</Unicode>
                </TextEquiv>
            </TextLine>
            <TextLine id="r1l96" custom="readingOrder {index:95;}">
                <Coords points="1857,3088 2728,3093 2728,3048 2653,3037 1857,3047"/>
                <Baseline points="1865,3077 1907,3077 1950,3078 1993,3078 2035,3078 2078,3078 2121,3078 2163,3078 2206,3077 2249,3077 2292,3076 2334,3075 2377,3075 2420,3074 2462,3074 2505,3074 2548,3073 2590,3073 2633,3074 2676,3074 2719,3075"/>
                <TextEquiv>
                    <Unicode>az embereket gyanakodóvä. Megindultak a</Unicode>
                </TextEquiv>
            </TextLine>
            <TextLine id="r1l97" custom="readingOrder {index:96;}">
                <Coords points="327,3119 1470,3115 1502,3077 327,3080"/>
                <Baseline points="335,3113 393,3112 451,3112 509,3111 567,3111 625,3111 683,3110 741,3110 799,3109 857,3109 915,3108 973,3108 1031,3108 1089,3107 1147,3107 1205,3106 1263,3106 1321,3106 1379,3106 1437,3106 1495,3105"/>
                <TextEquiv>
                    <Unicode>Geschick war dann der „maskierte Bauer“ für seine Karriere bald</Unicode>
                </TextEquiv>
            </TextLine>
            <TextLine id="r1l98" custom="readingOrder {index:97;}">
                <Coords points="1865,3128 2686,3134 2721,3127 2721,3085 2165,3100 1917,3076 1865,3099"/>
                <Baseline points="1874,3122 1918,3122 1962,3122 2006,3122 2050,3122 2094,3122 2138,3122 2183,3121 2227,3121 2271,3120 2315,3120 2359,3119 2403,3119 2448,3119 2492,3119 2536,3118 2580,3119 2624,3119 2668,3119 2713,3121"/>
                <TextEquiv>
                    <Unicode>alälgafäsok és most végre kiderült, hogy</Unicode>
                </TextEquiv>
            </TextLine>
            <TextLine id="r1l99" custom="readingOrder {index:98;}">
                <Coords points="326,3157 1499,3157 1498,3113 1427,3107 326,3119"/>
                <Baseline points="335,3153 392,3152 450,3151 508,3150 566,3149 624,3149 681,3148 739,3148 797,3147 855,3147 913,3147 970,3146 1028,3146 1086,3146 1144,3145 1202,3145 1259,3145 1317,3144 1375,3144 1433,3144 1491,3143"/>
                <TextEquiv>
                    <Unicode>fertig. Wenn Reuß diese Komödie nicht nur dem Theaterpublikum,</Unicode>
                </TextEquiv>
            </TextLine>
            <TextLine id="r1l100" custom="readingOrder {index:99;}">
                <Coords points="1860,3176 2197,3185 2257,3156 2306,3186 2502,3162 2615,3181 2729,3171 2729,3135 1859,3131"/>
                <Baseline points="1868,3166 1910,3166 1953,3166 1995,3166 2038,3166 2081,3165 2123,3165 2166,3165 2208,3164 2251,3164 2294,3164 2336,3163 2379,3163 2421,3163 2464,3162 2507,3162 2549,3162 2592,3162 2634,3162 2677,3162 2720,3162"/>
                <TextEquiv>
                    <Unicode>Kospar Brandhofer nem mas, mint Leo</Unicode>
                </TextEquiv>
            </TextLine>
            <TextLine id="r1l101" custom="readingOrder {index:100;}">
                <Coords points="337,3196 1475,3197 1507,3158 336,3161"/>
                <Baseline points="344,3190 401,3189 459,3189 517,3188 575,3188 632,3187 690,3187 748,3186 806,3186 863,3185 921,3185 979,3185 1037,3184 1094,3184 1152,3184 1210,3183 1268,3183 1325,3183 1383,3182 1441,3182 1499,3182"/>
                <TextEquiv>
                    <Unicode>ondern wirklich auch seinen berühmteren Kollegen — was manche</Unicode>
                </TextEquiv>
            </TextLine>
            <TextLine id="r1l102" custom="readingOrder {index:101;}">
                <Coords points="1855,3217 2690,3216 2725,3212 2725,3168 2511,3163 2470,3191 2376,3166 2305,3186 2263,3157 2196,3185 2016,3160 1935,3189 1854,3176"/>
                <Baseline points="1862,3210 1904,3210 1947,3211 1990,3211 2033,3210 2075,3210 2118,3210 2161,3209 2204,3209 2246,3208 2289,3208 2332,3207 2375,3207 2417,3206 2460,3206 2503,3206 2546,3206 2588,3206 2631,3206 2674,3206 2717,3207"/>
                <TextEquiv>
                    <Unicode>Reusz, imert berlini szinész, aki azonban</Unicode>
                </TextEquiv>
            </TextLine>
            <TextLine id="r1l103" custom="readingOrder {index:102;}">
                <Coords points="324,3236 1506,3234 1505,3185 323,3200"/>
                <Baseline points="332,3230 390,3229 448,3228 506,3227 565,3226 623,3225 681,3225 739,3224 798,3224 856,3224 914,3223 972,3223 1031,3223 1089,3223 1147,3223 1205,3222 1264,3222 1322,3222 1380,3221 1438,3221 1497,3220"/>
                <TextEquiv>
                    <Unicode>Kreise allerdings bezweifeln — vorgespielt hat, so ist ihm sein Streich</Unicode>
                </TextEquiv>
            </TextLine>
            <TextLine id="r1l104" custom="readingOrder {index:103;}">
                <Coords points="1863,3265 2643,3266 2722,3254 2722,3213 1863,3221"/>
                <Baseline points="1871,3257 1913,3257 1955,3256 1997,3255 2039,3255 2081,3254 2123,3254 2166,3253 2208,3253 2250,3252 2292,3252 2334,3251 2376,3251 2418,3251 2461,3251 2503,3250 2545,3250 2587,3250 2629,3250 2671,3250 2714,3250"/>
                <TextEquiv>
                    <Unicode>ott nem tudott olyan sikert kivivni, mint</Unicode>
                </TextEquiv>
            </TextLine>
            <TextLine id="r1l105" custom="readingOrder {index:104;}">
                <Coords points="330,3279 1324,3278 1501,3268 1501,3234 330,3235"/>
                <Baseline points="339,3267 396,3267 454,3267 511,3267 569,3267 627,3266 684,3266 742,3265 800,3265 857,3264 915,3263 973,3263 1030,3262 1088,3262 1146,3261 1203,3260 1261,3260 1319,3259 1376,3259 1434,3259 1492,3259"/>
                <TextEquiv>
                    <Unicode>jedenfalls vollauf gelungen. Zu Schaden gekommen ist durch ihn nie¬</Unicode>
                </TextEquiv>
            </TextLine>
            <TextLine id="r1l106" custom="readingOrder {index:105;}">
                <Coords points="1851,3310 2305,3318 2472,3289 2727,3309 2726,3252 1851,3268"/>
                <Baseline points="1859,3300 1902,3300 1945,3300 1988,3299 2031,3299 2074,3299 2117,3299 2160,3298 2203,3298 2246,3298 2289,3297 2332,3297 2375,3296 2418,3296 2461,3295 2504,3295 2547,3294 2590,3293 2633,3293 2676,3292 2719,3291"/>
                <TextEquiv>
                    <Unicode>szerette volna. Mintegy härom évvel ezeiött</Unicode>
                </TextEquiv>
            </TextLine>
            <TextLine id="r1l107" custom="readingOrder {index:106;}">
                <Coords points="324,3313 1485,3317 1504,3266 324,3281"/>
                <Baseline points="332,3308 390,3307 448,3306 506,3305 564,3304 623,3304 681,3303 739,3302 797,3302 855,3301 914,3301 972,3300 1030,3300 1088,3300 1146,3300 1205,3300 1263,3299 1321,3299 1379,3300 1437,3300 1496,3300"/>
                <TextEquiv>
                    <Unicode>mand ein paar übereifrige Bauernkenner haben sich, was ja schließ¬</Unicode>
                </TextEquiv>
            </TextLine>
            <TextLine id="r1l108" custom="readingOrder {index:107;}">
                <Coords points="1861,3353 2730,3357 2730,3308 2702,3299 1861,3311"/>
                <Baseline points="1869,3341 1911,3342 1954,3342 1996,3342 2039,3342 2082,3342 2124,3342 2167,3342 2210,3342 2252,3341 2295,3341 2338,3340 2380,3340 2423,3339 2466,3339 2508,3339 2551,3338 2594,3338 2636,3338 2679,3338 2722,3338"/>
                <TextEquiv>
                    <Unicode>eltünt a berlini szinpadokrol és most mint</Unicode>
                </TextEquiv>
            </TextLine>
            <TextLine id="r1l109" custom="readingOrder {index:108;}">
                <Coords points="324,3354 946,3362 946,3311 461,3317 427,3296 323,3314"/>
                <Baseline points="332,3346 362,3346 392,3346 422,3345 453,3345 483,3345 513,3344 544,3344 574,3343 604,3343 635,3343 665,3342 695,3342 725,3342 756,3341 786,3341 816,3341 847,3340 877,3340 907,3340 938,3340"/>
                <TextEquiv>
                    <Unicode>lich öfter vorkommen kann, blamiert.</Unicode>
                </TextEquiv>
            </TextLine>
            <TextLine id="r1l110" custom="readingOrder {index:109;}">
                <Coords points="1851,3395 2624,3388 2623,3341 1850,3349"/>
                <Baseline points="1859,3388 1896,3388 1934,3388 1972,3387 2010,3387 2048,3387 2085,3387 2123,3386 2161,3386 2199,3385 2237,3385 2274,3385 2312,3384 2350,3384 2388,3383 2426,3383 2463,3382 2501,3382 2539,3381 2577,3381 2615,3380"/>
                <TextEquiv>
                    <Unicode>Kaspar Brandhofer tünt fel Bécsben.</Unicode>
                </TextEquiv>
            </TextLine>
            <TextLine id="r1l111" custom="readingOrder {index:110;}">
                <Coords points="359,3399 1504,3396 1503,3357 1388,3337 359,3360"/>
                <Baseline points="368,3394 424,3393 480,3392 537,3391 593,3391 649,3390 706,3389 762,3389 818,3388 875,3388 931,3388 987,3388 1044,3387 1100,3387 1156,3387 1213,3387 1269,3386 1325,3386 1382,3386 1438,3385 1495,3385"/>
                <TextEquiv>
                    <Unicode>Die Leitung des Theaters in der Josefstadt hat übrigens nach der</Unicode>
                </TextEquiv>
            </TextLine>
            <TextLine id="r1l112" custom="readingOrder {index:111;}">
                <Coords points="318,3445 1513,3433 1513,3396 1355,3387 318,3393"/>
                <Baseline points="326,3433 388,3432 450,3430 512,3429 574,3429 636,3428 698,3428 760,3428 822,3427 884,3427 946,3427 1008,3427 1070,3427 1132,3427 1194,3426 1256,3426 1318,3426 1380,3425 1442,3424 1505,3423"/>
                <TextEquiv>
                    <Unicode>Lüftung des Geheimnisses bekanntgegeben, daß sie „aus künstlerischen</Unicode>
                </TextEquiv>
            </TextLine>
            <TextLine id="r1l113" custom="readingOrder {index:112;}">
                <Coords points="1892,3439 2687,3443 2721,3437 2721,3398 1892,3401"/>
                <Baseline points="1901,3433 1941,3432 1982,3431 2022,3431 2063,3430 2103,3429 2144,3429 2184,3429 2225,3428 2265,3428 2306,3428 2347,3428 2387,3427 2428,3427 2468,3427 2509,3427 2549,3426 2590,3426 2630,3426 2671,3425 2712,3424"/>
                <TextEquiv>
                    <Unicode>A Jesefstädter Theater igazgatösäga ki¬</Unicode>
                </TextEquiv>
            </TextLine>
            <TextLine id="r1l114" custom="readingOrder {index:113;}">
                <Coords points="331,3476 1427,3476 1498,3469 1498,3428 330,3442"/>
                <Baseline points="338,3472 395,3470 453,3469 510,3468 568,3467 626,3466 683,3466 741,3466 798,3465 856,3465 914,3465 971,3465 1029,3465 1086,3465 1144,3465 1202,3465 1259,3464 1317,3464 1374,3463 1432,3462 1490,3461"/>
                <TextEquiv>
                    <Unicode>und menschlichen Gründen von einer disziplinären Behandlung ab¬</Unicode>
                </TextEquiv>
            </TextLine>
            <TextLine id="r1l115" custom="readingOrder {index:114;}">
                <Coords points="1851,3493 2719,3488 2718,3448 2650,3431 2057,3450 1851,3425"/>
                <Baseline points="1859,3477 1901,3477 1944,3477 1986,3477 2029,3477 2071,3476 2114,3476 2156,3475 2199,3475 2241,3474 2284,3473 2327,3472 2369,3472 2412,3471 2454,3470 2497,3470 2539,3469 2582,3469 2624,3469 2667,3468 2710,3468"/>
                <TextEquiv>
                    <Unicode>jelentette, hogy miteésn és emberi szem¬</Unicode>
                </TextEquiv>
            </TextLine>
            <TextLine id="r1l116" custom="readingOrder {index:115;}">
                <Coords points="337,3514 1513,3501 1409,3463 337,3477"/>
                <Baseline points="346,3510 403,3509 461,3508 519,3508 577,3507 635,3506 693,3506 751,3505 809,3505 867,3505 925,3505 982,3504 1040,3504 1098,3503 1156,3503 1214,3503 1272,3502 1330,3501 1388,3501 1446,3500 1504,3499"/>
                <TextEquiv>
                    <Unicode>tehe“. Weniger entgegenkommend dürfte sich wahrscheinlich die Poli¬</Unicode>
                </TextEquiv>
            </TextLine>
            <TextLine id="r1l117" custom="readingOrder {index:116;}">
                <Coords points="1856,3538 2585,3511 2720,3532 2719,3488 2687,3477 1855,3489"/>
                <Baseline points="1863,3523 1905,3522 1947,3522 1990,3522 2032,3521 2075,3521 2117,3520 2159,3519 2202,3518 2244,3518 2287,3517 2329,3517 2371,3516 2414,3515 2456,3515 2499,3515 2541,3514 2583,3514 2626,3514 2668,3514 2711,3514"/>
                <TextEquiv>
                    <Unicode>pontokböl nem indit figgelmi elldrdst ellene,</Unicode>
                </TextEquiv>
            </TextLine>
            <TextLine id="r1l118" custom="readingOrder {index:117;}">
                <Coords points="329,3561 1516,3547 1502,3499 329,3521"/>
                <Baseline points="337,3548 395,3547 454,3546 512,3545 571,3545 629,3544 688,3544 746,3544 805,3543 863,3543 922,3543 980,3543 1039,3542 1097,3542 1156,3542 1214,3541 1273,3541 1331,3541 1390,3540 1448,3539 1507,3539"/>
                <TextEquiv>
                    <Unicode>zei benehmen, denn sie muß nach dem Gesetz gegen Brandhofer=Reuß</Unicode>
                </TextEquiv>
            </TextLine>
            <TextLine id="r1l119" custom="readingOrder {index:118;}">
                <Coords points="1864,3590 2766,3564 2586,3511 2339,3549 2141,3520 1864,3538"/>
                <Baseline points="1872,3566 1916,3568 1960,3569 2004,3570 2049,3570 2093,3569 2137,3568 2182,3567 2226,3566 2270,3564 2315,3563 2359,3562 2403,3561 2447,3561 2492,3561 2536,3562 2580,3564 2625,3566 2669,3570 2713,3574 2758,3580"/>
                <TextEquiv>
                    <Unicode>unliert igy félrevezette a Szinhäzat 6s 2</Unicode>
                </TextEquiv>
            </TextLine>
            <TextLine id="r1l120" custom="readingOrder {index:119;}">
                <Coords points="328,3598 1205,3608 1271,3595 1271,3551 328,3555"/>
                <Baseline points="336,3586 382,3586 428,3586 475,3585 521,3585 568,3585 614,3584 660,3584 707,3584 753,3583 800,3583 846,3582 892,3582 939,3582 985,3581 1032,3581 1078,3581 1124,3581 1171,3580 1217,3580 1264,3580"/>
                <TextEquiv>
                    <Unicode>wegen verschiedener Falschmeldungen vorgehen.</Unicode>
                </TextEquiv>
            </TextLine>
            <TextLine id="r1l121" custom="readingOrder {index:120;}">
                <Coords points="1870,3631 2695,3633 2736,3626 2735,3571 1869,3589"/>
                <Baseline points="1878,3625 1920,3626 1963,3626 2005,3626 2048,3626 2090,3626 2133,3625 2175,3625 2218,3624 2260,3624 2303,3623 2345,3622 2388,3622 2430,3621 2473,3620 2515,3620 2558,3619 2600,3619 2643,3619 2685,3619 2728,3619"/>
                <TextEquiv>
                    <Unicode>közönséget. Mindenesetre nem mindennar</Unicode>
                </TextEquiv>
            </TextLine>
            <TextLine id="r1l122" custom="readingOrder {index:121;}">
                <Coords points="1872,3682 2716,3673 2734,3627 2106,3631 2001,3656 1871,3630"/>
                <Baseline points="1880,3672 1922,3671 1964,3671 2006,3671 2049,3670 2091,3670 2133,3669 2176,3669 2218,3668 2260,3668 2303,3667 2345,3666 2387,3666 2429,3665 2472,3665 2514,3665 2556,3664 2599,3664 2641,3664 2683,3663 2726,3663"/>
                <TextEquiv>
                    <Unicode>mödja ez az ervényesülésnek, még a mai</Unicode>
                </TextEquiv>
            </TextLine>
            <TextLine id="r1l123" custom="readingOrder {index:122;}">
                <Coords points="1867,3728 2361,3709 2437,3739 2505,3714 2621,3737 2722,3703 2722,3671 1866,3686"/>
                <Baseline points="1874,3714 1916,3714 1958,3715 2000,3715 2042,3715 2084,3715 2126,3714 2168,3714 2210,3713 2252,3713 2294,3712 2336,3711 2378,3711 2420,3710 2462,3709 2504,3709 2546,3708 2588,3707 2630,3707 2672,3707 2714,3706"/>
                <TextEquiv>
                    <Unicode>vilägban sem, amikor a filmsztärok histö¬</Unicode>
                </TextEquiv>
            </TextLine>
            <TextLine id="r1l124" custom="readingOrder {index:123;}">
                <Coords points="1870,3768 2352,3765 2352,3729 2313,3715 2267,3731 2219,3715 2194,3732 2005,3719 1959,3735 1915,3718 1870,3729"/>
                <Baseline points="1878,3757 1903,3758 1929,3759 1955,3759 1981,3759 2007,3759 2033,3759 2059,3758 2085,3758 2111,3757 2136,3757 2162,3756 2188,3756 2214,3756 2240,3756 2266,3756 2292,3756 2318,3756 2344,3757"/>
                <TextEquiv>
                    <Unicode>riäi. elég fantasztikusak.</Unicode>
                </TextEquiv>
            </TextLine>
            <TextLine id="r1l125" custom="readingOrder {index:124;}">
                <Coords points="1908,3815 2655,3814 2736,3802 2736,3766 1907,3772"/>
                <Baseline points="1915,3804 1955,3803 1996,3803 2036,3802 2077,3801 2118,3801 2158,3801 2199,3800 2239,3800 2280,3800 2321,3799 2361,3799 2402,3798 2442,3798 2483,3798 2524,3797 2564,3797 2605,3796 2645,3795 2686,3795 2727,3794"/>
                <TextEquiv>
                    <Unicode>„Elza kisasszonynak“ a sikerét azonban</Unicode>
                </TextEquiv>
            </TextLine>
            <TextLine id="r1l126" custom="readingOrder {index:125;}">
                <Coords points="1865,3855 2623,3838 2716,3863 2751,3850 2751,3787 2654,3814 1864,3818"/>
                <Baseline points="1873,3849 1916,3848 1960,3848 2003,3847 2047,3847 2090,3846 2134,3846 2177,3845 2221,3844 2264,3844 2308,3843 2351,3843 2395,3842 2438,3842 2482,3842 2525,3842 2569,3841 2612,3841 2656,3841 2699,3841 2743,3842"/>
                <TextEquiv>
                    <Unicode>nemcsak cz a kitünd szinész alapozta meg,</Unicode>
                </TextEquiv>
            </TextLine>
            <TextLine id="r1l127" custom="readingOrder {index:126;}">
                <Coords points="1871,3898 2699,3900 2726,3861 2622,3838 2374,3867 1870,3858"/>
                <Baseline points="1878,3892 1920,3892 1962,3891 2004,3891 2046,3890 2088,3890 2130,3889 2172,3889 2214,3889 2256,3888 2298,3888 2340,3887 2382,3887 2424,3886 2466,3886 2508,3885 2550,3885 2592,3884 2634,3884 2676,3883 2718,3883"/>
                <TextEquiv>
                    <Unicode>hanem az egész elöadas, amelvnek közép¬</Unicode>
                </TextEquiv>
            </TextLine>
            <TextLine id="r1l128" custom="readingOrder {index:127;}">
                <Coords points="1867,3950 2701,3942 2720,3896 1867,3905"/>
                <Baseline points="1875,3937 1916,3937 1958,3935 2000,3935 2042,3934 2084,3933 2126,3933 2167,3932 2209,3932 2251,3932 2293,3931 2335,3931 2377,3930 2419,3930 2460,3930 2502,3929 2544,3929 2586,3928 2628,3927 2670,3927 2712,3926"/>
                <TextEquiv>
                    <Unicode>pontjäban Brandhofer-Reusz-on kivül Bus¬</Unicode>
                </TextEquiv>
            </TextLine>
            <TextLine id="r1l129" custom="readingOrder {index:128;}">
                <Coords points="1857,3984 2686,3983 2724,3971 2724,3937 1857,3950"/>
                <Baseline points="1866,3978 1908,3978 1951,3978 1993,3978 2036,3978 2078,3977 2121,3977 2163,3976 2206,3976 2248,3975 2291,3975 2334,3974 2376,3974 2419,3973 2461,3972 2504,3972 2546,3971 2589,3971 2631,3971 2674,3970 2717,3970"/>
                <TextEquiv>
                    <Unicode>sermann, Rese Strodner, Eisa Bussermann.</Unicode>
                </TextEquiv>
            </TextLine>
            <TextLine id="r1l130" custom="readingOrder {index:129;}">
                <Coords points="1869,4034 2613,4019 2739,4043 2739,3960 2593,3994 1868,3985"/>
                <Baseline points="1876,4022 1918,4022 1961,4022 2004,4021 2047,4021 2089,4021 2132,4020 2175,4020 2218,4019 2260,4019 2303,4018 2346,4018 2389,4017 2431,4017 2474,4017 2517,4016 2560,4016 2602,4016 2645,4016 2688,4016 2731,4016"/>
                <TextEquiv>
                    <Unicode>Erik Fren és a többi kitünd szinész älluak</Unicode>
                </TextEquiv>
            </TextLine>
            <TextLine id="r1l131" custom="readingOrder {index:130;}">
                <Coords points="1856,4089 2736,4080 2736,4043 2674,4020 1856,4042"/>
                <Baseline points="1864,4067 1907,4066 1950,4066 1993,4066 2036,4065 2080,4065 2123,4065 2166,4064 2209,4064 2252,4063 2296,4063 2339,4062 2382,4062 2425,4062 2468,4061 2512,4061 2555,4061 2598,4060 2641,4060 2684,4060 2728,4060"/>
                <TextEquiv>
                    <Unicode>Atökéletes elöadäst Hans Thimig rendezte.</Unicode>
                </TextEquiv>
            </TextLine>
            <TextEquiv>
                <Unicode>box 5/4
31. Fraeulein Else
—

eitung. I#nisbruck
9
der „urwüchsige Bauer aus dem Pustertal“
Kaspar Brandhofer
Die an eigenartigen Begebenheiten reiche Geschichte des Theaters
wurde dieser Tage wieder um ein Geschichtchen bereichert, das deshalb
nicht eines besonderen Reizes entbehrt, weil bekannte Bühnengrößen,
darunter auch Max Reinhardt, einige Zeit hindurch an der
„GBSERVER
Nase herumgzführi wurden. Da sich besonders die Wiener
Presse ausführlich mit diesem Fall beschäftigte, soll er auch unseren
AC österr. behördl. konzessiemertes
Lesern trotz seiner Unwahrscheinlichkeit nicht vorenthalten bleiben.
Unternehmen für Zeitungs-Ausschnitte
Die Vorgeschic##e ist kurz: Im heurigen Sommer erschien zur Zeit
WIEN, I., WOILZEILL. 11
der Festspiele in Salzburg bei Max Reinhardt in Schloß Leopolds¬
ron ein blondbärtiger, breitschultriger, in ländliche Tracht gekleideter
TELEPHON R-23-0-43
Mann, der sich Kaspar Brandhofer nannte und vorgab, ein
Bauer aus dem Pusterial zu sein. Er wolle von Reinhardt
eine schauspielerische Begabung und sein Können, das er sich nach
Ausschnitt aus:
en Angaben in langjährigem Selbststudium angeeignet haben
wollte, prüfen lassen. Diese Probe fiel überaus günstig für Brand¬
Budapesti Hirlap,
hofer aus und Reinhardt war vielleicht stolz, die Reihe seiner Ent¬
deckungen mit der Kaspar Brandhofers fortsetzen zu können. Durch
13.18.1956
seine Vermittlung kam Brandhofer an das Theater in der
Josefstadt in Wien, wo er in dem nach einer Novelle von Arthur
vom:
A tiroli Iszinesz-
Schnitzler bearbeiteten Bühnenstück „Fräulein Else“ in der Rolle des
Herrn von Dorsday einen dem Widerhall in der Presse nach zu
östenetsegl bs nas becsi
szinnázi erdekessegek. p. p.
Begreiflich begann sich rach dem erfolgreichen Auftreten die Wiener
Presse mit dem bärtigen Tiroler, der sich nicht entschließen konnte, sich
Mäsik jelentos eseménye a bicsi szin¬
von seinem Vollbart zu trennen, sehr lebhaft zu beschäftigen. Es er¬
häzi évadnak Schnitzler „Elza kisasszong'
chienen Unterredungen, Plaudereien, Besprechungen mit so lockenden
Ueberschriften („Vom Pflug zum Theater“, „Ein Bauer als Schau¬
cimü novelläjanak a dramatizält elöadäsa.
spieler“ usw.), daß einem aus den Zeilen beinahe schon ländlicher
A dramatizälas Ernst Lothar sikerült
Geruch in die Nase stieg. Bei den Proben benahm sich Brandhofer
munkaja. A darabnak sikere volt, különö¬
mmer sehr urwüchsig. faßte aber sehr schnell auf. Manche Dinge ließ
gen sikere volt egy eddig Bécsben nem is¬
er sich vom Spielleiter einige Male erklären, bis es richtig klappte.
mert szinésznek, Kasper Brandiofernek,
Die Journalisten schmückten ihre Berichte oft auch mit Einzelheiten
aus dem bäuerlichen Vorleben Brandhofers und widmeten dem vom
tört ki.
Theaterteufel besessenen Bauern unentwegt Spalten über Spalten.
Keinem dieser findigen Zeitungsleute fiel es allerdings je ein, sich
A lapok nagy interjukat közöltek Kas¬
einmal genauer nach der Lage des Bauernhofes, von dem sich Brand¬
par Bandhoferröl, aki egy tiroli hegyi le¬
hofer so rasch getrennt hatte, zu erkundigen, auch an der Mundart
gelön päsztorkodott és ügy jelentkezett
hätte ein Kundiger wohl eine „neue Entdeckung“ machen können, daß
Reinhardtndl, aki elöször nem akarta fo¬
es nämlich mit der bäuerlichen Abstammung nicht sehr weit her sein
gadni, majd Helene Thimig kérésére meg.
könne.
hallgatta és olyan tehetségesnek talälta,
Da platzte plötzlich die Bombe! Was Reinhardt, Bassermann und
noge Lother-igazgatöhoz ajänlotta. Kaspar
manche andere Bühnengrößen — Irren ist ja schließlich menschlich!
zu¬
Brandhofer — aki maga igy mesélte el
entgangen war, das entdeckten die Kollegen, die mit Brandhofer
sammen auftraten. Unter ihnen munkelte man schon lange, daß der
szinpadi pälyafutäsät — credeti szakällä¬
blonde Vollbart zwar sonst echt, aber nicht schan immer blond gewesen
ral lépett fel, ezzel is ki akarvän fejezni
sein mußte, und auf einmal war es offenes Geheimnis, daß der
paraszti szärmazäsät. A siker pärdtlan
biedere Bauersmann Kaspar Brandhofer niemand anderer war als
relt. Az elsö pillanattöl kezdve érezte min¬
der seinerzeit, vornehmlich an Berliner Bühnen beschäftigte Schau¬
denki, hogy egy szinészi östehetség áll a
pieler Leo Reuß. Aus rassischen Gründen war ihm ein weiteres
szinpadon, akiuck egyénisége megkapja a
Auftreten im Deutschen Reich unmöglich geworden, daher ließ sich
Reuß nach längerem „Selbststudium“ den ursprünglich schwarzen Bart
nézôt. De eppen ez a tökéletes jäték tette
und die schwarzen Haare blond färben. Mit seinem schauspielerischen
az embereket gyanakodóvä. Megindultak a
Geschick war dann der „maskierte Bauer“ für seine Karriere bald
alälgafäsok és most végre kiderült, hogy
fertig. Wenn Reuß diese Komödie nicht nur dem Theaterpublikum,
Kospar Brandhofer nem mas, mint Leo
ondern wirklich auch seinen berühmteren Kollegen — was manche
Reusz, imert berlini szinész, aki azonban
Kreise allerdings bezweifeln — vorgespielt hat, so ist ihm sein Streich
ott nem tudott olyan sikert kivivni, mint
jedenfalls vollauf gelungen. Zu Schaden gekommen ist durch ihn nie¬
szerette volna. Mintegy härom évvel ezeiött
mand ein paar übereifrige Bauernkenner haben sich, was ja schließ¬
eltünt a berlini szinpadokrol és most mint
lich öfter vorkommen kann, blamiert.
Kaspar Brandhofer tünt fel Bécsben.
Die Leitung des Theaters in der Josefstadt hat übrigens nach der
Lüftung des Geheimnisses bekanntgegeben, daß sie „aus künstlerischen
A Jesefstädter Theater igazgatösäga ki¬
und menschlichen Gründen von einer disziplinären Behandlung ab¬
jelentette, hogy miteésn és emberi szem¬
tehe“. Weniger entgegenkommend dürfte sich wahrscheinlich die Poli¬
pontokböl nem indit figgelmi elldrdst ellene,
zei benehmen, denn sie muß nach dem Gesetz gegen Brandhofer=Reuß
unliert igy félrevezette a Szinhäzat 6s 2
wegen verschiedener Falschmeldungen vorgehen.
közönséget. Mindenesetre nem mindennar
mödja ez az ervényesülésnek, még a mai
vilägban sem, amikor a filmsztärok histö¬
riäi. elég fantasztikusak.
„Elza kisasszonynak“ a sikerét azonban
nemcsak cz a kitünd szinész alapozta meg,
hanem az egész elöadas, amelvnek közép¬
pontjäban Brandhofer-Reusz-on kivül Bus¬
sermann, Rese Strodner, Eisa Bussermann.
Erik Fren és a többi kitünd szinész älluak
Atökéletes elöadäst Hans Thimig rendezte.</Unicode>
            </TextEquiv>
        </TextRegion>
    </Page>
</PcGts>
