3296 4224
460 -11 508 35 VI.
1197 -18 1294 36 IVV
465 71 1349 140 ARGUS SUISSE ET INTERNATIO
681 119 1228 177 DE LA PRESSE S. A.
573 156 1325 226 23, rue du Rhöne - Genéve
457 211 1436 279 Adr. télégr.: Coupures-Genève — Tél. Stand 40.00
463 306 1448 375 Bureau International de coupures de journaux
575 355 1334 403 Traductions de et en toutes langues
474 465 1418 530 Correspondants dans toutes les grandes villes
442 587 855 653 Entrait du Journal:
455 682 637 762 Adresse:
1080 766 1381 870 Lt
448 784 574 857 Date:
592 1013 1346 1147 Araufführungen
810 1129 1092 1199 Fräulein Else.
844 1176 1061 1243 Capitol.
449 1217 1535 1304 Der Erfolg dieses Films heißt Elisabeth Vergner. Hier
371 1268 1542 1326 merkt man wieder den ungeheueren Unterschied zwischen Schau¬
370 1311 1544 1383 spielerin und Filmdiva; keine von den großen Filmkolleginnen
370 1352 1530 1408 des In= und Auslandes vermöchte es der Bergner gleichzutun.
367 1390 1531 1453 Diese kindlich=fröhliche, ahnungslose Else lebt, freut sich an
370 1428 1535 1484 allem: an der Reise, an dem Leben und Treiben in St. Moritz.
363 1464 1535 1521 Sie spielt nicht ihre Rolle, sondern sie ist wirklich das kleine
365 1505 1531 1561 Fräulein Else, ein bißchen scheu noch, voll instinktiver Abneigung
369 1548 1540 1603 gegen den unbekannten Freund ihrer Eltern. Wie sie in ihrer
370 1578 1539 1637 Verzweiflung, ihrem Schmerz, nach dem geliebten Papa weint
369 1620 1526 1677 und schreit, das kann eben nur eine wirkliche Künstlerin, wie sie,
368 1656 1535 1720 innerlich zerbrochen, doch den schweren Gang tut, vergiftet, mit
360 1696 1535 1762 unsicheren Füßen sich in die Bar schleppt, zusammenbricht das
364 1730 1523 1788 ist erschütternd menschlich echt. Ihr Gegenspieler ist Albert
362 1770 1526 1822 Steinrück, der vor wenigen Wochen zu Grabe getragen
364 1811 1532 1874 wurde; bezwingend im Ausdruck, schildert er den Kunsthändler
370 1848 1532 1908 von Dorsday überlegen, kalt, berechnend, brutal, Fräulein Else
360 1890 1532 1945 zerbricht an ihm. Paul Czinner führt Regie, sehr umsichtig,
363 1933 1521 1975 schafft das rechte Milieu (sehr hübsche klare Bilder), hält das
369 1960 1531 2019 Tempo, hätte aber doch die erklärende Einleitung kürzen können.
371 2001 1525 2057 Das Manuskript hat Arthur Schnitzlers Nopelke zum Vorwurf:
374 2040 1537 2085 Else, das unverdorbene, frische Madel, das, umd den über alles
371 2084 1530 2123 geliebten Vater zu retten, die schnählich Bedingung des an¬
377 2117 1533 2167 geblichen Freundes annimmt, und sie mit dem Tove quittiert.
376 2159 1535 2213 Von den übrigen Darstellern seien noch erwähnt: Jack Trevor
371 2186 1403 2247 und Albert Bassermann ein künstlerischer Erfolg.
748 2243 1163 2328 Der Sohn der Taiga,
573 2312 1343 2375 Terra=Lichtspiele Mozartsaal.
452 2357 1544 2428 Von dem Manuskript aber laßt uns schweigen! An diesem
377 2397 1533 2455 Vorwurf hat man sich längst sattgesehen, er ist für uns nicht
385 2447 1528 2491 mehr aktuell: Bürgerkrieg, Kampf der roten und weißen Garde
383 2484 1532 2531 Krieg im eigenen Hause, Kämpfe. Mord und Totichlag und
383 2519 1530 2574 glückliches Ende. Auch die Regie (Benjamin Chrisetanson)
380 2562 1542 2611 bringt nicht viel neue Momente. Einzig die Darstellung, sehr
375 2599 1530 2649 gute Besetzung. Ueberragend Lon Chaney als Pawel, der sibi¬
381 2644 1542 2684 rische Bauer, der nur langsam den zersetzenden Hetzreden des in¬
378 2678 1529 2726 triganten Ivan (prachtvoll von Karl Huszar charakterisiert)
378 2716 1535 2761 erliegt. Stark im Ausdruck er verliert nicht einen Augenblick
381 2754 1540 2808 seinen Stil, ob er den einfachen, schwerfälligen Sibiriak spielt
370 2790 1530 2837 oder den aufgerüttelten betrunkenen Revolutionär mit tier¬
380 2826 1543 2885 haften Instinkten. Bis er wieder, bezwungen durch Tatjanas
374 2870 1533 2912 Edelmut, der alte treuergebene Pawel ward, der für sein Müt¬
370 2893 1542 2950 terchen“ sein Leben läßt. Sehr sympathisch und ausdrucksreich
384 2942 1540 2990 st Barbara Bedford als Tatjana, spielgewandt: Ricardo
375 2983 1535 3036 Cortez als Dimitri. Ein Vorprogramm mit sehr gutem Kul¬
379 3021 1541 3069 turfilm der Ufa und einer lustigen amerikanischen Lausbuben¬
374 3054 555 3121 Groteske.
742 3107 1181 3188 Gefanigene des Meeres.
775 3169 1135 3242 Marmorhaus.
456 3207 1546 3275 Ein deutsch=russischer Gemeinschaftsfilm, mit russischen Schau¬
374 3249 1542 3329 spielern und einem deutschen Negisseür. Im übrigen aber eine
378 3303 1546 3352 Geschäfts= und Familienangelegetheit der Sowjets, die sich im
383 3348 1551 3396 großen und ganzen im Niveau unserer Unterhaltungsfilme be¬
378 3383 1541 3428 wegt und auf die Begeisterung für russische Filme spekuliert.
369 3420 1547 3468 Ein sehr unbeholfenes Manuskript, das Gelegenheiten gibt, edle
378 3459 1544 3500 Sowjetpatrioten von allen Seiten zu beleuchten, das die russische
383 3498 1539 3547 Kriegsmarine in ihrem harmlos schönen Dasein in Sewastopol
383 3544 1533 3590 zeigt, Spione, Verräter und geliebte Mädchen durcheinander
385 3577 1535 3622 mischt. Kurzum, eine recht gewöhnliche Affäre die auf russische
387 3612 1547 3657 Staatspropaganda hinausläuft im Gewande eines Kriminal¬
383 3636 1549 3715 stückes. Viele von denen, die sich gewohnheitsmäßig für solche
376 3688 1548 3732 russische Einfuhr begeistern, würden sehr erböst sein, wenn man
384 3726 1541 3770 eine ähnliche Propaganda für die deutsche Marine unternähme.
376 3766 1549 3809 Das beste an dem Film ist das diskrete und wenig gestellte
385 3799 795 3870 Spiel der Schauspieler.
749 3847 1180 3928 Der lebende Leichnam.
577 3907 1346 3976 Ufa=Pavillon Nollendorfplatz.
449 3959 1544 4030 Der deutsch=russische Gemeinschaftsfilm „Der lebende Leich¬
383 4012 1548 4055 nam“ nach dem gleichnämigen Drama von Leo Tolstoi ist in das
1879 45 2011 131 31.
2049 47 2721 119 Fraeulein Else
2904 51 3224 136 box 5/3
