3248 4384
396 122 794 193 und der größte Vort
1244 119 1582 186 Ernst Lothars,
644 1266 1324 1351 Rose Stradner und Kaspar Brandhofer.
383 1318 1581 1406 daß sie diese Schatten des Niedergangs, diesen Geruch einer
387 1392 1581 1471 falschen und schlechten Sphäre, von dem Vorwurf genommen hat,
389 1445 1582 1500 obwohl die neue Form zwang, die Konturen zu verschärfen,
380 1487 1481 1559 vieles deutlicher zu sagen, „nackter“, wie es im Text heißt.
488 1550 1579 1616 So schuf der bedeutende Kenner der Psychologie und Ethik
377 1584 1575 1668 des Rechtslebens eine neue Figur, die ich unbedingt dem ganzen
388 1645 1575 1699 Stück vorziehe, jenen Rechtsanwalt, der in sein großes und
390 1694 1576 1753 reines Bestreben, zu helfen, hilflos verstrickt wird. Ich frage
387 1735 1583 1798 nicht, ob es möglich ist, als Rechtsanwalt in so hemmungslosem
378 1782 1580 1842 Altruismus alt zu werden, die Figur ist groß, wie sie ist. Ihre
389 1836 1574 1895 Darstellung durch Albert Bassermann neuerlich vollendet,
388 1888 1575 1951 eine neue Stufe der Meisterprägungen alter, durch Schmerz
384 1944 1573 1996 geläuterter Charaktere, die wir ihm nun schon seit Monaten
387 1982 1576 2035 danken. Dieses Abendessen zwischen Leben und Tod, dieser Seiten¬
383 2024 1578 2095 blick auf das Telephon, diese flatternden, schlecht beherrschten
383 2077 1574 2139 Hände, dieser Moment, da der alte Mann sich vom Tisch
381 2128 1569 2192 erhebt, um sein Verbrechen hinauszuschreien, das nichts
384 2180 1388 2239 als Güte war — wir werden kaum Größeres sehen.
481 2233 1578 2301 Indessen telephoniert Else. Sie telephoniert etwas viel,
369 2279 1577 2339 dieses Instrument bot sich dar, um den Monolog bequem zu
381 2318 1571 2386 verschlucken. In ihr schuf der Bearbeiter, der große Kenner der
379 2372 1567 2436 Psychologie des Kindes (und der Eltern), gleichfalls eine fast
371 2427 1569 2479 neue Figur. Nach Lothar ist Else naiv, kindlich naiv, sie liebt
380 2468 1579 2529 Paul und verabscheut Cissy, ohne daß diese Gefühle von den
379 2520 1572 2579 aufkeimenden erotischen Reflexen der Novelle gestört würden.
388 2563 1574 2623 So manches, was an dem Hergang peinigend ist, hat Lothar
380 2608 1571 2665 für mich durch den einen Satz der sterbenden Else wieder gut¬
386 2665 1570 2717 gemacht: „Du bringst mir immer was mit, Papa. Es kostet
385 2711 660 2772 doch soviel ...“
489 2758 1561 2824 Der Satz wird von Rose Stradner gesprochen, mit
393 2804 1575 2869 chwerer Zunge gelallt. Dieses Sterben erst vollendet unsere
386 2856 1566 2913 Sympathie. Je näher es kommt, desto größer, desto reiner wird
380 2898 1567 2960 die Leistung der Schauspi ierin. Das traumverlorne Wandeln
376 2953 1570 3018 zwischen Leben und Tod# as Abbild des vehementen Vaters),
380 3000 1564 3052 der furchtbare Zwiespalt, ischen der Stimme des Geliebten
383 3049 1573 3099 und dem Giftglas, es sind große, wahrhaft reine Momente. Die
380 3097 1567 3147 Gestalt des Dorsday hat der Bearbeiter belassen wie sie ist, aber
374 3138 1565 3200 ein überraschend starker Darsteller, Herr Brandhofer, hat
378 3193 1574 3245 eingegriffen und versucht, uns das Abscheuliche als einen macht¬
379 3242 1510 3289 vollen inneren Zwang glaubhaft zu machen. Erst: versucht
376 3284 1566 3336 es liegt aber in seinen Gesten, in seinen Augen (noch nicht in
378 3330 1571 3393 der Stimme) eine Kraft, von der wir mit Sicherheit sehr
379 3376 1117 3442 Schönes und Großes erwarten können.
475 3429 1576 3499 Von den übrigen Darstellern seien Frau Bassermann
1340 3470 1469 3526 neuuel
367 3505 1470 3568 -epungpulA  pun Legterg oo# esuer
371 3559 1470 3608 ueper onig ung unequuen dep ine neuuetgeif, pan isuttel
375 3588 1506 3665 epfeld #feog fep ul 41ezjeldsuredo fop uniseg :93 pusjseM
1081 3638 1477 3702 ###beg dep uruosged
371 3690 1466 3743 zanuog jep (ogetof uod nuuoperg dep „esu0 equeg“ dep
366 3732 1510 3810 Junaunflegen nereqiepunn fep zeteff :Of sid ¾ uoA 019107
1823 143 2484 219 31. Fraeulein
2480 143 2684 220 Else
2002 185 2283 249 erenn S u
1951 654 2735 834 Badgastem
1968 900 2365 998 Heilkräftigste
1961 984 2736 1072 Radiumtherme der Welt!
2200 1093 2746 1175 Verlangen Sie Prospekte
2197 1158 2740 1221 von der Kurkommission!
2194 1320 2700 1439 „OBSERVER
2202 1432 2733 1503 Erstes österreichisches be¬
2204 1494 2750 1547 hördlich konzessioniertes
2212 1544 2503 1606 Unternehmen
2204 1593 2751 1663 für Zeitungsausschnitte
1976 1639 2239 1724 WIEN, I.,
1975 1705 2756 1773 Wollzeile 11 : Telephon R 23-0-43
1964 1848 2678 1955 Ausschnitt,an Wienen fnchlatt
2259 1887 2340 1960 1e8
2668 1861 2810 1952 Wien
1975 1999 2094 2068 vom
2363 1978 2783 2101 3DEZ 930
2803 2088 2944 2225 s1
1954 2132 2340 2238 Reater
1958 2242 2902 2354 Theater in der Josefstadt.
1894 2351 3020 2413 Arthur Schnitzlers großartige, in ihrer epischen
1829 2405 3018 2458 Konzision und Virrnosität tief in seelische und soziale
1826 2452 3010 2505 Hintergründe hineinleuchtende Novelle „Fräulein
1833 2501 3026 2564 Else“ zu dramatisieren: dieses Wagnis hat Ernst
1820 2548 3006 2599 Lothar unternommen. Es ist ihm jedenfalls ge¬
1824 2592 3022 2667 lungen, ein ungemein wirkungsvolles Schauspiel in
1819 2643 3015 2702 sieben Bildern zu konstruieren, das sicherlich seine
1824 2696 3011 2748 Schuldigkeit tun wird; nicht zuletzt dank einer
1819 2746 3011 2805 glänzenden Aufführung, die ein erstaunliches Debüt
1820 2787 3017 2845 bringt: Herrn Brandhofer als Dorsday. Die
1824 2832 3014 2890 überraschende Rolle, die von dem Dramaturgen dem
1820 2886 3013 2940 Dr. T. zugedacht worden ist, wird von Bassermann
1816 2932 3018 2988 herrlich gespielt, und als Fräulein Else versteht Frau
1824 2981 3017 3041 Stradner zu ihrer blendenden Eleganz auch einen
1832 3023 3018 3085 sehr effektvollen psychologischen Schmuck zu tragen.
1819 3075 3024 3154 Ueber den außerordentlich erfolgreichen Abend soll
1820 3125 2840 3204 morgen noch ausführlicher gesprochen werden.
2849 3165 2938 3252 -eh-
2848 148 3196 237 box 5/4
