3248 4384
539 81 1289 150 Dadgasten
535 225 937 329 Heilkräftigste
533 319 1316 398 Radiumtherme der Welt!
777 426 1309 502 Verlangen Sie Prospekte
774 487 1319 561 von der Kurkommission!
758 652 1275 765 „OBSERVER
762 770 1305 836 Erstes österreichisches be¬
768 824 1306 882 hördlich konzessioniertes
762 869 1065 933 Unternehmen
764 919 1306 996 für Zeitungsausschnitte
539 956 785 1048 WIEN, I.,
526 1032 1322 1121 Wollzeile 11 : Telephon R 23-0-43
525 1168 857 1240 Ausschnift aus
533 1320 659 1390 vom
991 1305 1176 1397 St. Wien
951 1406 1158 1501 A.DEZ
507 1471 1576 1597 „Fräulein Else in der
858 1595 1272 1728 sosefstadt.
561 1740 1611 1791 Aus der Novelle Axtur Schnitzlers ist nun¬
483 1779 1614 1841 mehr ein Schauspiel geworden! Ernst Lothar hat sie
488 1831 1608 1883 für sein Theater dramatisiert und bringt seine Legiti¬
484 1918 1607 1970 sich über die Möglichkeiten dieser Dramatisierung einmal
484 1961 1613 2015 mit dem inzwischen heimgegangenen Dichter unterhielt,
494 2012 1608 2059 ondern vielleicht mehr noch dadurch, daß er selber ein
483 2040 1608 2101 Dichter ist. So kann es nicht weiter wundernehmen, daß
487 2091 1615 2141 wir sein Bemühen, den Stoff aus der epischen Form in
484 2124 1615 2176 die dramatische überzuleiten, von soviel Glück begleitet
476 2174 1619 2229 sehen, wie dies nur irgend möglich ist. Restlos konnte es
485 2209 1610 2267 nicht glücken, denn die Idee der Handlung ist eine an sich
486 2260 1610 2310 schon epische und wäre sie dies nicht, so hätte sie den
482 2301 1615 2354 Dramatiker Schnitzler wohl schon im ersten Augenblicke
476 2387 1616 2440 sprungen. Erstaunlich aber und aller Ehre wert, wie
480 2428 1605 2480 Lothar den Gang der Novelle, die bekanntlich aus einem
484 2472 1609 2527 einzigen, ungesprochenen Monologe besteht, in Szenen
477 2517 1616 2565 und Dialoge aufzulösen versteht und wie er durch
488 2558 1616 2609 mancherlei Dazuerfinden dem Theater zu geben weiß,
475 2599 1619 2646 was des Theaters ist. Meisterhaft vor allem ein Bild, in
484 2636 1614 2692 dem er die Eltern Elses in das Spiel einführt und die
476 2685 1616 2745 Bedrängnis des in äußerste Gefahr geratenen Vaters, der
478 2727 1611 2776 von dem Wiener Elternhause aus mit dem in den Süd¬
487 2772 1606 2827 tiroler Berger weilenden Mädchen telephonisch spricht, als
477 2818 1610 2863 treibendes Moment in das Spiel einsetzt, als eines jener
475 2862 1605 2916 Momente, die zur Katastrophe führen. Die Figur dieses
480 2901 1616 2951 Vaters ist frei und dichterisch erfunden, wie mancherlei
479 2945 1113 2998 anderes an der Dramatisierung.
559 2986 1611 3041 Bei aller Achtung vor der Arbeit Ernst Lothars ver¬
487 3026 1606 3077 mag man indessen nicht zu verschweigen, daß dieser Abend
488 3074 1609 3128 nicht wie lebendiges Theater aus heutiger Welt wirkt,
479 3119 1603 3168 sondern wie Beschwörung von Schatten aus einer Welt
486 3158 1612 3213 von gestern und vorgestern. Schnitzlers Stücke sind ja, mit
486 3199 1609 3255 ganz wenigen Ausnahmen, gestriges und vorgestriges
486 3243 1607 3292 Theater geworden, die heutige Bühne weiß mit ihnen
483 3285 1612 3337 kaum noch etwas anzufangen. Welchen Raum und Rang
486 3334 1598 3386 sie in unserer Erinnerung einnehmen mögen, sie sind
476 3368 1598 3418 Erinnerung geworden und die jungen Menschen von heute
477 3413 1604 3468 haben zu ihnen keine Beziehung mehr. Naht ihr euch
483 3463 1602 3507 wieder schwankende Gestalten? Sie nahen sich wieder:
474 3499 1604 3550 Die verheiratete Frau, die sommerliche Wochen im
486 3537 1607 3593 Gebirge dazu benützt, ein Verhältnis mit einem jungen
1510 3582 1607 3634 aber
470 3587 1512 3640 Burschen anzufangen, das Mädchen aus „gutem",
477 3631 1608 3683 verarmten Hause, das Geld herbeischaffen soll, den Preis,
479 3674 1599 3723 der dafür gefordert wird, nämlich Verleugnung aller
474 3716 1601 3764 mädchenhaften Scham und Zucht, wohl bezahlt, aber
482 3752 1598 3813 solche Demütigung ihres Stolzes nicht verwindet, sondern
475 3805 1598 3852 nach vollbrachtem Opfer in den Tod geht. Der alternde
477 3848 1607 3902 Mann, den seine unnatürlich aufgepeitschen Lüste dazu
473 3891 1599 3938 verleiten, von dem Mädchen diese Tat brutal zu ver¬
474 3917 1606 3983 langen. Alle diese Menschen sind Schnitzlers Menschen,
473 3967 1598 4051 spielerisch ihren Lüsten und Leidenschaften verhaftete
1735 124 1880 202 31.
1931 127 2595 199 Fraeulein Else
1639 1454 2770 1514 Nichtstuer oder angekränkelt von des Gedankens Blässe,
1644 1510 2773 1553 wurmstichige Menschen ohne Saft und Kraft. Ihnen in
1652 1552 2769 1606 der heutigen Welt wiederzubegegnen, die helläugige
1656 1595 2772 1647 gesunde Jugend benötigt wie kaum eine andere zuvor,
1652 1632 2768 1687 ergibt kein erfreuliches Wiedersehen. Und solches Theater
1644 1679 2782 1723 weist wahrhaftig keinen neuen Weg in die Zukunft,
1658 1719 2782 1788 sondern erzählt nur von dem verdienten Verfall einer
1650 1768 2429 1816 Gesellschaft, der wir nicht nachtrauern.
1730 1807 2785 1861 Die Aufführung der Josefstadt, der ausgezeichneten,
1648 1837 2591 1901 alle Peinlichkeiten zart dämpfenden Regie
2592 1852 2788 1906 Hans
1648 1929 2781 1987 spielerischen Belangen auf respektabler Höhe stehenden
1648 1978 2786 2021 Theaterabend. Die etwas spröde, trotzig=stolze Mädchen¬
1645 2022 2771 2073 haftigkeit der Rose Stradner als Else ist sehr
2000 2236 2419 2324 PALMERS
2032 2373 2385 2469 Strümpfe
1862 2457 2574 2542 Grönring-Strumpf 260
1853 2521 2179 2586 Extra-Zwirnstrumpf
2258 2521 2572 2589 2.90
1852 2567 2517 2641 Korea-Strumpf, feinmeschig 4
1861 2645 2574 2738 im KRAMPUS-Sacen
1657 2890 2776 2952 glücklich in das Spiel gesetzt, Herr Bassermann
1649 2938 2773 2987 beherrscht das eine, einzige Bild, in dem er auf der
1644 2986 2779 3034 Bühne ist, mit der ganzen Gewalt seiner edlen Mensch¬
1641 3024 2772 3078 lichkeit, in kleineren Rollen bieten Frau Geßner,
1657 3066 2777 3115 Frau Bassermann, Herr Frey, Frau Skalla,
1653 3114 2776 3171 Frau Woiwode, Herr Brebeck überaus gerundete
1647 3156 2766 3206 und gereifte Leistungen. Die Sensation des Abendes
1648 3192 2777 3242 aber bildete das erste Auftreten eines neuen Mannes:
1652 3237 2780 3297 Kaspar Brandhofer. Er kommt mit krasvoll
1651 3275 2767 3335 wuchtigen Schritten unmittelbar aus den Tiroler oder
1653 3326 2777 3391 Salzburger Bergen auf die Bühne, ein Bauer, dem
1648 3362 2774 3419 inbrünstig eigenes Ringen soviel Können verschafft hat,
1643 3406 2765 3462 wie nur wenigen anderen Künstlern die besten Schulen.
1649 3454 2686 3515 Er tritt als völlig Fertiger auf den Plan, fertig
2716 3456 2779 3503 in
2680 3470 2714 3498 410
1643 3495 2763 3547 Spiel und Sprache, ausgezeichnet durch das höchste Glück
1648 3536 2764 3592 der Erdenkinder und der Schauspieler im besonderen:
1652 3582 2771 3634 Persönlichkeit. Diese Persönlichkeit hat in ihrer Kraft
1646 3624 2762 3669 bisweilen etwas Bedrohliches und Beklemmendes. Wieviel
1642 3668 2764 3719 große Aufgaben könnte man sich für ihn denken! In
1648 3709 2761 3752 der Rolle freilich, die seine erste ist, kann er nichts mit¬
1648 3747 2676 3794 bringen von der reinen Luft seiner Heimatberge. —
1643 3792 2647 3844 Bühnenbilder von Niedermoser und Haas
2647 3796 2769 3848 sind
1639 3832 2766 3893 von außerordentlichem Reiz. Das Publikum feierte
1652 3879 2769 3928 türmisch immer wieder vor allem die Hauptdarsteller,
1644 3925 2763 3990 Bassermann, Brandhofer, die Stradner, und zum Schlusse
1637 3967 2254 4028 auch den Direktor des Hauses.
2666 3963 2743 4038 B.
2767 130 3121 222 box 5/4
