3248 4384
1261 163 1609 278 box 5/4
232 176 1103 261 31. Fraeulein Else
840 241 1038 296 ——
1019 534 1334 688 SSEE
534 643 570 698 8
770 634 1726 728 L. österr. bebordl. konzessioniertes Unternehmen für
509 690 556 751 7
1062 714 1448 764 Zeitungs-Ausschnitte
534 750 597 814 14
928 741 1589 826 WIEN, I., WOLLZEILE 11
1071 810 1458 894 TELEPHON R 23-0-43
778 889 1731 1002 Ausschnitt aus: „NEUES WIENER JOURNAL“
1159 1097 1587 1205 26 HOV. 1036
785 1146 886 1202 vomz
715 1516 1809 1613 Im Theater in der Josefstadt wurde die Ur¬
606 1597 1799 1660 aufführung von Schnitzlers „Fräulein Else“ in der Be¬
614 1636 1804 1725 arbeitung Cense Lorhäts auf Mittwoch den 2. Dezember vor¬
616 1696 812 1778 verschoben.
593 2121 1428 2215 CASINOS IN ÖSTERREICH
699 2204 1348 2264 BadenSalzburgSemmering
597 2236 1438 2320 Roulette — Baccara — Chemin de fer
602 2313 1436 2381 Osterreichische Casino A. G.
606 2356 1448 2422 Wian III, Schwarzenbergplatz 5a
598 2463 1104 2575 „OBSERVER“
850 2522 1445 2600 I. österr. behördlich konzessioniertes
845 2579 1444 2635 Unternehmen für Zeitungs-Ausschnitte
850 2624 1439 2675 Wien l, Wollzeile 11, Telephon R-23-0-43
600 2797 950 2871 Ausschnitt aus:
793 2809 1391 2934 Neues Wiener Abendblatt
927 2906 1360 3005 26 NOV. 1936
409 3076 1453 3184 Die Weihnachtspremiere in der
773 3154 1108 3249 Josefstadt.
400 3232 1523 3326 Nach der am 2. Dezember stattfindenden Uraufführung
321 3298 1520 3371 der von Ernst Lothar dramarisierten Schnitzler=Novell¬
331 3359 1522 3422 „Fräulein. Else“ geht als Weihnachtspremiere de¬
332 3414 1504 3489 Theater. in der Josefstadt „Matura“ von Ladislaus Fodo
331 3470 1507 3523 in Szine. Das Stück weist folgend. Besetzung auf: De¬
331 3523 1511 3587 Direktor einer höheren Mädchenschule spielt Anton Edthofer
324 3595 1520 3658 zwei Professoren werden von Fritz Lelius und Hans Thimig
324 3639 1511 3706 dargestellt den Schuldiener spielt Alfred Neugebauer zwei
326 3686 1516 3750 Lehrerinnen stellen Adrienne Gßner und Sibylle Binder
319 3744 1516 3808 dar Jane Tilden spielt eine Turnlehrerin. Die Hauptrolle
732 3799 1493 3864 n Klasse, wird von Bilde stahl dal
325 3846 1513 3927 gestellt. Die Regie führt Albert Heine, die Bühnenbilder
325 3905 849 3977 entwirft Billy Bahner.
2441 524 2711 667 26.NOV.
2308 613 3048 744 Im Theater in der Josef¬
2173 701 3057 792 stadt geht am Mittwoch, den 2. Dezember,
2175 725 3058 829 8 Uhr die U aufführung des Schauspieles
2198 776 3063 880 Fräulein Else“ von Schnitzler in
2180 865 2322 918 Szene.
2607 983 2839 1100 Die Sandt
2385 1145 2656 1295 27.NOV.
2189 1466 3050 1535 „Fräulein Else“-Premiere am 2, Dezencher
2240 1521 3060 1581 Die Premiere ven Sehnitzlers „Fräu¬
2200 1566 3058 1621 lein Else“, in der Bearheitung von Dek¬
2200 1606 3058 1683 ter Ernst Lethar, wurde auf den 2. De¬
2194 1650 2579 1717 zember festgesetst.
2263 1859 2870 1997 imes Wiener Tachlatt, Wiet
2526 1995 2881 2129 27.90V. 8
2191 2223 3254 2320 (Die Premiere von „Fräulein Else“.) I
2086 2287 3253 2358 Theater in der Josefstadt finden von „Monsignor
2087 2349 3253 2407 große Stunde" und „Es kommt nicht zum Krieg“ nur no
2090 2384 3243 2450 fünf Aufführungen statt. Mittwoch, den 2. Dezember gelan
2090 2425 3062 2493 das Schauspiel „Fräulein Else“ nach Artu¬
2089 2443 3245 2547 mit den Damen Else Bassermann, Geßner, Staulck. Stradne
2085 2510 2996 2568 Woiwode, den Herren Albert Bassermann,
3044 2513 3243 2577 Brandhofe
2083 2551 3254 2616 Brebeck, Frey zur Aufführung. Regie Hans Thimi
2089 2594 3002 2654 Bühnenbilder Architekt Otto Niedermoser.
2144 2632 2962 2693 Maßgebendes polltischer d. Wirtschäftsge:5 Organ.
2160 2689 2975 2751 Wirkungsvolles Insera'enblatt. Täglich zwei Ausgaben.
2431 2721 2667 2775 4 dministration:
2264 2757 2852 2821 WIEN, I. FICHTEGASSE 9—11.
2606 2876 2659 2930 6
2153 2862 2611 2982 „OBSERVER
2381 2946 2966 2998 I. österr. behördlich konzessioniertes
2386 2996 2972 3031 Unternehmen für Zeitungs-Ausschnitte
2388 3024 2965 3070 Wien, I. Wollzeile 11, Telephon R-23-0-43
2340 3124 2786 3186 Ausschnitt aus der
2160 3173 2971 3260 „NEUEN FREIEN PRESSE“
2164 3331 2299 3403 vom:
2469 3360 2883 3468 27 M0V 1938
2490 3524 2641 3626 Al
2070 3623 3122 3728 Im Theater in der Josefstadt finden von Lavarys
1987 3690 3127 3770 Schauspiel „Monsignores große Stunde" und Girau¬
1994 3746 3130 3804 doux' „Es kommt nicht zum Krieg“ nur noch fünf
1990 3780 3116 3852 Aufführungen statt. — Mittwoch den 2. Dezember gelangt
1984 3821 3117 3895 das Schauspiel „Fräulein Else“ nach Arthur Schnitzler, mit
1990 3865 3116 3935 den Damen Else Bassermann, Adrienne=Geßner,Lilian=Skalla,
1994 3908 3113 3983 Rose Stradner und Lina Woiwode sowie den Herren Albert Basser¬
1986 3962 3120 4019 mann, Kaspar Brandhofer, Max Brebeck und Erik Frey zur Auf¬
1987 3993 3108 4072 führung. Regie: Hans Thimig. Bühnenbilder: Architekt Otto
1982 4033 2219 4092 Niedermoser.
