3248 4384
1295 808 1610 900 Wien, Freitag
525 806 727 897 .10
481 896 1669 978 Elses Vater ein edler Menschheitsapostel, ein Opfer
484 960 1669 1029 seiner unbezwinglichen Nächstenliebe, ein Parsifal des
471 1005 1660 1079 Barreaus. So wird aus Fräulein Else selbst, einem
475 1054 1665 1118 hochmütigen, mehr in seinem Stolz und in seiner
475 1108 1661 1166 Eitelkeit als in seiner Ehre verletzten Luxusgeschöpf.
470 1156 1657 1214 beinahe eine jungfräuliche Marlitt=Seele. So wird aus
471 1204 1661 1271 der im Grunde bösartigen Tante Emma eine liebevolle
471 1250 1659 1322 Tante schlechthin. So wird aus dem vorsichtig seine
475 1306 1463 1376 vulgäre Gewöhnlichkeit dissimulierenden
1461 1307 1669 1379 Herrn
463 1348 1654 1417 v. Dorsday ein „verdrängter“ fast tragischer Ro¬
476 1401 682 1463 mantiker.
546 1440 1661 1522 Lothars Schauspiel zeugt von außerordentlicher
464 1498 1665 1558 Geschicklichkeit und einem bewunderungswürdigen
480 1547 1657 1606 Flair für den theatralischen Effekt, der zum Schluß auch
480 1600 1660 1664 das Kitschige nicht verschmäht. Aber man darf
472 1644 1662 1707 Schnitzlers Novelle eigentlich nicht kennen. Oder man
477 1694 1663 1762 darf sie wenigstens nicht vor der Ausführung wieder
473 1746 1663 1799 gelesen haben. Das Publikum freilich war mit dieser
480 1793 1169 1845 Transformation sehr zufrieden.
536 1838 1662 1890 Besonders, da Aufführung und Aufmachung des
476 1886 1648 1942 Ganzen eine „Sensation“ ist, wie sie nur das Josef¬
480 1933 1658 1986 städter Theater zu bieten vermag. Eine Sensation schon
465 1986 1648 2045 das Debüt des Herrn Brandhofer als Dorsday
472 2028 1647 2096 Stupend die souveräne Ueberlegenheit, mit der er,
460 2082 1659 2143 zum erstenmal auf einer Bühne, sich bewegt. Stupend die
472 2130 1653 2187 sichere Konsequenz, mit der er die Gestalt durchführt:
467 2180 1652 2244 ein von verhaltener Wildheit vibrierender Mensch
469 2228 1652 2280 brutal und zugleich zartfühlend, zynisch und gegen das
471 2278 1656 2333 eigene Schicksal rebellierend, vom Geld wie von einem
474 2321 1646 2386 Fluch gezeichnet, von Sehnsucht berauscht und von Enr¬
465 2371 1648 2416 täuschung verbittert. Großartig der Augenblick, da e
473 2418 1650 2477 auch bei Fräulein Else die Erfahrung machen muß, daß
466 2464 1654 2532 jeder von ihm nur dasselbe will: Geld. Großartig
461 2525 1650 2575 manche in ihrer Lautlosigkeit doppelt intensive Aus¬
460 2560 1656 2620 brüche. Geringfügige mimische Uebertreibungen, wie
467 2612 1648 2673 das wiederholte Fletschen der Zähne, fallen angesichts
467 2659 1654 2713 dieser Gesamtleistung nicht ins Gewicht. Fräulein Else
466 2708 1647 2771 ist Frau Stradner; sie entfaltet eine blendende
463 2759 1647 2813 Eleganz und versteht durch eine nervöse Sensibilität zu
465 2803 1652 2861 interessieren, durch einen Ton von Einfachheit zu er¬
463 2852 1655 2917 greifen. Den Dr. T. spielt Bassermann, und dieser
469 2902 1653 2960 herrliche Künstler vermag sogar alles Unwahrscheinliche
466 2955 1652 3008 zu einem erschütternden Menschenschicksal zu verzaubern.
462 2999 1654 3052 Hervorragend Frau Woiwode und Frau Skalla.
471 3046 1654 3097 Das brillante Ensemble wird noch von den Damen
463 3095 1649 3161 Bassermann, Geßner, Solms, den Herren
467 3143 1656 3200 Frey und Brebeck ergänzt. Die Regie des Herrn
468 3192 1652 3250 Hans Thimig überläßt bis ins letzte Detail nichts
458 3239 1653 3294 dem Zufall, und die von den Herren Niedermoser
459 3295 1641 3368 und Haas entworfenen Bühnenbilder geben Muster¬
458 3338 1147 3408 beispiele moderner Hotelkultur.
540 3426 1653 3514 Es war ein großer Erfolg für den Autor und die
460 3490 1647 3545 Darsteller. Ernst Lothar kann sich bei Schnitzler be¬
469 3543 1643 3627 danken. Ob sich auch Schnitzler bei Ernst Lothar be¬
454 3582 833 3648 danken würde...
1160 3611 1620 3723 Moriz Scheyer.
480 3762 1588 3873 Ein Volksstück im Deutschen
804 3839 1312 3940 Volkstheater.
503 3929 1611 4008 „In der stillen Seitengasse“ von Andreas Thom.
532 3997 1647 4077 Wenn die Gegenwart sich breit ausladend und alles
464 4063 1656 4133 beherrschend auf den Hauptplatz des Lebens setzt,
464 4111 731 4178 Latik Brunn
1020 4117 1068 4160 n0
1178 4108 1398 4166 HEE
2065 806 2588 886 Neues Wiener Tagblatt
1700 912 2878 983 gestiegen ist und mit dem Wiener Team in London
1700 975 2875 1035 „faschiert“ wird. Dieser Gesell ist mit der Sattlertochter
1706 1024 2877 1072 verbandelt, während der Sattlersohn, der auch vom
1696 1066 2876 1122 väterlichen Gewerbe abschwenkt, mit der Hausherrn¬
1697 1116 2877 1165 tochter „geht“. Der alte Lokomotivführer, eine meister¬
1704 1161 2884 1222 haft durchgearbeitete humorvolle Rolle des viel zu
1693 1214 2880 1265 wenig beschäftigten Hans Homma, hat eigentlich nur
1691 1260 2872 1315 das Amt eines Räsonneurs, und doch macht er das
1697 1302 2603 1361 Rennen und geht als Gewinner ins Ziel.
1763 1353 2876 1407 Das ist, wie gesagt, alles weit mehr Milieu als
1689 1405 2884 1476 Komposition — das Stück ist kaum recht exponiert und
1696 1453 2798 1512 hat namentlich anfangs allerlei szenische „Löcher“
1693 1501 2883 1561 aber diese Milieuschilderung ist glänzend, voll Leben
1695 1552 2872 1601 und Farbigkeit, die daran gemahnt, daß Andreas
1690 1598 2871 1653 Thom auch Maler ist. Er hat hier viel von der Wärme,
1692 1641 2878 1692 die durch seine Romane flutet, er hat als Menschen¬
1697 1674 2878 1740 bildner das herzhaft Zufassende, das man in seiner
1700 1738 2880 1792 Epik schätzt. Nach seiner eigenen Aussage sind ihm ja
1687 1782 2880 1837 die Menschen dieser Komödie von seinem bekanntesten
1684 1832 2886 1888 Roman „Vorlenz und Brigitte“ übriggeblieben. Die
1691 1878 2880 1942 Darstellung hat ihnen unter Heinrich Schnitlers
1697 1922 2879 1984 Führung blutvolles Leben gegeben. Ehmann hatte
2699 1965 2884 2027 eine im
1694 1967 2700 2020 als Sattlermeister seinen großen Abend —
1686 2010 2870 2065 Grundzug schlichte Leistung, die im Freudentaumel köst¬
1690 2059 2876 2121 lich hochgerissen wird. Das ist nicht nur der Sattler¬
1683 2112 2879 2167 meister Ellinger, dem etwas Glückliches widerfährt, das
1687 2161 2879 2210 ist die Gesamtheit des kleinen Mannes, der armen
1691 2206 2875 2259 Teufel, für die das Leben mit einem Male eine Tür
1687 2260 2865 2317 ns Helle, Strahlende aufstößt. In dieser lustigen
1683 2298 2871 2365 Szene haben die Zuschauer feuchte Augen, darin fühlt
1681 2349 2871 2405 man den Herzschlag Andreas Thoms, und um dieser
1679 2399 2869 2450 einen Szene willen sollte man das sonst durchaus nicht
1681 2444 2868 2510 vollkommene Volksstück sehen. Sie löste spontanen,
1684 2491 2203 2551 vehementen Beifall aus.
1756 2523 2873 2592 Und auch Hans Olden als „Profi“ (Fußball¬
1690 2580 2876 2651 professional) soll man sehen, den frech vergnügten Lehr¬
1684 2641 2871 2695 buben Böheims und die hübschen, wienerischen Vor¬
1691 2677 2871 2738 tadtmädeln von Paula Pfluger und Dora
1692 2731 2867 2782 Seifert. Der junge Brix, auch sprachlich noch un¬
1678 2775 2867 2838 zulänglich, fällt aus dem Ensemble. Aber Kyser, der
1682 2825 2874 2886 einmal böhmakelnd kommt, Elsa Föry als saftige
1688 2873 2871 2932 Greißlerin vom Grund, Elisabeth Markus, schon
1687 2920 2868 2978 bürgerlicher, als Frau Meisterin, Lessen als Turf¬
2673 2969 2867 3027 dankbare
1683 2971 2677 3039 kavalier, Skraup, Grieg, Rehberger —
1684 3016 2853 3083 Partien, famose Typen aus der „stillen Seitengasse“.
1682 3062 2866 3116 in der es eigentlich sehr laut her geht, ein Lärm, der
1747 3111 2534 3164 Beifall stürmische Steigerung fand.
1676 3113 1743 3191 im
1750 3144 2876 3214 Andreas Thom mußte sich wiederholt zeigen, und
1684 3205 2871 3257 es war schön zu sehen, wie dieser Mann aus der
1677 3257 2872 3315 „stillen Seitengasse“ des Lebens, in der ja zumeist
1680 3310 2868 3359 auch die Dichter wohnen, wie dieser Währinger Lehrer
1680 3349 2869 3400 und Menschenfreund, beglückt im Rampenlicht stand,
1676 3396 2879 3442 und, über den Bucherfolg hinweg, einmal in den lauten
1682 3440 2391 3501 Erfolg der Bühne blicken durfte.
2353 3488 2864 3563 Helene Tuschak.
