3392 4256
277 60 1206 111 matisieren. Was in der Novelle noch psychologisch
285 101 1199 154 verfeinert sich ausnimmt, das wird nun in diesem
279 153 1200 198 von posthumer Hand gedrechselten siebenbildrigen
281 190 1202 238 Theaterstück in plumper Art breitgewalzt. Trotzdem
284 228 1199 285 bleibt auch jede äußere Sensation aus, denn der Be¬
273 276 1208 343 arbeiter läßt sich viel zu früh in die Karten sehen;
249 341 1168 400 schon nach dem zweiten Bild wird der weitere Ver¬
242 397 1166 444 lauf und das Ende sichtbar. Die Kinowalze dieses
242 431 1168 486 Reißers, der einer sein möchte und keiner ist, läuft
241 486 1167 536 leer. Sie läuft leer zum größten Teil auch für un¬
246 531 1163 582 sere Darsteller. Wohl bewundert man diese pracht¬
252 577 1163 617 volle Menschendarstellerin Schwanneke, der das
244 610 1171 666 Leichte und Schwere mit gleicher Treffsicherheit von
238 657 1168 706 den Lippen fließt und die manchmal an die junge
244 703 1173 754 Bergner erinnert in der Frische und Echtheit ihres
245 746 1170 794 Spiels; man ließ sich auch von dem sorgsam abge¬
239 788 1166 835 dämpften, in seiner Vieldeutigkeit raffiniert ausge¬
246 835 1164 887 klügelten Spiel Kalsers als Geldgeber überzeugen.
243 880 1169 929 Aber in den andern Rollen schimmerten die brüchi¬
246 919 1163 978 gen Stellen dieses Wiener Bilderbuches hartnäcki¬
241 969 1167 1018 ger durch, als es ihren Inhabern auf der Bühne
246 1009 1167 1058 lieb sein möchte, wenn sie auch alle ihr bestes gaben.
247 1057 1170 1107 Der Vollblutkünstler Horwitz trug die unmögliche
239 1100 1169 1149 Figux des Vaters, der am Frühstückstisch seine eigene
237 1141 1168 1196 Verkeidigung ausprobiert, mit Mut und Anstand zu
245 1184 1176 1235 Grabe, während Traute Carlsen als schwache Mut¬
245 1229 1168 1278 ter, Marta Hartmann als geschwätzige Tante, Josy
248 1278 1185 1329 Holsten als eleganter Hotelgast und Emil Stöhr als
251 1327 1180 1370 treuherziger verliebter Junge alles taten, um das
254 1358 1186 1412 nach verschiedenen Seiten zweifelhafte Geschehen mit
245 1406 1174 1461 dem Mantel einer von Steckel wohlausgewogenen
1062 1457 1140 1509 In.
247 1455 640 1520 Aufführung zu decken.
467 1547 961 1631 Theater-und Konzerte.
285 1615 1181 1686 Stadttheater. Heute Samstag abend wird Paul
248 1674 1178 1723 Burkhards diesjähriger großer Operettenerfolg „3
253 1713 1180 1769 X Georges“ wiedetholt. Am Sonntag nachmittag
248 1761 1178 1819 zum letztenmal Verdis Oper „Fallstaff“. Sonn¬
253 1811 1187 1858 tag alend Wiederholung der Operette „Grete im
250 1842 1177 1910 Glück“ von Victor Reinshagen. Das Weihnachts¬
248 1906 1184 1951 märchen „Hampelpeters Abenteuer“ wird zusam¬
263 1937 1185 1992 men mit der „Puppenfee“ heute Samstag 3 Uhr
256 1983 1185 2039 wiederholt, und ferner alle Mittwoch und Samstag
250 2033 1177 2088 im Dezember, sowie am Heiligabend. — „Heid!“
259 2071 1177 2135 kommt noch einmal zurück ins Stadttheater Zürich,
255 2117 1186 2172 nur für eine einzige Vorstellung am Montag, den
258 2161 1176 2215 14. Dezember, nachm. 5 Uhr. Fünfzig Mal ist „Heid!“
256 2200 1179 2267 nun in verschiedenen Städten der Schweiz gespielt
255 2256 1184 2307 worden, und überall mit dem größten Erfolg und
250 2293 1181 2355 vor ausverkauften Häusern. Gegenwärtig feiert das
1137 2350 1183 2391 —
253 2343 1131 2399 „Heidi“ im Stadttheater Basel seine Triumphe.
255 2383 1187 2447 Die Vorstellung in Zürich am kommenden Montag
261 2439 1097 2491 wird als 50. Festaufführung herausgebracht.
296 2492 1192 2553 Schauspielhaus. Heute, 8¼ Uhr, „Fräulein Else“,
265 2540 1194 2599 Schauspiel nach der gleichnamigen Novelle von Ar¬
258 2592 1186 2642 thur Schnitzler, von Ernst Lothar. Am Sonntag, 3
258 2633 1194 2690 Uhr, Shakespeures „Hamlet“. Am Sonntag, abends
253 2676 1183 2742 8 Uhr, Maxim Gorkis packendes Schauspiel „Nacht¬
254 2724 375 2787 asyl“.
1438 99 2274 194 31. Fraeulein EIse
2461 110 2818 202 box 5/3
1622 167 2279 227 „
1761 1519 1849 1585 #
2345 1461 2805 1607 SEREVE
2038 1539 2126 1626 99
2040 1602 3001 1681 L. österr. behördl. konzessioniertes Unternlehmen für
1755 1625 1847 1686 00
2324 1646 2712 1697 Zpitungs-Ausschnilte
1893 1659 1964 1722 0
1770 1677 1825 1743 655
2189 1672 2864 1769 WIEN, I., WOLLZEILE 11
1789 1738 1836 1790 710
2328 1739 2712 1793 TELEPHON R 23-0-43
1928 1852 1975 1907 02
2045 1843 2988 1933 Ausschnitt aus: „NEUES WIENER JOURNAE‘
1758 1920 1842 1991 (n
1862 1976 1906 2028 60
2715 1992 2888 2086 936
1761 2028 1827 2096 160
2045 2086 2139 2133 vom:
1763 2118 1912 2169 Drn Sunt
2131 2185 2945 2343 „Fräulein Else“ in Zürich.
1755 2273 1842 2344 6
1773 2328 1839 2392 Kan
2145 2325 2927 2403 Mit Ellen (Schwanneke in der Titelrolle.
2629 2390 3091 2477 Zürich, 15. Dezember.
2030 2440 3124 2524 Artur Schnitzlers von Ernst Lothar dramatisierte Novelle
1932 2491 3128 2582 „Fräulein Else“ gelangte kurz nach der Wiener Premiere
1925 2548 3125 2633 im Züricher Schauspielhaus zur Erstaufführung. In
1923 2597 3119 2663 ausgezeichneter Besetzung errang das Werk auch hier starken Er¬
1927 2642 3122 2722 folg. Die Titelrolle fand in der auch dem Wiener Publikum
1919 2695 3113 2758 bestens bekannten Ellen Schwanneke eine ganz hervor¬
1920 2749 3115 2822 ragende Vertreterin. Kalser als Dorsday war der vorzügliche
1911 2788 3119 2872 Gegenspieler der Schwanneke. Er gestaltete seine Rolle à la
1919 2835 3106 2917 Scarpia mit weltmännischen Zügen aus. Ausgezeichnete
1904 2893 3111 2971 Leistungen boten auch Horwitz (Vater) und Traude Carlsen
1903 2939 3118 3021 (Mutter). Regisseur Leonharb Stekel sorgte für raschen Ablauf
1907 2983 2193 3053 der Handlung.
