3296 4256
466 3939 524 4005 □
1296 92 1665 189 box 5/3
268 100 1137 199 31. Fraculein Else
471 147 784 217 1 4 K a a a
806 556 2964 778 ZEITSCHRIET FUR DIE GESAMT-INTERESSE
810 759 2414 893 DER KINEMATOGRAPHIE
848 1890 2295 2008 ERLAG: MAX MATTISSO
820 1899 2983 2119 BERLIN SW. 68·RITTERSTR. 71: DCNHOFF 3360-
1649 2334 3309 2455 Wochenausgabe: Kritiken der W
785 2377 1274 2471 Berlin Nr. 10
2550 2582 3296 2675 lebt. Karl Freund hat photograp
808 2620 1677 2709 Uraufführung im Capitol:
2572 2656 3008 2725 Das sagt wohl alles.
2565 2710 3298 2788 Als letztes kommt Schmidt-Bo
2571 2774 3301 2837 Musik dazu. Geschickteste Effekt
1218 2686 2098 2845 Fräulein Else
2570 2824 3306 2877 Pausen. Zarte Illustration, selb
1690 2837 2527 2923 St. Moritz. Und es ist immer die gleiche
793 2843 1638 2939 Es ist eine tiefe Freude, wieder einmal
2576 2865 3306 2919 den Höhepunkten niemals Paukeng
1692 2908 1925 2970 Umgebung.
804 2922 1643 2966 einen deutschen Film nennen zu dürfen,
2567 2917 3308 2976 (wie von Kapellmeistern oft genug
801 2960 1646 3027 der in jeder Beziehung auf höchstem
2572 2960 3299 3016 angewendet). Es war ein unverge
1700 2934 2529 3009 Diese Perlenreihe der Szenen über¬
810 3001 1647 3053 Niveau steht. Mit der neuesten Ver¬
2561 2997 3307 3067 schöner Abend, der unendlich vie
1692 2996 2518 3062 haupt. An gröbere Kost gewöhnte
810 3037 1647 3098 lilmung der Schnitzlerschen Novelle ist
1694 3039 2528 3103 Zungen werden freilich nicht zu
801 3082 1646 3144 ein deutsches Kammerspiel entstanden,
1689 3087 2523 3144 schmecken vermögen, wo hier beshndere
2577 3106 3307 3184 Im Primus-Palast, Po
817 3138 1649 3195 das in der Feinheit seiner szenischen
1688 3129 2531 3184 Zutat die raffiniertere Küche verrät.
803 3174 1646 3238 Gliederung, in der Vollkommenheit
1690 3178 2527 3238 Ganz kleine Proben seien anzuführen
2566 3173 3077 3266 Palast, Steglitz
819 3208 1642 3277 seiner Darstellung und der überaus ge¬
1696 3215 2528 3270 vergönnt: da ist der Vater, Bassermann.
814 3261 1656 3321 schmackvollen Art seiner technischen
1695 3260 2537 3317 Nervös, gut, stark. Er will aus den
814 3309 1643 3360 Näherbringung sich weniger an das
1698 3306 2540 3360 Schulden heraus, Seine Wohnung ist
2750 3218 3306 3400 Die Zirk
803 3355 1653 3404 bloße Schaubedürfnis des Durchschnitts¬
1684 3354 2534 3413 Groß. Er geht durch die Wohnurg. Er
816 3392 1645 3447 begabten, als an gefühlsmäßiges Mit¬
1686 3394 2520 3444 schreitet fremd an den Möbeln vorbei.
2578 3383 3300 3462 Wieder ein Film aus dem Glitzer
813 3428 1656 3503 gehen des Betrachters wendet. Wie
1690 3444 2519 3508 Kurssturz. Besuch des Rechtsegwalts.
2579 3458 3306 3524 der Operette. Das heißt also, eine
811 3466 1653 3555 denn überhaupt dieses Werk Czinners
1691 3481 2525 3537 Die Mündelpapiere. Verluste. u. der
2566 3495 3304 3550 Sammtung toller Begebenneiten,
818 3525 1653 3578 würzige Speise für fiimisene Fein¬
1698 3511 2519 3584 Börse. Die Mündelpapiere? Staats¬
2569 3544 3299 3597 Abenteuerreiz verbrämt und den z
1701 3569 2522 3618 anwalt! Die Möbel stürzen ein. Die
818 3567 1120 3626 schmecker ist.
2572 3583 3297 3643 gen Zutaten der Streiche russischer
817 3596 1645 3666 Fräulein Else — das ist die Geschichle
1708 3602 2529 3657 Wände sind schwarz. Wie wuchtig ist
2569 3631 3297 3685 ziere und der himbeerfarbenen Lie
816 3650 1650 3702 eines fröhlichen Kindes, das im Paradies
1689 3660 2518 3707 der Schreibtisch. Wie grinst die Likör¬
2579 3672 3290 3724 Diesmal schreiben das Manuskript
819 3691 1648 3744 dieser Erde dahinlebt und nichts vom
1700 3689 2531 3751 llasche. Trost? Irgendwas muß er doch
2574 3715 3298 3783 Bess und Walter Reisch. Sie tater
813 3735 1648 3789 Leben weiß. Das durch die ekelhafte
1696 3740 2527 3795 tun. Also trinkt er. Diese meisterliche
2564 3764 3302 3810 für die Volksseele und vor allen
811 3778 1643 3846 Brutalität des Daseins in eine unfaß¬
1697 3783 2534 3856 Nuancierung. Auch Jack Trevor hal
2570 3803 3279 3865 haben dem Regisseur Gelegenheit
819 3822 1656 3876 bare Wirklichkeit hineingestoßen wird.
1697 3829 1935 3901 überrascht.
2575 3840 3295 3914 ben, fast das vollständige Starens
815 3858 1644 3932 Dieser jähe Wechsel von goldenen
1691 3852 2530 3939 St. Moritz. Schnee, Schlitten. Men¬
2575 3889 3302 3948 der Aafa aufmarschieren zu lassen
825 3911 1657 3969 Tagen, in süßer Albernheit verbracht,
1697 3933 2534 3992 schen. Es ist alles so hell. Tee, Tanz,
2577 3924 3296 3983 Es wimmelt ja auch von Prinzen,
815 3959 1655 4008 in einen grausigen Abgrund namenlosen
1693 3976 2535 4020 Skijöring. Die Berge. Das Glitzern.
2570 3973 3298 4032 lichkeiten und Generälen, wie dies
820 4002 1657 4064 Jammers, hat Saiten in Else zerspringen
1694 4008 2528 4064 Träume aus Schnee, im Schnee. Das
2576 4022 3306 4074 unbescheidenem Ausmaß eben n
826 4041 1654 4095 assen. Es ist mit einemmal aus einem
1704 4061 2533 4107 sind wahre Bilder. Ganz einlach Bilder.
2582 4065 3302 4118 Operettenstoffen der Fall und m
1564 4085 1616 4128 de
961 4089 1104 4157 K
1845 4093 2446 4159 igeginter sstetgegregen
