3248 4256
1113 195 1295 264 02 —
35 183 885 253 31. Fraeulein Else
555 243 736 290 MDEERE
568 1046 1164 1165 Dr. Nen Goldschmiet
569 1114 1155 1221 Saco für Zeitungsausschnitte
376 1138 631 1213 BBRLIN N4
913 1195 1219 1270 Teisfan: Norden
1217 1218 1332 1282 305:
684 1252 982 1341 Ausschnilt aus:
500 1301 1176 1442 Masdeburgische Haltung
952 1462 1281 1607 15. März 192:
634 1608 1249 1728 Neue Bücher
419 1705 1496 1798 Arthur Schnitzlers „Fräulein Else“. Verlag Parl
363 1756 685 1843 Folnay. Berlin.
403 1796 1522 1870 Zettraum des Vorg#### prei bis vier Stunden eines
372 1856 1512 1906 Nachmittags und Abends. Der Dramatiker verleugnet sich
373 1898 1496 1944 also nicht. „Fräulein Else“ tst ein junges Mädchen der wahl¬
372 1938 1506 1984 habenden Gesellschaft. Wentasiens scheint es so. Hinter ihrem
372 1970 1508 2021 Eliernhause aber droht das graue Elend. Der Vater, ein
376 2013 1506 2060 Rechtsanwast in Wien, lebt flort und elegant darauf los,
364 2052 1498 2099 braucht Weiber und Geld, und scheut sich auch gelegentlich
364 2090 1506 2139 nicht, dies Geld außerhalb seines eigenen Besitzstandes zu
377 2127 1509 2179 ###pieren“. Euse befindet sich aber in einem Hotel des
376 2170 1512 2217 Engedin als Begleiterin der reichen Tante. Und trippelt als
371 2201 1506 2258 dübsche Ncunzaynjährige durch die Welt. Das alles erfährt
371 2249 1508 2296 man als Ergebnis von Gedan'enrethen, die durch das Köpschen
375 2290 1509 2342 der jungen Dame „tehen und die man gewissermaßen in tage¬
1261 2320 1503 2374 Die ganze
377 2327 1262 2377 beschartigen Reflerionen den Buche entnimmt.
372 2357 1510 2409 Welt ist hier nur „Fräulein Else“. Alle Handlung ist aus
373 2404 1500 2454 ihrem Winkel geschaut, dreht sich um sie. Dabei entsteht ein
374 2433 1507 2483 Stück fabelhafter Psochoanasyse, wie es nur ein Dichter
378 2462 1491 2530 schreiben kann, der zugleich Arzt ist und der seinen „Freud“
375 2519 1505 2567 geiesen hat. Die Welt ist verhältnismäßig harmlos im
383 2555 1510 2608 Ködschen Elsens, als sie vom nachmittäglichen Tennisspiel
371 2593 1508 2646 zurückkehrt. Nur kleine Eisersüchteleien bewegen sie. Aber
373 2624 1502 2683 dann konnnt das treibende Ereignis. Der Portied überreicht
379 2668 1505 2721 einen Brief. Unnd darin steht, daß der Vater wieder einmal
1093 2704 1506 2760 „Vtel Geld oder so¬
379 2706 1088 2760 in schwerster Verstrickung sich befindet.
376 2747 1514 2799 fortige Verhaftumg". Da ist nun ein wohlhabender Herr in
376 2783 1512 2834 demselben Hotel aus dem Bekanntenkreis des Advokaten. Hat
385 2826 1508 2875 schon früher einmal ausgeholfen. Mit dem soll Elfe reden.
378 2858 1500 2913 Ob der Vorschlag naiy oder mit Hintergedanken gemacht ist.
376 2901 1501 2952 bleibt oifen. Jedenfalls entstehen die wildesten Kontlilte im
380 2939 1512 2995 Gemüt des armen Dinges. Immer wieder wälzen sich die
376 2986 1502 3032 gleichen Gedankenwolken vorüber, steis um ein weniges anders,
375 3021 1501 3075 schaitiert. Und dennoch in vieser ewigen Wiederholung nicht
378 3055 1511 3110 ermüdend. Es kommt zur „Aussprache“ Der liebe ältere
373 3095 1503 3148 Herr fordent einen gewissen Preis, nicht etwa den
372 3123 1511 3185 letzten und höchsten. Das junge Ding zerbricht fost
385 3179 1509 3228 #ter der ihr auferlegten Untragbarkeit, Zäumt sich auf, sieht
383 3214 1503 3262 überall ein Unmöglich, möchte dennoch aus landläufigen
378 3250 1499 3301 Zwangsvorsteltungen heraus eine Art „Erfüllung“ geben.
379 3293 1498 3339 Und zerschellt im dieem Widerstreit. Der Rest ist Handlung
376 3326 1508 3381 in Halbumnachtung und der Tod; Veronal. Um das Haupt¬
385 3371 1498 3420 geschehen alle die kleinen und größeren Seelenzuckungen, die
385 3393 1501 3455 durch jeden Menschen zittern, wenn er inmitten großer
782 3437 1501 3496 So in fubtiler Kleinmaler und
385 3445 728 3501 Erregungen steift.
377 3465 1514 3534 großer dranzatischer Geste eingepreßt in enige Stunden der
378 3508 1503 3572 Ablauf einer Wielt und eines Lebens Rein technisch: Eine
381 3551 648 3616 Meisternovelle.
497 3571 1502 3643 S. Leskow. Der verzauberte Pilger. Aus dem Russi¬
371 3630 1510 3689 schen übertragen von A. D. Braun. Verlag von Quelle &
1561 715 2624 785 MReyer in Leipzig. Zum ersten Male erscheint hier
1561 775 2638 823 beutscher Sprache eine der gelungensten Erzählungen
1563 804 2658 861 kows, dem erst jetzt 30 Jahre nach seinem Tode eine gerecht
1556 858 2652 905 Würdigung zuteil wird, troydem er zu den besten Vertrete
1565 891 2649 937 der russischen Literatur des 19. Jahrhunderts gehört. Di
1560 930 2654 978 Erzählung führt in das letzte Jahrzehnt vor Aufhebung?
1555 967 2660 1018 Leibeigenschaft, in jene Zeit, in der die russische Vallssee
1560 1002 2657 1052 und der russische Vollscharatter noch ganz unverfälscht zu
1563 1041 2660 1088 Ausdruck komntt: jene kindliche Freude an der gtellen Bun
1569 1089 2665 1133 heit des Lebens und zugleich eine dumpfe Resignation v#
1560 1128 2662 1173 dem Schicksal, die das eigene Ich im Rausch zu vergesse
1574 1157 2672 1214 ucht. Dieser Zujammenklang primitiver Derbheit mit ein¬
2159 1200 2688 1253 fremden Weichheit gibt vem
1564 1206 2128 1247 dem abendländischen Menschen
1569 1233 2680 1284 Ganzen den gleichen Gefühlston, wie er uns in der trpisc
2164 1266 2672 1325 entgegenklingt. Eene Füb
1562 1278 2162 1328 russischen Musik und Malerei
1559 1312 2674 1363 packender Szenen gibt hier ein farbenfrohes Bild russischei
2087 1352 2681 1419 Die Uebersetzungsschwierigkeiter
1563 1353 2054 1417 und tatarischen Lebens.
1558 1392 1840 1457 sind gut gelöst.
1700 1446 2689 1512 Grimmelshausens „Simplielssimus“ Nur wenige
1556 1492 2677 1549 Werke aus der deutschen Literatur des 17. Jahrhunderts sin!
1552 1538 2685 1586 bis auf unsere Zeit wirklich lebendig geblieben. Zu ihnen
1562 1576 2676 1621 gehört der „abenteuerliche Simplicissimus“ von Grimmels
1567 1607 2688 1658 hausen, einen der unsterblichen Werke deutschen Schrifmume
1562 1646 2685 1703 überhaupt. Gerade in unseren Tagen erhält dieset unver
1558 1684 2684 1738 gängliche Kultur= und Zeitreman wieder neue Vergleichs
1559 1735 2689 1775 werte. Diese abenteuerliche Lebensbeschreibung dieses ves#¬
1563 1761 2689 1815 schen Bauernbuben, der sich aus wilden Jugendtagen zu be¬
1570 1802 2687 1855 chaulicher Alterswissenheit hindurch rettet, bedeutet für ans
1561 1845 2686 1896 beute ein Buch des Trostes und der Zuversicht, der Hoffnung
1557 1886 2693 1936 auf die Morgenröte einer neuen Zeit. Man muß es paher
1558 1919 2693 1969 dem Verlage Hesse u. Becker in Leipzig banken, daß
1563 1955 2693 2007 er gerade setzt eine neue Ausgabe dieses unveränglichen
1557 1997 2685 2047 Romans innerhalb seiner Sammlung „Romane der Welt
1561 2038 2686 2088 literatur“ vorlegt. Diese buchtechnisch gut ausgestattete Neu
1556 2083 2685 2126 ausgabe bietet den unverfürzten Text des Romans in einer
1568 2117 2695 2163 für den heutigen Leser erleichterten sprächlichen Form des
1568 2152 2689 2209 Originaliertes. Ste dürfte allein schon aus diesem Grunde
2485 2191 2666 2255 Dr. H. K.
1554 2196 2168 2259 einen größeren Leserkreis finden.
1630 2259 2695 2313 * Prok. Hans Naumann, Die deutsche Dichtung
2213 2294 2681 2342 Stuttgart, J. B. Men¬
1564 2300 2214 2345 der Gegenwart 1885—1923.
2413 2334 2692 2387 Der bekaunte
1562 2335 2346 2389 lersche Verlagsbuchhandlung.
1570 2364 2693 2422 Frankfurter Germanist unternimmt es, im Rahmen der von
1565 2410 2694 2461 Prof. Dr. Julius Zeitler herausgegebenen „Epochen der
1563 2454 2693 2497 deutschen Literatur“, den großen Wandlungsprozeß vom
2475 2486 2692 2540 darzustellen.
2115 2484 2408 2537 Expressionismus
1569 2493 2111 2537 Rationalismus bis zum
1572 2531 2692 2578 Literaturgeschichte ist für ihn Geistesgeschichte. Damit ist
1569 2564 2701 2614 gleich vor vornherein eine scharfe Begrenzung des Stoffes
1568 2605 2690 2655 gegeben. Alles Ungeistige, alles Epigonenhafte hebt sich aus
1568 2640 2696 2691 dem Bereich der Darstellung und nur das dichterisch Wert¬
1563 2682 2686 2727 volle, das, was intuitiver Erkenntuls entsprungen und auf
1563 2706 2693 2759 die Gestaltung der Zeiten Einfluß gewann, wird in seinen
1562 2748 2688 2801 vielfachen Erscheinungsformen festgehalten und als Symbol
1560 2795 2692 2844 des Zeitgeistes gedeutet. In den dret Kapiteln, Schauspiel.
1563 2828 2693 2875 Roman und Lyrik, erhalten wir ein lebendiges Spiegelbild
1563 2874 2701 2921 des deutschen Geisteslebens dieser Zeit, das in den Namen
1571 2911 2689 2957 Gerhart Hauptmann, Thomas Mann, Stefan George und
1566 2943 2696 2994 Franz Wersel gipfelt. Eine hurchaus modern empfundene,
1559 2983 2695 3024 elegant dargestellte Literaturgeschichte. Der Verlag hat das
1563 3020 2138 3081 Werk sehr würdig ausgestattet.
1557 3064 2505 3150 Dr. Hermann Belemer. Steuer=Strafrecht.
2505 3076 2687 3147 Verlag
1675 3122 1941 3184 Stille, Berlin.
1634 3160 2693 3211 Wissenschaft und Praxis werden das vorliegende Wer¬
1556 3204 2689 3256 freudig begrüßen. Das Schrifttum auf dem Gebiet des
1559 3249 2689 3297 Steuerstrafrechts und des Steues prozeßrechts ist noch zu wenig
1558 3283 2687 3329 ausgedehnt, als daß nicht jedes Werk, das geeignet ist, diese
1562 3325 2700 3367 Lücke zu füllen, gern hingenommen würde. Belewer hat das
1561 3353 2691 3405 Steuerstrafrecht in einem geschickten Aufbau ziemlich er¬
1571 3400 2688 3451 schöpfend wiedergegeven. Frei von der Form des Kommen¬
1562 3438 2689 3485 tars ermöglicht er ein leichtes Zurechtfinden in der verzweigter
1565 3476 2694 3519 Materie Die-Teile über die allgemeinen Bestimmungen über
1571 3515 2691 3568 Steuerzuwiderhandlungen und über die besonderen Tat¬
1564 3559 2693 3601 bestände, wie über die verschiedenen Strafarten haben eine
1563 3591 2678 3643 Anlage gefunden, die das Werk zu einem wertvollen Hand
1570 3629 2304 3684 buch, namentlich für die Praxis, macht.
2573 3631 2676 3684 dtg.
