3296 4256
332 117 1191 197 31. Fraeulein Else
1360 109 1716 212 box 5/2
1052 182 1198 227 eneenenene
538 182 586 220 —
667 162 940 235 An n Aen A
871 1295 2289 1391 DES LEIDNEN
854 1441 2325 1523 A. Schnitzler: “Lasenyoreta Elsa“ traducció de Joan Alavedra.
938 1516 2327 1594 (Llibreria Catalönia. Arts Gräfiques Nagsa“, impressora.
437 1499 719 1622 ( Van
929 1585 1360 1676 Barcelona, 1931).
550 1631 794 1734 6-3-31.
1619 1662 2331 1734 zada de Schnitzler. La valua real de
882 1668 1579 1743 La tasca de Joan Alavedra 1 de la
1619 1723 2318 1779 T’obra s’evidencis, més encara pel fet
856 1735 1565 1793 Llibreria Catalönia de donar al nos¬
1616 1771 2328 1840 de desenvolupar-se en breus hores,
862 1781 1566 1838 tre püblic la novella cabdal d’un dels
1622 1821 2319 1889 aconseguint en les seves pägines una
859 1827 1561 1881 més autentics i valuosos autors mo¬
1623 1868 2324 1938 suggestió 1 una intensitat que molt
861 1882 1569 1944 derns, és lloabilissima 1 ädhuc digna
1616 1919 2325 1982 pocs escriptors podrien infondre en
854 1926 1573 1992 d’agraiment. (La senyoreta Elsay és
1623 1967 2318 2044 unes escenes tan rapides, gairebé ve¬
855 1970 1564 2033 una veritable obra mestra, en el més
1615 2021 1718 2084 loces.
854 2030 1558 2089 pur sentit. La seva lectura, i en gene¬
1654 2047 2324 2130 dLa senyoreta Elsan és un monö¬
852 2066 1565 2126 ral la de tota la producció d’Artur
1622 2116 2320 2177 leg interior, que no necessita les aco¬
859 2121 1562 2184 Schiitzler, és un repos pels esperits
1627 2174 2328 2241 tacions per a trobar la seva enorme
856 2174 1536 2236 cultivats 1 una educació pel püblic.
1627 2216 1804 2274 expressi0.
894 2213 1562 2272 aLa senyoreta Elsay conté un anali¬
1645 2263 2325 2329 Elsa és una donzella adolescent en¬
858 2270 1565 2326 si perfecte, desenrotllat lögicament
1628 2317 2323 2369 cara que viu en un curt espai de
862 2315 1571 2375 amb traça insuperable. La trama de
1620 2364 2320 2417 temps tota la complexitat del seu ca¬
848 2371 1563 2417 la novella és una linia purissima que
1622 2406 2319 2473 räcter i tot el dolor d’una tragedia
858 2409 1569 2473 fa el seu comen sense destorbs ni
1613 2470 2326 2522 punyent. Elsa — la seva ánfma feme¬
863 2456 1562 2515 vacillacions de cap mena; s’inici,
1617 2515 2324 2562 nina és descrita amb un coneixement
855 2512 1570 2562 descabdella 1 resol amb vigorós es¬
1614 2554 2324 2612 tan profund que revela ädhuc trets
863 2557 1568 2609 clat. La construcció de T’estudi psico¬
1624 2607 2321 2669 que semblen hermétics per a un ho¬
846 2602 1560 2669 lögic i de l’argument, que no és sind
1619 2661 2323 2717 me — té del mön conceptes subjec¬
857 2661 1566 2716 el teló de fons, T’escenari que fona¬
1617 2690 2317 2756 tius; ella només ha tastat lamargue¬
852 2705 1569 2755 menta aquell analisi, quintaessencien
1614 2751 2325 2822 sa per la temenca femilier du dal¬
850 2747 1569 2824 Tart vertader 1 ie giencia sensibilit¬
2366 1253 3089 1315 tabaix econômic, que sha pogut sein¬
2368 1297 3090 1352 pre trampejar sense foragitar-ne ei
2370 1351 3089 1407 perill. Passa uns dies de repös, amb
2372 1392 3087 1460 una tia, en una estació de moda. El¬
2375 1442 3086 1511 sa és un temperament erôtic que vo¬
2366 1494 3092 1543 reja una pendent seductora; tant
2377 1546 3086 1597 podria ésser que esdevir zués una nu¬
2374 1587 3086 1658 ller model, com que trobés una för¬
2370 1631 3082 1705 mula de contenir el seu amor a ia
2375 1686 3083 1743 sensualitat i a l’aventura, com que
2366 1727 3079 1804 cerqués el plaer en braços d’amants,
2369 1780 3084 1842 con que s’encaminés decidida cap a
2366 1826 3079 1884 la prostitució, puix que sosté conti¬
2373 1892 3078 1942 nuament una lluita en la qual inter¬
2384 1934 3089 1993 venen per una banda el gust de la
2382 1972 3079 2046 ascivia desconeguda perö imaginada,
2366 2030 3082 2092 la suggestió de la vida amable de la
2373 2073 3081 2127 voluptuositat 1 T'atracció de l’inter¬
2372 2127 3082 2187 dit, 1 per l’altra la inèrcia familiar,
2376 2169 3087 2223 les idees predicades 1 ei temor. Pro¬
2374 2220 3086 2287 bablement vencerien eis segons fac¬
2373 2273 3083 2333 tors esmentats, no ja pel pes mort
2373 2318 3081 2382 de l’educaciö rebuda, sinó perqué l’am¬
2369 2367 3081 2428 bient que l’envoltaria Hi marcaria sen¬
2367 2421 3080 2482 se violencia els seus passos. Ara, perd,
2369 2464 3075 2521 Eisa acarona amb plaer els seus dub¬
2373 2509 3081 2561 tes — tan aviat es decanta cap à
2368 2551 3083 2610 l'u com cap a Faltre costat — 1 no
2375 2605 3079 2676 es dissimula les seves impressions dets
2370 2657 3083 2714 hames ni les sensacions que ha gus¬
2365 2711 3080 2758 tat ni les visions erôtiques que it cau¬
2373 2759 3067 2839 sen cade coes: rec#ia amb benester
3118 1748 3161 1799 3
3134 1256 3291 1317 per exm
3131 1306 3273 1364 la com
3134 1355 3240 1410 vés d
3139 1397 3235 1460 se'n,
3133 1447 3205 1520 mir
