3296 4224
313 125 460 220 31.
497 117 1160 198 Fraeulein Else
1346 112 1684 215 box 5/2
493 183 1160 236 # K. Kn4 — e   AA
1579 479 2139 541 LALSAGE FRANGAISE
704 478 750 543 54
2697 461 3055 547 28 Juiliel 1929
643 584 1808 643 n Allemazue que la nonvelle a le plus profité de
1960 575 3084 635 Si la lillerature s’est si rapidement enrichie
609 622 1798 690 ceite transformation qui s’annonçait déjà des ie debul
1905 625 3086 693 en honvelles, c’est que malgré les lois tres strie¬
612 682 1791 742 du siecle, mais ne staccomplit entierement qwau mi¬
1921 679 3091 731 es qui le regissent, ee genre laisse une grande liberte
611 721 1803 786 lien des troubles de la guerre et de Tapres-guerre.
1908 730 3091 788 à Pinspiration de Técrivain et s’adapte fort bien à
622 773 1805 830 eest aussi en Allemagne que depuis une dizaine
1910 781 3095 846 lous les carackères et à lous les talents, II est peu
618 826 1800 876 Fannees, la nonvelle a regagné les faveurs du pu¬
1909 830 3086 889 Téerivains noloires actuels qui ne s’y soient essayes,
615 870 1806 939 blie et occupe actuellement dans la littérature de ce
1911 882 3094 942 les uns ie considerant comme un jeu artistique d’un
619 924 1798 982 pays une place plus importante que celle d’auenn
1910 929 3086 978 allrait spécial, les autres y voyant un moyen de réa¬
617 972 1805 1023 autre geure liiteraire. Elle est devenue une expression
1910 975 3096 1028 liser leurs reves les plus extravagants on leurs plus
609 1019 1795 1077 artislique, une forme, dlab forme d’art portée an plus
1911 1024 2590 1093 hautes aspirations esthéliques.
612 1073 1791 1137 haut degre de perfection. C’est le genre g#artiste „
1964 1071 3082 1131 Thomas Mann, ce maitre inconteste du roman
614 1120 1799 1173 ideal que l’Allemagne nvail tant envié anx antres
1904 1126 3083 1189 depuis ses Buddenbrock, a donné, depuis la guerre
622 1173 1791 1219 a. s ei qir'elle réalise maintenant avec une incontes¬
1908 1177 3088 1234 surloul. plusieurs nouvelles, pour la plupart alertes
606 1219 935 1278 table maitrise.
1913 1228 3081 1285 etingenieuses, telle cette délicieuse et hardic psy¬
648 1268 1799 1324 La nouvelle offre, en effet, cerlains avanlages qui
1906 1287 3093 1342 chologie de son chien (Maitre et Chien) (!) ou les
600 1318 1797 1379 permettent à un écrivain de donner la mesure de son
1897 1332 3087 1391 réflexions d’un cycliste. Mais sa nouvelle la plus
615 1373 1788 1435 rb et de tenir compte en méme temps des aspecis
1898 1376 3078 1431 connue est Desordre () ou il dépeint, non sans lais¬
602 1422 1797 1478 particuliers de la mentalité de nolre époque: Sa
1908 1426 3085 1475 ser percer une certaine émotion paternelle, la situa¬
602 1466 1800 1539 brievelé. tout en forcant Partiste à une concentration
1902 1478 3093 1527 tion d’une famille bourgeoise d’aprés-guerre et les
1692 3007 1973 3077 Thomas Mann
2231 3000 2598 3084 (Cl. Rev. Rhénane)
612 3110 1791 3183 dramatique du plus puissant effet, donne aussi
1895 3101 3080 3176 troubles qu’occasionne ce désordre social et moral
602 3162 1791 3226 eclle impression du fragmentaire, de Tintense
1887 3172 3072 3226 dans l’äme d’une sensible petite fille. Mais Thomas
612 3214 1796 3272 jut est Pun des traits les plus carachéristiques de la
1900 3216 3071 3273 Mann est un écrivain d’une bien trop vaste enver¬
599 3263 1794 3314 civilisation conlemporaine; par son sujet drama¬
1885 3265 3069 3322 Fure pour pouvoir trouver dans la forme restreinte
605 3314 1791 3370 lique, elle repond à ce besoin de sensation de notre
1889 3320 3081 3388 de la nouvelle son moven d’expression propre; son
614 3354 1796 3419 siecle, que le film cherche à salisfaire dans une
1895 3367 3074 3421 domaine à lui, c’est el ce sera loujours le roman.
604 3412 1784 3459 mesure plus large encore; par la précision et la pro¬
1895 3413 3073 3483 Nous en avons la preuve dans le fragment: Ze Che¬
609 3460 1789 3510 fondeur qu'elle exige dans la peinture des carac¬
1888 3474 3065 3538 rulier Eindustrie Félig Krull (*) qui n’est pas une
606 3502 1782 3579 ieres, elle permet T’application des découvertes psy¬
1890 3519 3068 3566 nonvelle, mais T’ebauche d’un roman: le caractère
595 3547 1787 3620 chologiques qui ont si fortement imprégné notre
1899 3565 3057 3630 de cet aventurier, passionnément intéressant et ma¬
609 3619 1788 3670 mentalite: liens mysterieux entre les dres ei les
1895 3620 3075 3673 gistralement decrit, nous est depeint en louches trop
600 3658 1782 3724 choses. actes inconscients, réflexes significalifs, mo¬
1892 3668 3063 3719 larges, l’éinde du milieu y est trop poussée pour ne
600 3704 1782 3760 biles caches...; par les nécessites arbistiques qu’elle
1904 3714 3069 3774 pas dépasser le cadre de la nouvelle. D’ailleurs i1
608 3762 1790 3818 comporte, elle force à la mesure, an lach, à la mai¬
1889 3765 3069 3823 manque à ses récits cette sitnation caiastrophique,
609 3803 1782 3864 rise de soi-meme qualites difficiles à acquérir pour
1888 3813 3024 3865 celle crise aigüe que doit comporter la nouveile
3034 3821 3071 3893 :
596 3860 1789 3917 un anteur, surloub quand cet auteur est un Allemand;
599 3910 1791 3962 mais gräce auxquelles aussi il s’éleve au-dessus de
1920 3927 3032 3985 (1) Chez Kra, en traduction: J. Delage et Mlle Bianquis.
596 3957 1384 4038 son époque et de ses compatriotes.
1928 3969 2692 4044 (2) Chez Kra, en traduction: J. Delage.
