3296 4256
289 114 1153 186 31. Fraeulein Else
1321 111 1669 200 box 5/2
1030 1065 1621 1162 Die Bergner liest
1147 1147 1504 1231 (In der Komödie)
920 1274 1727 1340 Kaum tritt sie ein und setzt sich nieder
931 1334 1639 1384 Ein schlankes Kind, das Wuschelhaar
929 1370 1606 1415 Noch ungeberdig, scheint sie wieder
922 1409 1663 1468 Was jüngst sie als Miß Cheney war.
922 1450 1512 1495 Und viele stehn zum Hosiannah
921 1481 1567 1550 Bereit im Voraus und beglückt,
922 1522 1435 1579 Die diese heilige Johanna
920 1551 1540 1617 Mit ihrem Zauber hat entrückt.
930 1600 1587 1646 Doch heute mit Geberden spart sie
926 1639 1609 1684 Noch mehr als sonst, und alles Licht
927 1680 1515 1728 Als Seelensorgerin bewahrt sie
920 1703 1583 1772 Dem Wort, das ihre Seele spricht.
1610 1737 1740 1818 Lieder
923 1744 1608 1814 Die Bergner liest... Beherrscht auch
922 1798 1471 1850 Die große Opernsängerin? —
926 1830 1725 1889 Nimm den Vergleich und trag' ihn wieder,
922 1877 1560 1925 O Fremdling, nach Banalien hin
919 1900 1720 1964 Was aus ihr strömt und in uns mündet,
928 1948 1497 2007 Geheimste Kraft und Melodie.
921 1988 1570 2047 Was sich mit Vogelsang verkündet
918 2029 1206 2101 Ist das Genie.
1283 2062 1350 2143 II.
914 2117 1717 2183 Vor Jahren zeigt ein Arzt, voll Wonne,
917 2173 1564 2226 Die des Entdeckers Fleiß belohnt,
917 2197 1631 2271 (Es war ein Doktor der Sorbonne)
918 2255 1569 2299 Was so in Menschenadern wohnt.
917 2288 1609 2349 Man sah Plasmodien und Spirillen
916 2336 1500 2382 Vergrößert hunderttausendfach
906 2363 1658 2422 Unsichtbar sonst — dem Forscherwillen
914 2409 1549 2453 Gehorsam, flink und lebenswach.
907 2455 1515 2504 Im Licht des Kinos offenbarte
918 2486 1554 2537 Sich eine Welt im Tropfen Blut,
921 2525 1619 2572 Die fraß und gierte und sich paarte.
929 2568 1599 2609 Dem Menschen feindlich böse Brut.
922 2602 1719 2663 Die Bergner liest, und von den Thronen,
911 2643 1662 2691 Die sonst ein Wall von Stahl versteckt,
910 2684 1726 2738 Zwingt sie ein Zwergvolk von Dämonen
919 2722 1612 2765 Ins Licht, das das Geheimnis weckt.
913 2763 1717 2811 Ein Kind, das Glücksgier groh umgarnte,
919 2798 1539 2842 Verzweifelt, da es keinen trifft,
922 2830 1612 2886 Der still es führte, treu es warnte,
909 2872 1645 2924 Ein junges Mädchen greift zum Gift.
911 2912 1755 2965 Und sieht sich selbst, ein Stück „Vermischtes“
904 2951 1654 3020 Schon morgen in der Zeitung stehn.
654 2985 1800 3106 Ae Murn asiee
955 3070 1461 3166 70, Sana 1907·
1982 1061 2795 1140 Ein armes Seelchen, schnell verlischt es,
1997 1115 2659 1173 Die sehn's nicht, die vorübergehn.
1993 1149 2757 1203 Ach, Arthur Schnitzler, Lieber, Dichter
1998 1192 2693 1237 Du des verlor'nen Menschenmüh'ns,
1993 1234 2633 1282 Verirkter Seelen gütiger Richter,
2000 1260 2787 1317 Vom Duft des Welkens und Verblüh'ns,
1992 1308 2705 1352 Vom Leben halberloschener Schemen,
1995 1342 2737 1400 Von Unruh=Sehnsucht nach der Ruh'
1995 1387 2743 1447 Und von dem ewigen Abschiednehmen,
2000 1458 2729 1526 Nun traf sich dein Geschöpf mit einer.
1993 1502 2680 1560 Die Stimmen aus den Tiefen hört.
1990 1577 2665 1628 Den nicht ihr Zauber auch betört.
1984 1601 2741 1655 Was unter des Bewußtseins Schwelle
1991 1652 2719 1694 Verbannt, umsargt, begraben schlief,
1989 1690 2727 1745 Strömt mit erschütternd leiser Welle
1999 1748 2555 1808 Aus unterirdischem Gefelse¬
1987 1803 2575 1847 Bedränger, die sonst unsichtbar
1993 1829 2756 1907 In Herz und Hirn des Fräulein Else,
1988 1882 2743 1932 Im Lichtkreis nun die dunkle Schar.
1994 1915 2664 1976 Da stürzen der Gesellschaftslügen
1990 1954 2501 2008 Gehäufte Babeltürme hin.
1984 1982 2585 2038 Ergreifende Erkenntnis fügen
1984 2031 2584 2084 Der Dichter und die Seberin.
2330 2086 2423 2167 III.
1986 2154 2776 2205 Hörst du den Chor der tausend Stimmen
1987 2207 2512 2253 In dieser einzigen vereint,
1994 2231 2793 2283 Siehst du Ophelien langsam schwimmen
1984 2268 2643 2320 Bekränzt, holdselig und beweint.
1985 2320 2715 2376 Erhebt bei jeder leisen Schwingung
1981 2355 2508 2407 Der Saite Phantasmagorie
1981 2372 2752 2438 Ihr Zauberbild mit tausend Schwingen,
1985 2424 2796 2471 Fühlt man: Die Stimme hat nur sie.
1991 2468 2741 2515 Sie selbst ist fern. Die Offenbarung,
1984 2506 2652 2547 Der Hauch aus ihrer Seele weht
1984 2542 2738 2588 Und gibt dem Wunder seine Nahrung
1976 2578 2808 2648 Dann kommt sie zu sich, schweigt und geht.
2358 2611 2852 2694 Julius Ferdinand Wollf
