3392 4256
258 165 391 243 31.
434 165 1108 229 Fraeulein Else
1286 163 1632 243 box 5/3
1906 366 2364 440 THE OBSER
2048 503 2376 610 New N
1567 703 2311 786 REPRINTS, TRANSLA¬
1603 805 2281 894 TIONS, NOVELTIES.
1576 944 2329 1005 " Elsie and the Child.“ By Arnold Bennett.
1545 992 2318 1043 Drawings by E. Moknight Kauffer. (Cassell
1550 1029 1650 1073 62 28.)
1592 1061 2318 1128 Early Sorrow.“ By Thomas Mann. Trans¬
1538 1104 2226 1153 lated by H. T. Lowe-Porter. (Secker. 6s.)
1578 1141 1868 1189 Fräulein Else.“
1871 1138 2331 1194 By Arthur Schnitzler.
1544 1177 2319 1226 Translated by F. H. Lyon and Erio Sutton.
1544 1214 2319 1259 Illustrated by Donia Nachsen. (Constable
1537 1249 1688 1296 318. 6d.)
1600 1288 2334 1342 Abyss.“ By Leonid Andreyev. Translated
1551 1327 1888 1371 by John Cournos.
1895 1324 2328 1375 With Engravings by Ivan
1551 1367 2325 1405 ebedeff. (The Golden Cockerel Press. 128. 6d.)
1596 1409 2329 1447 Fables.“ By T. F. Powys. With four designs
1544 1441 2324 1488 by Gilbert Spender. (Chatto and Windus. 25s.)
1590 1473 2333 1528 The Hill of Cloves: A Tract on True Love.
1542 1517 2328 1562 With a Digression upon an Invention of the
1550 1549 2329 1598 Devil.“ By Romer Wiison. (Heinemann. 78. 6d.)
1576 1586 2319 1640 Fame.“ By May Sinolair.“ A Ghost in the
1543 1626 2317 1665 Isie of Wisht.“ By Shane Leslie.“ The Shout.
1549 1658 2329 1701 By Robert Graves. (Nos. 13, 15, and 16 of the
1539 1695 2326 1751 Woburn Books.) (Mathews and Marrot. 68.
1541 1729 1628 1768 each.
1580 1754 1956 1809 The Smiling Fabes.“
1959 1771 2018 1804 0 5. —
2025 1759 2314 1813 By Brinsley Mac
1540 1800 2319 1842 Namara.“ Hobohemians.“ By Philip Owen.
1544 1833 2183 1875 The Ladder.“ By Vernon Knowies.
2192 1840 2326 1883 * Love
1550 1869 2332 1927 Dne Another.“ By Edgell Rickword. (Mandrake
1546 1904 2315 1951 Booklets.) (The Mandrake Press. 33. 6d. each.
1580 1938 2313 1988 The King Waits.“ By Clemence Dane
1538 1973 2326 2022 * Illusion: 1915.“ By H. M. Tomlinson. (Heine¬
1544 2004 1834 2063 mann. 18. each.)
1691 2050 2190 2128 (BY GERALD GOULb.)
1582 2113 2319 2181 Mr. Bennett knows, better than any¬
1546 2158 2332 2219 body else, how many towns make five;
1544 2200 2333 2258 but he can also interpret London to
1547 2236 2337 2278 Londoners. His Elsie andithe Childe¬
1542 2277 2331 2315 is probably the best of bis-London
1544 2314 2319 2361 stories; for his touch is as light and
1544 2349 2322 2400 delicate with children as it is firm with
1540 2389 2330 2442 business men; and Elsie belongs to the
1548 2432 2322 2472 small band of contemporary characters
1546 2465 2301 2527 in fiction who merit the term“ heroic.
1553 2506 2323 2553 nthat simple, ungainly person, strug¬
1548 2544 2323 2590 ling so hard to live up to the
1545 2584 2318 2627 exacting social standards imposed upon
1538 2624 2331 2674 servants, to cope with a neurotic hus¬
1541 2660 2327 2706 band, and to find room in her little world
1538 2697 2326 2747 for the lavish greatness of her power
1543 2741 2329 2791 to love, there shines the light immortal.
1553 2777 2263 2840 cannot help giving one quotation:
1609 2822 2321 2870 There Miss Eva sat, far more elegant
1583 2858 2159 2899 and stylish than either of her
2175 2862 2327 2909 parents,
1588 2895 2319 2938 resh, exquisite in contours, sensitive,
1581 2934 2330 2975 proud, defenceless, set apart, so voung in
1591 2960 2326 2992 er twelve years, childlike, childlike, child¬
1579 2990 1839 3029 like—broken!
1845 2995 2329 3034 The adults were roughened
1577 3026 2327 3067 and stained by the world, experience,
1589 3063 2318 3100 ears; Miss Eva had the divinity of inno¬
1574 3090 2328 3125 cence, and rather than that she should
1588 3118 2318 3174 ose a particle of it, the whole world ough
1583 3149 1853 3203 tobe destroyed.
1553 3196 2327 3239 That quotation, however, is really self¬
1546 3235 2320 3279 indulgence: it is so lovely that I like
1554 3275 2328 3317 tobe reminded of it. My proper busi¬
1550 3316 2334 3363 ness here is to criticise, not so much
1544 3354 2322 3398 the story itself (with which in any case
1547 3396 2331 3441 most of my readers will be familiar),
1554 3437 2328 3479 as the sumptuousness of this new and
1913 3470 2333 3522 The book is large in
1550 3469 1908 3521 special edition.
1562 3515 2332 3559 age and type, and runs to 86 pages:
1550 3549 2315 3590 the typography is nothing short of beau
1554 3588 2315 3633 tiful: the paper is a delight: an
1554 3625 2308 3670 there are many characteristic and stri
1552 3662 2299 3710 ing illustrations in colour by M
1808 3701 1960 3747 Kauffer.
2043 3699 2247 3752 Altogether,
2253 3736 2310 3784 TI
1562 3748 2193 3792 wvorthy setting of a noble thing.
1550 3781 2308 3825 edition is limited to 750; there are 10
1560 3818 2315 3863 specially bound copies, signed by autho
1553 3852 2093 3904 and artist, at five guincas.
1590 3923 2336 3995 I turn next to“ Early Sorrow,“' be¬
1563 3985 2337 4027 ause of a similarity of theme. (In its
1558 4021 2331 4065 own much more modest way, I should
1561 4060 2341 4120 add, this little book also is very well pro¬
1969 4095 2044 4134 4 1.
2351 2913 2392 2969 N
2365 3007 2396 3043 D
2357 3078 2387 3124 h
2360 3166 2388 3205 #
2372 711 2403 764 1
2353 908 2420 957 #11
2362 948 2430 997 SUS
2359 987 2429 1038 44:
2360 1108 2390 1149 11
2389 1087 2429 1149 1
2361 1144 2416 1195 tha
2364 1188 2418 1230 in¬
2363 1340 2406 1383 ad
2363 1531 2404 1576 C0
2360 1608 2401 1654 Dr
2364 1648 2405 1695 pL
2361 1687 2402 1727 ke
2359 1720 2399 1767 th
2360 1761 2414 1802 InC
2357 1796 2411 1845 by
2357 1843 2413 1879 an
2356 1949 2395 1997 in
2356 2024 2398 2071 ne
2367 2107 2396 2149 n
2363 2141 2401 2179 al
2366 2173 2408 2261 1
2362 2396 2392 2444 is
2361 2441 2406 2481 re.
2360 2471 2389 2514 I.
2368 2507 2401 2562 V
2528 280 2659 338 Guted.
2738 281 3226 339 Tile puslisniers Speek
2568 326 3283 372 a short novel, or long short story.
2530 355 3302 414 One appreciates their difficulty, There
2524 399 3299 441 is in fact no word or phrase in our lan
2524 443 3305 491 guage exactly to describe this form
2529 487 3292 530 of art. Even“ story,“ though true and
2537 520 3293 573 lecessary, gives a wrong impression
2541 557 3017 609 he actual narrative in
3021 558 3295 609 * Early Sor
2531 590 3296 640 row'' is slight: what is valuable, wha
2525 632 3297 678 is memorable, is the understanding re
2530 679 3237 725 vealed. There is a party, mixed
3240 677 3310 722 ofl
2522 711 3303 759 grown-ups and children: one of the
2531 753 3311 801 children is unhappy at being parted
2522 786 3306 833 from one of the grown-ups: she has t0
2532 827 3185 875 be comforted. That is really all,
3189 825 3298 880 Tet
2522 870 3302 909 on its modest scale the sketch is a mas¬
2534 906 3293 956 erpiece. It could not have been writter
2535 944 3301 990 xcept by a man of genius. It catches,
2520 982 3301 1024 in one brief picture of transitory unrea¬
2524 1021 3304 1062 sonable grief, the sense of the world¬
2524 1059 3304 1104 grief which does not pass, and for which
2523 1101 3053 1152 there are so many reasons.
2884 1144 2958 1188 # *
2573 1172 3299 1234 With" Fräulein Else“’ we turn from
2523 1217 3307 1274 the sphere of simple sorrow to that of
2526 1263 3299 1307 morbid desire and the violations of vir
2524 1299 3303 1354 ginal reserve.“ The chariest maid is
2535 1337 2861 1394 prodigal enough
3125 1340 3298 1394 and pool
3041 1340 3101 1385 77
2522 1380 3304 1425 Else, chary to the point of hysteria, was
2528 1417 3302 1462 Called upon to be more prodigal than
2522 1454 3298 1511 tliat. We are still dealing with genius
2524 1497 3301 1539 hut 1 think I said when I reviewed this
2536 1539 3299 1585 vork in a less grand edition, and any¬
2530 1575 3298 1630 way 1 still think, that it is far from
2530 1615 3161 1658 ranking with its author’s best.
3181 1617 3300 1667 The
2524 1649 3299 1699 decorations are elaborate and effective,
2525 1692 3311 1735 and the faintly-coloured illustrations
2523 1732 3274 1790 well catch the note of fever and fear.
2888 1771 2959 1829 *
2564 1811 3292 1867 A little book (only 32 pages, here)
2529 1857 3305 1898 whose high price is justified by the ex¬
2531 1902 3290 1949 ellence of the production, is“ Abyss,'
2522 1934 3307 1984 by Andreyev. Judged as an object to
2528 1964 3306 2015 handle, it would make a good Christ¬
2526 2012 3298 2062 mas present: judged as an object to
2525 2051 3300 2110 read, it would clash rather surprisingl
2538 2089 3294 2132 vith what the recipient might be ex
2528 2128 3301 2171 pected to consider the Christmas spirit.
2528 2162 3300 2228 t is a hideous story—of physical rape
2522 2202 3020 2249 and spiritual madness.
3033 2206 3297 2256 To call i
2563 2245 3297 2295 powerful'' is miserably to understaie:
2527 2282 3301 2337 it has a gloomy and overmastering
2524 2320 3298 2364 force which leaves the brain of the
2526 2360 3307 2419 reader with the sensation of scar and
2530 2397 2621 2457 stain
2884 2434 2952 2487 N *
2562 2462 3306 2532 The“ Fables' of Mr Powys are
2521 2515 3301 2566 issued in a limited signed first edition.
2528 2556 3292 2607 Again, the production can be praised
2530 2603 3295 2647 wvithout reserve. Nor is there this time
2530 2634 3296 2677 any question of a small bulk recom¬
2518 2670 3300 2728 Diended by a fine dress. There is plenty
2512 2707 3300 2766 5f matter—perhaps almost, considering
2520 2751 3292 2806 the manner, too much! For ihe fable
2524 2791 3294 2841 is a delicate and brittle form: handlec
2528 2830 3301 2877 wvith the least degree of clumsiness,
2516 2873 3304 2911 overburdened with detail, it beginsto
2528 2905 3296 2956 rack. Mr. Powys, whose command 0
2516 2949 3292 2991 strong and nervous prose is as conspieu
2526 2986 3292 3037 us as ever, partly solves and partly
2520 3035 3301 3075 evades this difficulty by making some
2523 3065 3294 3113 of his apologues less fabulous than
2525 3101 3292 3142 others. Some, indeed, like“ The Spitt
2522 3140 3300 3184 toon and the Slate,“ approximate to the
2519 3180 3303 3227 ordinary Powys story at its most
2531 3224 3305 3266 arshly realistic: while in others, such
2525 3263 3304 3305 as“ The Ass and the Rabbit, the moral
2525 3293 3298 3341 (I suppose a fable should have a moral)
2530 3336 3295 3378 s at least as obvious as any one could
2526 3377 2629 3425 wish.
2633 3381 3303 3424 The volume is one which
2531 3420 3295 3466 admirers of Mr. Powys’s highly indi¬
2522 3454 3197 3518 vidual talent will wish to possess.
2880 3498 2953 3544 *#*
2558 3521 3296 3585 In the main portion of“ The Hill of
2526 3574 3303 3627 Cloves, Miss Romer Wilson fully 'lives
2530 3617 3297 3663 upto her reputation as a writer of spon¬
2532 3656 3305 3698 aneous and lyrical prose. It must be
2531 3692 3307 3734 dmitted that her sub-title makes an
2529 3730 3295 3772 admission: and the admission itself, it
2519 3771 3304 3812 I mav so express myself, must also be
2528 3809 3298 3853 admitted. The part of the story—or
2524 3847 3307 3905 rhapsody, or what you will—which
