3248 4256
112 110 971 207 31. Fraeulein Else
1147 116 1459 213 box 5/
319 163 974 222 # en een en e e ten es e e e un Aene en
153 1366 1319 1428 word is wasted. Nor, on the other hand, are we spared
147 1421 1322 1475 a single twist of her mind’s working, or a single sinister
146 1463 1319 1519 motive. The suspense never drops, and we are carried
147 1512 1327 1568 along her mad course scarcely conscious that it is mad
150 1568 1309 1617 or outside our own lives. Schnitzler has created reality.
930 1601 1229 1671 ELxEar RANn
840 1649 1312 1708 Baltimore Evening Sun
146 1755 1317 1820 Schnitzler is much too accomplished a craftsman, much
147 1816 1322 1874 too sincere a genius, to content himself with a piece of
151 1861 1313 1917 mere stunt-writing such as we get from our May Sin¬
152 1906 1318 1958 clair’s, our David Garnetts, Virginia Woolfs, and James
137 1956 1316 2009 Joyce imitators. Schnitzler has conformed to as strict
147 2000 1318 2053 and diflicult a set of rules as any of the above-mentioned
155 2044 1318 2098 writers ever set themselves, but when we have finished
144 2093 1320 2153 this novel, we feel that he has told us his störy in the
152 2138 1309 2197 only way it could be told—not in the most, gifficult way
155 2179 1325 2244 he could think of telling it. To this reviewer’s mind(it
147 2230 1320 2298 is the finest piece of fiction to be published in America
151 2278 322 2340 this fall
978 2282 1322 2345 The Living Age.
136 2336 200 2403 2
148 2391 1315 2458 Up to this moment the sbort novel which we have liked
152 2445 1316 2497 best has been Frank Swinnerton’s Nocturne, a compas¬
151 2490 1312 2551 sionate, throbbing storv. But Fräulein Else is a greater
153 2538 1312 2593 story, more subtly told, more sympathetically lived.
147 2573 1316 2639 Perhaps it is only that the Viennese are more truly cap¬
149 2626 1319 2680 able of feeling life than are the English; but there it is.
163 2672 1328 2729 Whatover the reason, Fräulein Else has torn at our
149 2718 1329 2773 heart more cruelly than any fiction we have read in a
152 2768 489 2830 long, long time.
150 2802 1330 2872 Nobody can fail to rank a thing like this among the
155 2853 1316 2913 really great and lasting achievements of writing. Fräu¬
155 2901 1324 2962 lein Else is the kind of work which makes everybody
158 2959 1321 3015 who tries to write anything, even little reviews, sick with
155 3010 1335 3058 envy and full of admiration for a novel so full of bitter
147 3041 291 3106 truth.
835 3044 1340 3119 Faxpxnick C. NELsoN
914 3097 1244 3163 Hartford Times
1455 1365 1718 1460 FRAULEIN
1517 1458 1665 1538 ELSE
1540 1611 1630 1680 BY
1491 1710 1680 1770 ARTHUR
1451 1755 1712 1824 SCHNITZLER
1507 2620 1665 2710 81.50
1466 3023 1725 3094 SIMON AND
1485 3087 1702 3149 SCHUSTER
1756 1530 3135 1640 Prautcrn Lree
2297 1741 2611 1834 4 Novel by
1753 1935 3153 2035 ARTHCR SCHMTTZEER
2269 2153 2632 2241 Translated by
2172 2242 2720 2343 ROBERT A. SIMON
1754 2602 3144 2714 PHTRE PRTNTING
1760 2700 3125 2808 (SEE FLAPS AND BACK OF JACKET FOR REVIEWS)
1755 2973 3149 3074 SIMON AND SCHUSTER
