3248 4384
227 176 1072 258 31. Fraeulein Else
1247 177 1481 270 box 5
521 494 1357 586 CASINOS IN ÖSTERREICH
624 566 1257 643 Baden Salzburg Semmering
515 604 1359 682 Roulette — Baccara — Chemin de fer
527 691 1360 753 Österreichische Casino A. G.
524 721 1357 796 Wien III, Schwarzenbergplatz 5a
529 849 1001 949 „OBSERVER“
772 908 1370 971 I. österr. behördlich konzessioniertes
774 952 1358 1007 Unternehmen für Zeitungs-Ausschnitte
767 991 1369 1046 Wien!, Wollzeile 11, Telephon R-23-0-43
532 1173 872 1251 Ausschnitt aus:
672 1207 1074 1340 Neues Wiener ab
543 1398 671 1461 vom:
868 1412 1275 1516 Zhov. iSs0
372 1565 1400 1674 Von der Landwirtschaft auf die
758 1646 1013 1736 Bühne.
351 1720 1484 1789 In einer der Hauptrollen von „Fräulein Else“, als Herr
288 1758 1482 1828 von Dirstay, wird im Theat#r=in der=Josefstadt ein
281 1822 1483 1877 neuer Schauspieler, Kaspar Brandhofer, zum erstenmal
284 1877 1484 1941 auftreten. Brandhofer, ein gebürtiger Tiroler, war bisher
283 1923 1482 1979 als Landwirt tätig. Im heurigen Sommer suchte er War
279 1964 1476 2018 Reinsardt in Salzburg auf und trug ihm Stellen aus
284 2011 1476 2080 „Faust“ und „Macbeth“ vor. Reinhardt gewann den Eindruck,
275 2058 1479 2128 daß Brandhofer eine ungewöhnliche schauspielerische Be¬
281 2112 1477 2165 gabung besitze, und empfahl ihn dem Direktor Hofrat Doktor
276 2158 1473 2210 Lothar. Lothar engagierte Brandhofer auf Grund eines
283 2200 1476 2255 Probesprechens sofort für die Josefstadt. Auch das Burg¬
280 2250 1472 2316 theater hat sich bereits für Brandhofer interessiert. Brand¬
276 2299 1471 2380 hofer ist bereits etwa dreißig Jahre alt und hat sich durchaus
274 2352 1130 2414 autodidaktisch als Schauspieler ausgebildet.
805 2648 1103 2727 Unternehmen
804 2708 1352 2791 für Zeitungsausschnitte
573 2744 824 2840 WIEN. I.,
569 2821 1349 2924 Wollzeile 11 : Telephon R 23-0-43
552 2957 897 3036 Ausschniff aus
1000 2986 1221 3101 Der Tat.
560 3108 674 3169 vom
878 3115 1144 3217 3 ROV.
502 3251 1251 3308 Ein neuer Schauspieler in der Josefstadt.
553 3278 1392 3355 Kaspar Brandhofer, der Nax Kein¬
502 3351 1381 3408 hardt in Salzburg vorsprach und auf dessen
510 3400 1386 3459 Empfehlung hin von Hofrat Lothar engagiert
511 3439 1383 3501 wurde, debütiert in Schnitzlers „Fräulein
505 3491 1380 3551 Else“ am Theater in der Josefstadt. Er wird
508 3543 1381 3597 die zuerst Edthofer zugedachte Rolle des Herrn
495 3596 1385 3646 von Dirstay spielen. Kaspar Brandhofer war bis¬
509 3632 1390 3709 her Landwirt und erscheint zum erstenmal auf
492 3685 716 3744 der Bühne.
1775 1355 1858 1477 60
1772 1768 1854 1820 nn
1824 1127 1876 1191 *
2304 941 2605 1076 SE
2063 1062 3011 1131 L österr. behördl. konzessioniertes Unternehmen für
2353 1107 2723 1168 Zeitungs-Ausschnitte
2201 1140 2878 1222 WIEN, I., WOLLZELLE 11
2348 1204 2725 1291 TRLPFHON R 23-0-43
1939 1309 1998 1352 22
2054 1313 3008 1409 Ausschnitt aus: „NEUES WIENER JOURNAL“
1920 1346 1994 1433 2
2053 1501 2170 1588 VOmm
2582 1505 2936 1624 NOV. 336
1944 1742 3030 1842 Endgültige Besetzung von „Fräulein
2390 1811 2530 1905 Else
2147 1873 2780 1975 Die nächste Rovität der Josefstadt.
1996 1958 3079 2029 Direktor Hofrat Dr. Ernst Lothar tritt heute eine längere
1891 2013 3089 2076 Auslandreise an, die ihn zuerst in die Tschechoslowakei und dann
1896 2063 3082 2119 nach Deutschland führen wird. Es ist dies die erste Auslandreise,
1893 2118 3092 2178 die Hofrat Dr. Ernst Lothar in seiner Eigenschaft als Direktor des
1891 2160 3094 2227 Theaters in der Josefstadt unternimmt. Zweck seiner Reise ist es,
1891 2206 3087 2270 in den erwähnten Staaten neue Stücke, vor allem aber neue
1891 2257 3092 2323 Schauspieler zu sehen, um sie möglicherweise für das Theater in
1893 2310 2390 2373 der Josefstadt zu gewinnen.
1991 2350 3088 2420 Unmittelbar vor seiner Abreise hat Hofrat Dr. Lothar die
1895 2399 3085 2464 Besetzung des Schauspiels „Fräulein Else“, eine von ihm
1895 2442 3093 2516 verfaßte Dramatisierung der berühmten Schnitzlerschen Novelle,
3000 2493 3055 2558 TDUN
1893 2498 2864 2558 endgültig bestimmt. Sie lautet: RechtsaallDe.
1888 2539 3026 2606 Bassermann; dessen Frau — Lilian Skalla; Else, deren Tochter
1891 2603 3077 2656 Rose Stradner; Dr. med. Paul T. — Erik Frey; Tante Emma,
1897 2650 3080 2703 Schwester des Dr. T. — Else Bassermann; Dr. Dorstay,
1895 2754 3079 2816 Antiquitätenhändler — Karl Brandhofer (diese Rolle hätte ur¬
1894 2787 3080 2866 sprünglich von Anton Edthofer gespielt werden sollen, der aber
1899 2851 3089 2912 mit Rücksicht darauf, daß er schon seit Monaten ununterbrochen
1901 2892 3078 2963 beschäftigt ist, um eine kleine Erholungspause angesucht hat, um
1903 2934 3087 3005 erst in der Weihnachtsnovität „Matura“ von Fodor wieder auf¬
1893 2983 3086 3066 zutreten; Brandhofer ist ein neuer, von Hofrat Lothar entdeckter
1906 3030 3079 3108 Schauspieler, dessen Auftreten in der Josefstadt zugleich sein Debüt
1900 3088 3030 3155 ist); Frau Zissy Mohr — Adrienne Geßner; Frau Winerwer
1896 3117 3088 3206 Lina Woiwode; Portier — Max Brebeck. Die Regie führt Hans
1912 3181 3089 3252 Thimig, die Bühnenbilder entwirft Otto Niedermoser. „Fräulein
1908 3226 3093 3301 Else“ gelangt als nächste Novität des Theaters in der Josefstadt,
1905 3281 3089 3344 nach „Monsignores große Stunde“ von Emmet Lavery und „Es
1905 3320 3089 3413 kommt nicht zum Krieg“ von Jean Giraudoux zur Uraufführung.
