3248 4256
721 122 924 198 Else
284 123 680 195 raeulein
1081 118 1404 214 box 5/1
281 163 455 222 2 S 1
521 174 912 245 eretenenenetenenen enenesene a
739 974 2170 1054 second empire“. Es ist ein meisterlicher Roman, der weitaus beste Heinrich
754 1043 2165 1108 Manns, ein klar und streng gebautes Werk, in dem alles Einzelgeschehen, alle
746 1101 2167 1156 beunruhigenden Einzelreize der farbigen Sonderwelten dem Ganzen, der Idee
739 1145 2154 1202 eingeordnet sind: reife Frucht einer hohen Willensdisziplin, da eine ursprüng¬
740 1189 2155 1245 lich analytisch-diskursive Natur sich zur Gestaltenschau erzieht und die dia¬
748 1239 2166 1302 lektische Idee zum Bilde zwingt; ein Werk höchster Sprachzucht, dessen Dialog
748 1283 2170 1350 herrisch konzentriert, geistig überwahr und zugleich sinnlich, dessen Prosa
745 1344 2169 1396 ohne Lyrismen, unerbittlich in der logischen Leidenschaft und farbenstark ist
749 1386 2162 1452 und einen Rhythmus voll expressiver Wucht und kühner Übersteigerungen hat
794 1432 2172 1488 es ist, neben der freilich ganz anderen Prosa Thomas Manns, die beste
741 1486 1088 1547 nachnietzschische.
803 1534 2163 1594 In letzter Ironie gegen die bürgerliche Zivilisation, dem Kommenden leiden¬
746 1582 2155 1642 schaftlich dienend, stellt Heinrich Mann die tief unechte und menschenfeind¬
746 1630 2158 1690 liche wilhelminische Epoche dar, die Epoche militaristisch-industriellen Ge¬
752 1685 2160 1735 waltrausches und schamlosesten, die Volksseele verfälschenden und vergif¬
741 1737 2162 1793 tenden Widergeistes, die Epoche bitterer Unfruchtbarkeit und Hoffnungslosig¬
751 1774 2161 1834 keit in allen Triumphen und Orgien des Erwerbs und Genusses, der Gier und
740 1835 2111 1897 Lüge: Leerlauf und Abtanz und das Chaos am Ende, da die Zeit erfüllt ist.
746 1877 2161 1933 Klaus Terra und Wolf Mangolf, die beiden in Liebeshass verbundenen Freunde,
752 1937 2165 1985 jener aus großbürgerlicher, ewiger Ordnung gewisser, dieser aus kleinbürger¬
742 1975 2169 2042 licher Sphäre herkommend, sind die Zwanzigjährigen von 1890, pathetisch und
754 2022 2155 2082 voll bedrängter Leidenschaftlichkeit, Mangolf jedoch schon ein wenig wirklich¬
746 2069 2158 2131 keitsnäher, nüchterner als der hochfliegende Terra. Früh streben sie über die
747 2122 2158 2182 Bürgerlichkeit hinaus, über die sie beide sich im klaren sind, Terra noch schau¬
752 2176 2171 2236 dernd, Mangolf schon realistisch-gefasst. Man höre das kontrapunktische,
749 2225 2168 2277 unbedingte Gespräch der Zwanzigjährigen (sie wechseln immer wieder solche
744 2278 2046 2344 Repliken, ihr Leben lang, in immer „unerbittlicherer“ Freundschaft):
803 2326 1711 2379 Mangolj: „Wer die Macht hat, dem glaubt man.
807 2370 1596 2437 Terra: „Dann darf es keine Macht geben.
811 2409 1927 2490 Mangolf: „Sie ist aber da. Und jeder will sie mitgenießen.
800 2466 1302 2537 Terra: „Du sinnst Verrat.
813 2511 2168 2580 Mangolf: „Du schwörst auf die Vernunft. Aber das Unvernünftige sitzt
750 2565 1898 2621 in uns allen viel tiefer, und in der Welt bewirkt es viel mehr.
802 2613 1687 2673 Terra: „Sauber muss es aussehen in so einem.
811 2671 2168 2733 Mangolf: „Ich verachte deine Sauberkeit. Das Wissen erwirbt sich erst in
740 2716 1909 2775 Abgründen, die nicht sauber sind. Was weißt du vom Leiden.
814 2765 2174 2815 Und jeder weissagt dem andern, dass er schlimm enden werde: der eine wegen
744 2816 2166 2874 seiner vergewaltigten, der andere wegen seiner unbefleckten Vernunft. Mit
746 2856 2171 2916 Augen voller Glut und Hass stehen sie einander gegenüber — wie einst ihre
747 2906 2161 2971 Urgroßväter, sie wissen es, da einer den andern (in dem kurzen Vorspiel des
745 2952 2160 3016 Romans) um des Geldes willen erwürgte: ihnen aber, den jungen Radikalen,
750 3008 2170 3069 ist es um den „Geist“ zu tun. Sie geraten auseinander. Mangolf, der sich von
752 3050 2153 3114 seiner Jugendliebe, der Schwester des andern, getrennt hat („Erfolg haben
750 3111 2170 3176 ist seine Losung, es ist die Losung eines ganzen Geschlechtes), kämpft sich
748 3162 2161 3216 nach oben, in einem jahrelangen, zähen, rechnenden, heuchlerischen, hass¬
752 3205 2168 3278 und selbsthassvollen Kampf hinaus über das Gelichter. Fern, ausgemerzt der
2075 3280 2177 3356 767
