3296 4256
1137 146 1231 194 nete
471 146 1012 198 ein Detail zu sammeln, das
349 183 1225 235 aus seinen Widersprüchen zu entfalten und
358 215 1230 284 diese, heimlich oder offen, dem Vergleiche
359 260 1222 336 preiszugeben, ihre besondere Vollkommenheit
361 315 1224 377 rreicht und zu Ende führt. Fräulein Else —
368 359 1224 425 das ist die Tochter eines späien, sich selbst auf¬
370 405 1228 461 serenden Bürgertums, die, indem sie glaubt,
374 458 1229 508 im die Reitung ihres Vaters zu kämpfen, der
373 494 1223 553 ine Defraudation von Mündelgeldern be¬
383 540 1232 597 angen hat, um ihre Keuschheit kämpft, und
370 585 1225 641 ndem sie glaubt, um ihre Keuschheit zu
368 627 1224 683 ampfen, mit ihren Trieben im Streite
350 675 1234 734 liegt, und indem sie mit ihren Trieben
415 729 1239 771 aber die Schichten von Impulsen und Mo¬
362 758 1238 815 tiven liegen, steigend und fallend, über= und
366 802 1225 867 untereinander, verqueren, vermengen sich in
360 848 1231 908 ihr. So erscheint Elsens Bild im Umriß: ein
366 904 1222 953 schöner, zärtlicher Adel und eine empfundene,
371 942 1224 1013 ast schon gewußte Nichtigkeit, die nach Selbst¬
350 988 1224 1051 vernichtung drängt und, seltsam, vielleicht
465 1031 1232 1089 mit jenem identisch ist. „Fräulein
351 1049 428 1095 Fer
368 1078 1240 1134 Eise“ ist eine „monologische Novelle“, die Tech¬
359 1135 1232 1192 nit des — gewissermaßen motorisch weiterleiten¬
361 1177 1226 1228 den — Selbstgesprächs, die Schnitzler schon ein
352 1214 1227 1280 Vierteljahrhundert früher in „Leutnant Gustl“
353 1263 1234 1319 angewendet hatte, ist hier neu wieder aufge¬
364 1294 1227 1362 nommon. Etwa, könnte man sagen, wie der
356 1347 1235 1409 Psychoanalytiker aus den vom Unbewußten
357 1396 1241 1455 her heraufsteigenden Einfällen des Patienten
362 1438 1234 1493 ein psychologisches Bild zusammensetzt, wird
356 1486 1244 1542 hier aus der Vielfalt von Erinnerungen und
350 1530 1237 1591 Assoziationen Figur und Umwelt heraus¬
361 1586 1236 1640 gebildet. Freilich wäre die Technik der mono¬
360 1630 1229 1683 logischen Novelle nicht überall verwendbar, sie
361 1666 1243 1725 setzt Eharaktere voraus, die in der Reflexion
354 1715 1247 1778 des Selbstgespräches nun auch wirklich leben,
362 1757 1232 1822 im selbstan erischen Rückblick auf sich selbst,
361 1804 1230 1856 oder Katastrophennaturen, die, in einer letzten
369 1849 1235 1906 Erhöhung, der Traum, den sie von sich selber
363 1899 1233 1952 träumen, bezaubert und sie zerstört, indem er
372 1946 1247 1994 sie bezaubert. Arthur Schnitzler las an seinem
364 1992 1243 2038 Abend persönlich jene Novelle vom „Leutnant
372 2033 1231 2094 Gustl“ die technische Vorgängerin von „Fräu¬
377 2078 1246 2126 ein Else, in der mit der Figur des kleinen
375 2122 1239 2174 Leutnants nicht nur dessen eigene hypochon¬
370 2167 1246 2220 drische Katastrophe (sie ist eine, trotz des mun¬
366 2212 1247 2267 tern Ausgangs), sondern in scharfer Verkür¬
375 2257 1237 2322 zung zugleich die Gesellschaftsschicht, der er an¬
368 2308 1240 2367 gehört, mit früher Beherrschung der Mitel dar¬
365 2350 611 2419 gestellt wird.
436 2381 1248 2467 „Fräulein Else“ also wurde von Elisabeth
368 2447 1246 2520 Bergner gelesen. Eine große Rezitations¬
376 2505 1248 2559 aufgabe, in der irgendwie die Impulse und
373 2539 1249 2596 Ernegungen der großen Rolle stecken. Sie will
368 2599 1249 2642 angefaßt, streng gearbeitet und in allen
371 2634 1257 2695 Nuancen bestimmt und ausgewogen sein, soll
380 2676 1255 2731 nicht Elsens Charakter in — bald nicht mehr
379 2722 1251 2772 überblickbare — Einzelzüge aufgelöst werden.
380 2765 1243 2826 Elisabeth Bergner scheint das mit Klar¬
372 2807 1256 2870 heit empfunden zu haben, hielt sich un¬
368 2859 1254 2913 verführt durch die schauspielerische Gelegenheit,
373 2904 1249 2963 legte das Gewicht auf Gliederung und erzähle¬
373 2953 1249 3007 rischen Fluß. Dabei vereinfachte sich Else
374 3004 1249 3058 vielleicht allzu sehr, sie hat ja nicht nur
386 3040 1253 3097 Unschuld, sondern auch böse Einsichten, sie weiß
388 3081 1260 3140 in ihrer Verwirrung doch, wo sie steht, wie die
376 3130 1246 3179 Welt aussieht, in der sie lebt. Aber wenn
384 3174 1257 3230 Elisabeth Bergner sie gradliniger nahm, als sie
393 3224 1258 3276 st, so gewann sie damit die Freiheit, sie so
375 3270 1260 3324 schön vor uns aufwachsen zu lassen, sie über
379 3309 1257 3364 das Psychologische hinaus so unmittelbar und
386 3357 1255 3416 schicksalhaft zu machen, wie es in ihrem Vor¬
974 3401 1241 3482 Leo Greiner.
369 3406 623 3484 trag geschah.
2068 224 2546 335 Germania, Berlin
2121 387 2374 491 Feb. 1926
1737 474 2831 567 Arthur=Schnitzler=Abend. Diesmal hat der Verband
1656 496 2836 598 Deutscher Erxühler seine Gäste in den großen Plenarsaol
1653 561 2834 643 des Reichstages geladen. Und daß er recht hatte, bewies das
1660 615 2821 675 vollbesetzte Haus. Aber es wartete auch aller ein seltener Genuß;
1667 647 2819 716 Elisabeth Bergner las die Novelle vom „Fräulein
1657 685 2821 760 Else“, jene aus einem einzigen Selbstgespräch aufgebaute er¬
1659 722 2827 795 schütternde Begebenheit in irgendeinem Hotel, in dem eine
1658 763 2826 832 Neunzehnjährige sich für ihren Vater so seltsam opfert. Es ist
1667 803 2826 862 ein überaus feines Meisterstück aus Sprachkunst, Menschen¬
1660 836 2164 888 kenntnis und Traurigkeit.
2224 844 2817 907 Und die Schauspielerin wußte
1654 871 2822 950 schwebende Zartheit, weiblichste Verängstigung und dämmrige
1662 913 2814 979 Melancholie zu mischen zu einer Verlebendigung, die in allen
1664 949 2823 1037 sichtliche Wirkung hinterließ. Immer und immer wieder wurde
1663 1092 2814 1164 sie herausgeklatscht. — Dann nahm der Dichter selbst das Wort
1657 1139 2814 1206 und las seinen „Leutnant Gustl“ diese sanfte Ironie auf
1664 1175 2814 1227 einen Ehrwütigen. Was Schnitzler an Vortragsvermögen ab¬
1656 1208 2818 1276 geht, ersetzt sein Wiener Humor, der Reihe für Reihe die warme
1665 1247 2815 1314 Färbung des singenden Dialektes unterschwingt. Auch er konnte
1661 1290 2815 1347 den reichen Dank seiner Hörer, unter denen sich hohe Gäste
1661 1322 2145 1369 befanden, entgegennehmen.
2591 1341 2785 1384 H. Behm.
1785 1414 2552 1556 Berliner Allgemeine Zeitung
2324 1661 2565 1752 an M
1934 1766 2618 1897 Arthur Schnitzler-A
2237 1874 2363 2003 Rei
1993 1996 2790 2071 Der Verband Deutscher Erzähl¬
1947 2053 2810 2107 pflegt für seine Dichter=Abende gewöhnlich als
1949 2100 2808 2146 angestammten Schauplatz das Herrenhaus zu
1950 2140 2804 2207 wählen. Es war zu klein für den Andrang, der
1952 2176 2795 2246 dem jüngsten, Ar.fur Schnitzler, gewidmeten
1954 2229 2814 2287 Abend galt, dem Elisabeh Bergner ihre Mit¬
1944 2270 2803 2328 wirkung zu leihen versprochen hatte. Der Name
1952 2313 2799 2372 dieser Schauspielerin stellt ja doch höchste Er¬
1958 2355 2811 2422 füllung geistiger Genußfreudigkeit in sichere
1946 2399 2799 2462 Aussicht. Schlicht und doch niemls karg im
1957 2439 2794 2495 wechselnd bewegten Ausdruck, den feitsten Ge¬
1956 2485 2816 2544 fühlsschwingungen einer jungen Dame unserer
1956 2530 2805 2579 Zeit mit intensivstem seelischen Miterleben be¬
1961 2576 2801 2637 hutsam nachspürend, las sie Schnitzlers Mono¬
1953 2618 2807 2669 lognovelle „Fräulein Else“. Dieses skeptische
1951 2663 2801 2730 Kind des zwanzigsten Jahrhunderts wird vor
1946 2705 2799 2769 den Konslikt #estellt, durch Preisgabe ihrer
1940 2749 2797 2807 Keuschhei den Vater aus einer schwietigen,
1954 2790 2808 2862 durch seine Spielleidenschaft herbeigeführten
1940 2830 2802 2892 Situation zu retten. Sie geht, so gut wie
1957 2881 2801 2936 irgendein junges Mädchen anderer, früherer
1949 2931 2809 2990 unkomplizierterer Zeitläufte, an diesem Konflikt
1955 2972 2799 3031 zugrunde. Ihr schmerzloses Hinüberdämmern,
1953 3018 2795 3074 nachdem sie die letzte Konsequenz gezogen
1949 3055 2798 3105 und den freigewählten Tod gesucht hat, gewann
1945 3096 2804 3150 in der hinreißenden Wiedergabe durch Elisabeth
1952 3139 2804 3210 Bergner eine erschütternd stille Kraft mädchen¬
1948 3179 2341 3231 haften Märtyrertums.
1992 3226 2800 3300 Endloser Beifall entlud sich danach über die
1941 3276 2648 3342 weißgekleidete, vielgeliebte Künstlerin.
2003 3323 2801 3379 Arthur Schnitzler selbst brachte den zweiten
1940 3363 2793 3428 Beitrag des reichen Abends. Seine (ältere) No¬
1944 3414 2805 3460 velle „Leutnant Gustl“, gleichfalls ein Meister¬
1949 3461 2804 3512 werk in der #eschlossenen Form, der Konzen¬
1941 3496 2794 3557 tration des Stoffes, nahm in seinem sachlich
1940 3552 2790 3598 unaufdringlichen Vortrag ganz persönliches,
1947 3586 2794 3636 von äußerster Wahrheit erfülltes Leben an.
1954 3630 2795 3683 Leutnant Gustl ist ein Typ, keine Indinihua¬
1946 3667 2801 3726 lität, Dünkel, Unbildung. Ueberheblichkeit und
1951 3712 2802 3759 Raufboldtum gewisser militärischer Kreise vor
1950 3758 2797 3804 dem Krieg treten hier erschreckend und unbe¬
1953 3801 2805 3855 schönigt klar zutage. Kein schönes Bild, aber
1950 3840 2335 3909 ein volles Kunstwerk!
2004 3886 2793 3950 Wieder dröhnte der Reichstagssaol lange
1945 3932 2308 3995 von dem Geprassel
2329 3939 2803 3999 klatschender Hände, denn
1952 3975 2314 4052 dieser österreichische,
2317 3976 2816 4049 deutsche Dichter und sein
