3248 4192
1124 96 1477 191 box 5/1
103 103 952 192 31. Fraeulein ElIse
668 592 761 654 604
1475 592 1980 661 Geschichte der Medizin.
2617 602 2774 658 Nr. 19.
672 718 1701 778 zückung das Wesen erkannt haben, durch dessen
1746 713 2773 778 die Arzte, doch gehört wohl dieser Typ des Arztes
671 773 1690 818 feurige Umarmung sie Mütter wurden. Und trotz¬
1756 769 2774 821 dem 10. Jahrhundert und auch Hauptmann
677 816 1693 879 dem gilt die uralte heilige Sage aller Völker von
1749 814 2773 867 wird wissen, wie sehr die „Seele“ heute den Arzt
682 863 1695 918 der unbefleckten Empfängnis als höchstes Insel¬
1752 863 2765 920 oft mehr als der Körper beschäftigt. Thomas
678 911 1698 965 gesetz. Hauptmann kennt zweifellos die Werke
1744 910 2763 963 Mann spricht das in seinem „Zauberberg“ deut¬
685 961 1693 1011 Wundts und Freuds über das „Tabu“ und ge¬
1748 956 2764 1013 lich aus, zu dessen inselhafter Einsamkeit wir uns
675 1008 1699 1054 braucht auch dieses Wort für dies fast unweib¬
1748 1003 2765 1060 jetzt von der Ile des Dames fort wenden wollen.
673 1054 1700 1105 lich scheinende Stillschweigen. „La recherche de
1748 1060 2763 1105 In der Höhenluft von Davos, fern vom unbe¬
676 1098 1693 1157 la paternité est interdite. Dieser Grundsatz wurde
1744 1098 2770 1160 greiflich gewordenen „Flachland“, wo man nicht
677 1155 1694 1206 noch immer aufrecht erhalten. Und ob nun
1745 1145 2773 1197 einmal weiß, wie man zuf Liegekur die Decke
680 1195 1698 1245 Mukalinda oder wie immer auch sonst von Göttern
1753 1188 2758 1245 doppelt umwirft und mit der „Quecksilberzigarre“
1749 1242 2768 1295 im Munde sich der Kur hingibt — in der von
678 1250 1696 1295 oder Heroen im Spiele war, es würde nicht leicht
676 1294 1695 1351 gewesen sein, sie aufzufinden und nun gar in einer
1750 1291 2773 1342 Stubenschreien und Hustenstößen erschütterten
1751 1336 2774 1387 Luft des Bergsanatoriums, worder Chefarzt den
680 1348 1701 1393 so heiklen Sache zu überführen. — Schon lange
674 1384 1691 1438 vor Ablauf des zweiten Jahres nach Bihari Läls
1746 1384 2770 1444 Pneumothorax anlegt und bei Röntgenuntersuchung
1751 1432 2769 1494 im kühlen Kellerzimmer das Urteil über Leben
680 1432 1694 1482 Geburt war der Gedanke der übernatürlichen
678 1483 1695 1536 Zeugung in seinem beglückenden und erheben¬
1751 1478 2769 1534 und Tod spricht und wo der Assistenzarzt „mit
1754 1533 2767 1588 der schleghtän Chaussure“ die Seelen zergliedert
671 1525 1692 1586 den Werte erkannt und zum unantastbaren, weil
1744 1574 2766 1627 und heikle Themen vor den Kranken behandelt,
682 1577 1695 1631 alleinseligmachenden Dogma erhoben worden.
1750 1621 2773 1671 deren schwüle Erotik durch die Giftstoffe ihrer
674 1623 1689 1671 So war es recht, denn der Geist und das Auf¬
1749 1670 2774 1734 Krankheit so oft erregt und übererregt wird — in
675 1665 1697 1721 blühen von Ville des Dames sprachen unwider¬
1748 1714 2772 1769 diese Insel, die keinen Zeitbegriff kennt, deren
677 1717 1695 1770 leglich für seine Richtigkeit. Ubrigens würde
1750 1762 2773 1815 Bewohnern „drei Wochen wie ein Tag sind“, führt
683 1766 1692 1817 man es auch dann geglaubt und nicht im ge¬
1750 1808 2768 1861 der Dichter den Hamburger Flachlandsohn Hans
670 1815 1701 1869 ringsten bezweifelt haben, wenn man diese und
1747 1864 2773 1915 Castorp. „Auf drei Wochen“ zum Besuch des
674 1862 1696 1916 jene der Insulanerinnen in flagranti mit einem
677 1913 1694 1957 Manne ertappt hätte. Das Dogma hatte sich
1744 1905 2767 1960 kranken Vetters und zur Erholung nach leichter
1748 1951 2776 2005 Erkältung. Aus der Erkältung wird „die feuchte
680 1954 1702 2014 durchgesetzt, und es blieb vergeblich, daran zu
673 2010 1701 2058 rütteln.“ Und wie Phaon heranwächst bemerkt
1743 2000 2766 2057 Stelle“ und Diagnose einer Tuberkulose, da die
1750 2048 2766 2099 erhöhte Körpertemperatur erst spät sich als „endo¬
682 2050 1692 2098 eine der „regierenden“ Frauen (die als einzige der
1744 2095 2765 2147 krin“ und manchmal auch seelisch begründet ent¬
672 2093 1696 2155 Führerinnen auch dem Inselschicksal verfällt):
2507 2140 2770 2192 sieben Jahre.
680 2141 1697 2195 „Nach meiner Erfahrung haben alle Kolonistinnen
1754 2140 2508 2197 puppt und aus den drei Wochen —
683 2187 1684 2244 Phaon, das Kind unserer Kolonie, für tabu erklärt.
1753 2188 2766 2240 Erst der Krieg reißt den längst fachlandsbefähigten
681 2236 1693 2300 Raummangel verbietet es auf diese recht inter¬
1750 2233 2774 2286 Mann aus dieser Insel der Verzauberung, wo eine
682 2283 1561 2345 essante Tabu-Erklärung näher einzugehen.
1751 2283 2766 2340 weibliche Haut, die der Hofrat so naturgetreu
1749 2331 2767 2391 gemalt, es ihm angetan, wo in einer Faschings¬
747 2328 1694 2386 Es kommt dann beim Alterwerden der Kinder
1747 2373 2774 2425 nacht er der Aufforderung nachkam: Noublier
675 2388 1697 2441 zu einer Befestigung des Matriachats, zur Depor¬
1751 2429 2773 2486 pas de me rendre mon crayon.“ Derselbe Hans
681 2423 1693 2474 tation der Knaben „nach Wildermannland“ von
1754 2467 2777 2530 Castorp, der mit Abscheu und Entsetzen am
680 2473 1692 2527 wo die den Schluß des Buches bildende Revolution
674 2524 1696 2579 gegen die weibliche Vorherrschaft einsetzt, die
1752 2530 2773 2584 ersten Sanatoriumsmorgen bei dünnen Wänden
1756 2566 2766 2617 die Nachbarschaft des russischen Ehepaars be¬
678 2570 1700 2626 das Banner „Mann“ aufpflanzt und sozusagen dem
1753 2609 2777 2667 merkte, „deren Spiel in das Tierische überging“.
681 2619 1690 2670 natürlichen Phalluskult zum Durchbruch verhilft.
685 2660 1693 2710 Vorher spielt aber noch eine medizinisch inter¬
1748 2662 2771 2720 Ja, Clawdia Chauchat aß auch am guten Russen¬
677 2706 1692 2761 essante Episode. Die „Mütter“ besuchen die
1749 2708 2774 2760 tisch, nicht wie das Nachbarpaar am schlechten.
678 2754 1692 2817 Knabenkolonie und eine Mutter erkennt ihren
1748 2756 2777 2811 Und doch blieb unser Hans Castorp auch und
680 2805 1694 2852 Knaben, herzt und küßt ihn wild zum Entsetzen
1750 2802 2767 2851 wie Madame Chauchat ging und mit einem alten
679 2847 1700 2908 der „orthodoxen“ Frauen und besonders der Arztin,
1748 2847 2769 2912 Brummbär zurückkam und nach dessen Tode
681 2896 1694 2950 die den Muttertitel nur „honoris causa“ führt.
1754 2904 2772 2960 wieder ging. Wäre der Krieg nicht gekommen,
680 2941 1699 3001 Hauptmann überschreibt diese eine Seite
1752 2948 2771 2999 er wäre heute noch im Banne dieser einlullenden
676 3003 1692 3051 „medizinische Gildenmoral“: „Ihre Mentalität mußte
1758 2998 2768 3046 medizinischen Atmosphäre, trotzdem auch er am
683 3048 1698 3098 ja auch eine ganz andere sein, da ihr Blick ja
1745 3039 2771 3098 schlechten Russentische landete und der Vetter,
680 3086 1699 3136 überwiegend mit sowohl qualvollen als blutigen
1750 3085 2765 3141 den er besucht hatte, den kurzen Offizierstraum
1749 3133 2775 3190 längst mit der tödlichen Laryngitis hatte büßen
680 3135 1692 3184 körperlichen Vorgängen zu tun hatte und ihr der
685 3181 1697 3241 Eingriff mittels scharfer Instrumente in das lebendig
1754 3180 2766 3233 müssen. Diese Psyche eines Menschen, der sich
1755 3231 2772 3282 nicht losreißen kann vom Banne einer bis in die
676 3231 1701 3277 zuckende Leben alltäglich war. Auch war ihre
684 3276 1697 3328 Moral mit dem Eintritt in die medizinische Gilde
1748 3277 2770 3326 kleinste Einzelheit geregelte Kur, von der Kranken¬
680 3323 1704 3386 in der Moral dieser Gilde untergegangen. Sie
1749 3320 2765 3376 hausluft, der in seiner Unselbständigkeit dem Typ
2386 3366 2764 3431 trotz hoher Intelli¬
690 3372 1695 3427 ward beherrscht von der kalten nüchternen medi¬
1753 3377 2312 3428 eines infantilen Hysterikers
681 3417 1690 3469 zinischen Gildenmoral, die einmal das Vorhanden
1854 3414 2772 3484 — gleicht, hat uns der Dichter in viclen
1747 3419 1852 3473 genz
677 3469 1700 3520 sein der menschlichen Seele auf Grund der Tat¬
1759 3470 2772 3523 Exemplaren mit Meistergriffel gezeichnet. Auch
1749 3503 2775 3562 die ganze Einstellung vom Leben und Sterben
683 3516 1703 3569 sache bezweifelte, daß ihr noch bei keiner Obduktion
690 3574 1703 3617 und Sektion etwas wie eine Seele unter das
1760 3563 2783 3617 der Kranken untereinander ist lebenswahr und
683 3606 1706 3668 Seziermesser gekommen sei.“ So sicht der Dichter
1753 3616 2775 3683 plastisch geschildert. Ein ärztlicher Kritiker,
