3296 4224
126 117 978 187 31. Fraeulein Else
293 175 992 236 —
367 727 1143 899 Badgastem
377 974 784 1074 Heilkräftigste
369 1074 1158 1159 Radiumtherme der Well!
617 1172 1158 1255 Verlangen Sie Prospekte
611 1234 1159 1312 von der Kurkommission!
601 1402 1112 1530 „OBSERVER
603 1512 1144 1580 Erstes österreichisches be¬
606 1576 1145 1647 hördlich konzessioniertes
615 1622 906 1684 Unternehmen
601 1670 1141 1748 für Zeitungsausschnitte
378 1716 637 1802 WIEN, I.,
373 1792 574 1860 Wollzeile
585 1785 1142 1870 11 * Telephon R 23-0-43
363 1924 708 2011 Ausschnift aus
375 2066 854 2159 vom 24 DE7.
370 2209 1082 2284 „Fräulein Else“ in den Kammerspielen.
420 2244 1238 2307 *Ernst Lökhars Dramatisierung der Schnitz¬
373 2294 1236 2348 lerschen Novelle ist an dieser Stelle schon ausführ¬
379 2342 1242 2387 lich besprochen worden: wie sie die knappe mono¬
378 2383 1241 2426 logische Gestaltung eines menschlichen Sonderfalls
367 2422 1233 2469 aus guter Kenntnis der theatralischen und sohin
370 2457 1234 2506 dialogischen Notwendigkeiten nach allen Seiten
372 2503 1232 2553 zu erweitern sucht; wie sie anderseits mit sicherem
376 2535 1233 2579 Griff das Theaterwirksame aus dem kleinen, orga¬
375 2577 1235 2623 nisch gewachsenen Kunstwerk des Dichters geschickt
383 2613 1238 2658 herausdestilliert; wie sie es für den vornehmen
372 2652 1233 2697 Gebrauch der Josefstädter=Bühne kunstgewerblich
376 2691 1242 2731 verarbeitet, solcherart gewissermaßen Schnitzler in
365 2731 696 2781 Bernstein fassend.
701 2733 779 2769 —
375 2767 1244 2808 inszenierte ausgezeichnete und wirksame Auffüh¬
375 2804 1231 2847 rung durch das Josefstädter=Ensemble ist, schau¬
367 2844 1240 2896 spielerisch noch fast „komplett“ und mitsamt den
378 2886 1230 2932 gefälligen Bühnenbildern Niedermosers just
369 2928 1239 2970 zur 25. Aufführung in die Kammerspiele über¬
376 2954 1236 3006 siedelt und fand auch dort den Erfolg, den sie als
379 2995 1227 3038 Wirkungstheater der bestmöglichen Art verdient.
368 3031 1235 3079 Rose Stradner Bassermann (dieser zum
373 3075 1233 3115 letztenmal) und Erik Frey spielten in der Jubi¬
371 3107 1240 3165 läumsvorstellung die von ihnen kreierten Rollen
370 3154 1227 3196 und auch jener Kaspar Brandhofer, der
377 3187 1235 3243 durch den Verlust einer Tiroler Landwirtschaft
374 3267 1224 3315 tät eingebüßt hat und ansonsten nur von Leuten
369 3307 1233 3350 getadelt werden mag, die, unangesehen den Er¬
382 3343 1232 3391 olg, den Augenarzt für den Star verantwortlich
376 3389 1225 3434 machen, den er ihnen sticht. Die Geßner=Rolle
1188 3422 1235 3471 sie
370 3426 1120 3466 wurde durch Maria Hilde übernommen
374 3456 1231 3499 spielt rank und schlank eine reizende mondäne
378 3499 1228 3547 Zierpuppe, die Rolle Else Bassermanns durch
363 3525 1226 3588 Frida Richard — sie macht die neugierige und
369 3577 1232 3635 geschwätzige alte Frau zu einem Ausbund aller
375 3617 901 3676 Alten=Tanten=Oberflächlichkeit.
1155 114 1503 198 box 5/4
2012 309 2635 440 SSERVER
1861 335 1925 446 0
1780 440 2741 492 I. österr. behördl. konzessioniertes Unternehmen für
1669 437 1733 504 2
2065 482 2442 535 Zeitungs-Ausschnitte
1611 494 1717 572 □5
1934 522 2591 587 WIEN, I., WOLLZEILE 11
1513 527 1586 590 G
1610 558 1699 614 —
1541 586 1574 608 —
2073 582 2453 628 TELEPHON R 23-0-43
1550 576 1654 644 □
1783 684 2743 758 Ausschnitt aus: „NEUES WIENER JOURNAL“
1645 740 1724 830 3
1501 756 1586 842 gnd
1505 872 1601 938 2
1607 866 1717 945 S
1789 913 1886 970 vom:
2094 896 2514 991 94 DEZ. 1036
1688 1106 1731 1153 —
1528 1155 1661 1223 E
1710 1252 2785 1339 In den Kammerspielen gab in der gestrigen Auf¬
1610 1306 2803 1391 führung von „Fräulein Else“ Hans Homma zum ersten¬
1615 1365 2808 1430 mal die Rolle des Vaters der Titelheldin und stattete sie mit
1603 1404 2809 1477 vielen charakteristischen Details aus. In unserem gestrigen
1606 1451 2799 1533 Referat ist durch ein Versehen in der Aufstellung der Namen der
1605 1500 2807 1575 Mitwirkenden Hans Homma an Stelle Albert Bassermanns
1611 1557 2615 1633 angeführt worden, der wieder eine Meisterleistung bot.
1792 1670 2601 1805 Auschmitt epfpiereis Meltbiat, Wien
2319 1804 2424 1904 102
1796 1837 1940 1908 vom
1971 1827 2315 1922 2 4DEZ.
1675 1955 2650 2027 „Fräulein Else“ in den Kammerspielen. Dienstag
1676 2009 2645 2072 abend ist Schnitzters„Fräutein Else“ gelegent¬
1671 2054 2648 2120 lich der 25. Aufführung von der Josefstadt in die
1671 2098 2659 2174 Kammerspiele übersiedelt, wo es in teilweise
1673 2153 2656 2221 veränderter Besetzung neuerlich einen ansehnlichen
1680 2198 2651 2268 Erfolg erzielte. Die Begeisterung entfachte vor allem
1680 2251 2650 2309 wieder Rose Stradner, die in der Titelrolle eine
1677 2301 2653 2356 Mädchengestalt von tiefrührender und herber Herzlich¬
1681 2343 2660 2403 keit darzustellen versteht. Neu als Tante war Frieda
1678 2388 2656 2451 Richard, und Maria Hilde in der Rolle der leicht¬
1680 2452 2653 2500 sinnigen Frau Cissy. Daßman Albert Bassermann,
1673 2481 2653 2559 der bereits für die Weihnachtsnovität in der Josef¬
1673 2538 2668 2594 stadt verpflichtet ist, deren Premiere aber aus
1681 2590 2668 2639 technischen Gründen Dienstag nicht stattgefunden hat,
1678 2627 2663 2681 doch als Vater Elses begrüßen konnte, steigerte den
2568 2672 2629 2735 O.
1672 2679 2311 2737 Erfolg im neuen Haus wesentlich.
1750 2729 2109 2818 Ausschnitt aus:
2172 2780 2558 2880 Veiksseitune Wtr
1759 2981 1894 3046 vom:
2029 2936 2483 3046 24DEZ. 30
1816 3180 2648 3236 Kammerspiele. Als Premiere und als
1778 3222 2638 3277 fünfundzwanzigste Vorstellung zugleich kam
1781 3266 2635 3319 Schnitzler=Lothars „Fraulein Else“ hier
1772 3309 2636 3360 heraus, von den Josefstädteen wie immer
1770 3358 2631 3406 glänzend gespielt, und mit Beinigen Neu¬
1781 3393 2637 3447 besetzungen. An die Stelle der Else Basser¬
1781 3438 2636 3483 mann ist Frieda Richard getreten, be¬
1778 3479 2630 3528 sorgteste und in manchem naivste Tante der
1782 3519 2642 3574 Welt, an die Stelle der Adrienne Geßner
1773 3558 2633 3614 Maria Hilde, mondäne und, der Rolle
1778 3606 2639 3657 gemäß, eifersüchtig keifende Frau Cissy.
1782 3644 2640 3700 Sonst war alles beim alten geblieben, zum
1779 3687 2648 3742 Vorteil für das Stück und zur ungenehmen
1781 3735 2634 3788 Ueberraschung des Publikums, das Basser¬
1767 3775 2633 3826 mann als Rechtsanwalt hören durfte. Das
1767 3821 2643 3875 Hören war bedeutsamer als das Sehen; am
1777 3866 2633 3913 Schluß seiner kleinen aber wichtigen Partie
1767 3894 2636 3946 rührte der große Künstler durch seine Herzens¬
1766 3935 2657 3999 töne. Auch am neuen Ort gab es des Beifalls.
1777 3986 1984 4051 übergenug.
