3248 4384
828 111 1684 160 Kriminal notwendig, nackt den Augen eines
827 159 1532 204 gleichgültigen Mannes verkauft hat.
870 186 1672 242 Eine zärtliche Untergangsstimmung der
827 241 1672 284 alten Gesellschaft bestimmt den Ton dieser
836 272 1679 326 Schnitzler-Novelle, die, auflagenreich, ihren
829 318 1674 366 Dichter stärker und weiter ins Publikum
838 363 1668 414 trug als etwa eille der wunderbaren Erzäh
830 406 1675 457 lungen von früher. Weil er hier in einer sozu¬
827 447 1679 501 sagen prickelnden Stimmung zu einer keines¬
839 493 1672 539 wegs alltäglichen und gewagten Pointe kam
1257 532 1682 586 ist nach etlichen
830 534 1254 594 denn „Fräulein Else“
830 574 1682 625 Dutzend Druckseiten Überlegung den Preis
834 616 1675 668 in wienerischer Boccaccio-Münze zu zahlen
840 661 1685 710 bereit, geistige und körperliche Nacktheit
832 707 1682 762 offenbaren sich in Wunsch und Erfüllung,
837 747 1672 797 die Mentalität einer Society wird sichtbar
840 791 1678 841 lie zu bisten und zu zahlen gewohnt, sich
837 839 1684 884 durch nichts verblüffen läßt, die berühmten
839 880 1677 938 Genüsse kennt und genau weiß, was sie
832 925 975 977 kosten.
863 959 1676 1024 Reizend und von erzählerischer Größe wie
836 1021 1681 1075 Schnitzler hier um die Stimmung eines jun¬
834 1064 1685 1122 gen Mädchens in solcher Lage Bescheid
840 1108 1686 1158 weiß, mit welcher Genauigkeit er Regungen
842 1151 1681 1202 esthält und notiert. Bald flüstert es in Else
836 1191 1684 1236 von selbstgefälliger Geheimnistuerei, bald
834 1229 1683 1290 schreit die Qual des Entschlusses aus ihr,
832 1277 1690 1328 zwischen Plauderei über Wiener Gesellschaft
836 1325 1685 1375 in Bergferien geben eich seelische Raffine¬
833 1367 1678 1420 ments kund, ein Mädchen schwätzt aus der
840 1409 1683 1462 Schnitzler-Schule, in die es mit Eifer gegan¬
828 1457 1681 1512 gen, die Erna aus dem „Weiten Land“ mel¬
831 1499 1683 1547 det sich, die jungen Geschöpfe aus der spä¬
831 1538 1676 1594 teren Zeit plädieren für Freizügigkeit, Chri¬
838 1579 1678 1631 stine und Schlager-Mizzi in der Einfachheit
835 1621 1678 1680 ihres Fühlens und Sich-Gedanken-machene
834 1671 1690 1729 gehören nicht hierher. Denn hier herrscht
834 1710 1684 1762 schon bestimmend eine Virtuosität der Em¬
838 1750 1683 1817 findung, die Resultate einer aufschluß¬
834 1797 1687 1854 reichen Lebensschau einer reiferen, welt¬
838 1845 1678 1911 süchtigen Erziehungsmethode aus den Glas
831 1887 1246 1949 häusern des Cottage.
871 1933 1684 1991 Nach Artur Schnitzler heißt es auf dem
841 1981 1683 2033 Theaterzettel. Ernst Lothar hat die Novelle
839 2033 1686 2081 vorerst seinem eigenen und damit dem
833 2067 1684 2117 Theater überhaupt geschenkt. Mit Bravour
835 2110 1681 2162 holt er aus dem Monolog Fräulein Elses
837 2157 1686 2205 Geschehen auf Geschehen, rückt jede Szene
841 2204 1685 2255 dem Theater zurecht und wahrt mit deli¬
841 2240 1684 2293 kater Vorsicht und eigendichterischem Emp¬
836 2282 1688 2339 finden den Duft des Originals. Keine
837 2329 1678 2383 Scherenarbeit, die etwa dramatisch zuschnei
846 2373 1685 2420 det, sondern eines Dramatikers szenischer
837 2414 1686 2461 Bau, der geistig in der Schnitzler-Luft auf¬
840 2459 1693 2511 gewachsen, Menschen und Landschaftskreis
847 2504 1682 2562 beherrscht und derart fähig ist, aus seine
840 2549 1689 2598 Kenntnis, Charaktere von Schnitzler ange¬
846 2590 1689 2645 deutet, aufzufüllen und auszubauen. Man¬
848 2637 1683 2687 ches mußte er aus eigenem hinzutun, „die
843 2677 1679 2725 dramatische Schlagkraft der Novelle zu er
839 2725 1699 2774 höhen, so die glänzend gemachte Szene des
854 2756 1692 2816 Vaters und viele verbindende Worte, erklä¬
840 2813 1685 2857 render Details. Höchstes Lob dieser Bear¬
847 2850 1697 2900 beitung: daß alles von Schnitzler ist, auch
840 2898 1510 2953 das, was nicht von Schnitzler ist.
878 2946 1696 3001 Interieurs und Landschaft dahinter stam¬
839 2988 1688 3043 men von der Hand Niedermosers, der durch¬
846 3039 1698 3086 aus wienerisch hier im Rahmen und im Sinn
851 3079 1693 3127 der Novelle, Fräulein Else in den Stimmun¬
845 3128 1692 3171 gen spazieren läßt, die ihr zukommen.
844 3161 1698 3211 Immer wieder erstaunlich, wie er aus dem
845 3207 1690 3266 Raum dieser Bühne schöpferisch gestaltet,
857 3256 1693 3304 wvie er hier einen Tennisplatz und die Halle
847 3291 1690 3356 des Dolomitenhotels in ungemein interes¬
854 3338 1383 3397 santer Architektur aufbaut.
887 3386 1699 3440 Hans Thimig hat die Regie des Abends,
849 3432 1690 3479 leicht und anmntig im klingenden Spiel der
860 3475 1700 3526 Worte glückt es ihm, Atmosphäre zu schaf¬
853 3517 1697 3570 fen, das Gedämpfte, oft Schattenhafte an¬
847 3563 1701 3616 zudeuten, das Wienerische beizubehalten,
858 3608 1690 3665 las nur in der Bassermann-Szene klimatisch
851 3654 1410 3709 ein wenig abhanden kommt.
889 3687 1695 3758 Im morbiden Garten dieser Jugend ist
843 3752 1691 3800 Fräulein Else gewachsen, die Rose Stradner
847 3798 1697 3848 spielt. Ein sublimes Geschöpf von gemessen¬
1715 101 2420 145 Eise ihren stärksten Wiener Ertoig.
1746 134 2548 196 Adrienne Geßner gibt eine Schnitzler¬
1705 171 2555 238 Dame, die ihren jeweiligen Lebensinhalt aus
1713 221 2559 275 einer Sommerbeziehung schöpft, Profil der
1716 265 2562 321 Wirklichkeit. Man glaubt eine dieser gesell¬
1714 311 2562 372 schaftstüchtigen Wesen auf der Bühne, wo
1714 355 2562 409 esauf kurzem Urlaub aus dem Leben, zu
1711 396 2568 455 begegnen: so verblüffend nahe formt
1715 444 2558 492 Adrienne Geßner diese Cissy Mohr. Lina
1719 490 2550 548 Woiwode spielt eine üppig und reich ange¬
1707 526 2563 588 zogene Frau Winawer, echt in der Ver¬
1717 567 2562 626 raulichkeit ihrer Tisch- und zeitweisen
1717 625 2562 671 Daseinsgemeinschaft mit dem Antiquitäten¬
1713 658 2567 712 händler ihrer Wahl, Eric Frey als ein jun¬
1708 699 2562 763 ger Mann guter Manieren und guter Klei¬
1711 745 2556 803 der bringt glänzend die schlamperte Leich¬
1720 787 2564 850 igkeit in Dingen der Beziehungen, Ge¬
1717 828 2557 889 schlecht ohne viel Charakter, Else Basser¬
1720 877 2558 929 nann, eine Tante, überall dabei, verwaltet
1709 924 2560 980 geschäftig Familienressorts für Versorgung
1715 973 2561 1018 und Finanzen. Beachtenswert die bürgerliche
1716 1005 2564 1062 Distinktion der Frau Skalla und Herrn Bre¬
1718 1051 2556 1108 becks Portier, der wirklich nichts als ein
1713 1092 2402 1150 Portier ist, aber ein vollkommener.
1754 1142 2560 1203 Ereignis des Theaters, wie Albert Basser.
1715 1184 2564 1231 mann den Rechtsanwalt, den Vater Elses in
1716 1238 2562 1277 einer Szene zu steiler Höhe ergreifendster
1712 1268 2570 1318 Anteilnahme führt, wie er schauspielerisch
1723 1323 2562 1367 ind menschlich einen Mann an gefährlicher
1725 1365 2557 1408 Wegkreuzung sehen läßt, wirklich Schnitz¬
1725 1399 2572 1454 erisch in seiner Verbundenheit mit dem
1719 1447 1908 1503 Schicksal.
1754 1485 2563 1548 Kaspar Brandhofer, nach dem Legenden¬
1716 1532 2560 1582 kranz seiner Herkunft und seines Auf¬
1724 1586 2564 1636 ruchs zum Theater zu einem großen Erfolg
1724 1629 2573 1674 verpflichtet, erspielt sich ihn auch. Ein
1722 1663 2561 1715 Schauspieler, der einen blonden Bart an¬
1722 1703 2575 1767 angs wie eine Maske trägt, aber bald seine
1719 1754 2574 1806 Legitimität dokumentiert. Er bestimmt sein
1723 1799 2565 1849 Gesicht und seine Bühnenfunktionen, er ver¬
1718 1839 2566 1891 birgt sich hinter ihm und teilt sich dennoch
1715 1887 2576 1934 durch ihn mit. Schon auf den ersten Blick
1717 1923 2578 1985 ist dieser Dorsday von Brandhofer ein
1718 1976 2568 2023 Mensch drohend und gefährlich, wohl ge¬
1720 2013 2577 2069 eignet, bürgerliche Zäune glattweg nieder¬
1715 2060 2573 2106 zureißen, sich seine eigene Welt mit der
1715 2098 2573 2151 Hände und des Geldes Kraft zu schaffen.
1721 2142 2566 2195 In den Dialogen enthüllt er sich als ein
1724 2193 2577 2247 Schauspieler von charakteraufschließender
1717 2232 2577 2283 Gewandtheit und überrascht als gewitzter
1722 2276 2579 2333 Techniker des Handwerks. Rätselhaft,
1725 2323 2579 2375 woher er es hat; hat er es wirklich aus
1718 2364 2577 2410 diesen paar Wochen Proben, dann muß es
1721 2411 2579 2458 ihm blitzschnell zugeflogen sein, wie nur
1719 2451 2579 2497 dem Genie. Brandhofers Sprechen, sein
1729 2488 2577 2555 Stummdasitzen und im Nichtsreden ver¬
1719 2543 2575 2589 nehmlich werden, ist allerhand. Wie er zu
1735 2583 2580 2638 ähem Heißlauf der Stimme und des ganzen
1724 2622 2580 2672 Menschen ansetzt, um gleich wieder in
1729 2670 2582 2715 Konversationston weiter zugehen, sein
1727 2714 2581 2766 Mit-dem-Rücken-spielen, der anspringende
1733 2757 2571 2804 ang, das beklemmende Animalische im
1723 2794 2579 2849 Kontakt mit Else, das alles ist erstaunlich
1732 2852 2573 2898 ind mehr als Leistung eines Mannes, der
1719 2888 2579 2937 neu auf dem Theater. Man weiß nicht, ob
1725 2930 2575 2987 es wirklich vom lieben Gott oder von
1730 2978 2237 3035 Werner Krauß herkommt.
1766 3067 2581 3117 Der Erfolg, den „Fräulein Else“ gestern
1729 3116 2579 3172 vor einem ausverkauften Haus erlebte, war
1732 3201 2579 3248 der Applaus lang andauernd ein. Nach
1727 3246 2573 3297 Schluß des Stückes gab es stürmische Kund¬
1722 3297 2576 3345 gebungen, namentlich für Rose Stradner,
1720 3342 2570 3389 Albert Bassermann, dem Regisseur
1730 3368 2580 3439 Hans Thimig und Ernst Lothar, der
1731 3412 2301 3485 mmer wieder gerufen wurde.
2212 3453 2537 3523 Siegfried Geyer.
1724 3507 2571 3561 re
1761 3561 2572 3611 „österreichische Kunst“ — Abonnentenprämie
1732 3603 2569 3650 937. Beachten Sie im Dezemberheft (Weih¬
1729 3645 2573 3689 nachtsnummer) das in den nächsten Tagen er¬
1726 3683 2566 3727 scheint, die Abonnentenprämien. Jahresabonne¬
1724 3719 2575 3767 ment S 28.— in jeder guten Buchhandlung.
1724 3758 2543 3805 Admin., I., Hohenstaufengasse 9, Tel U 25-403.
