3248 4384
1104 154 1457 250 box 5/4
80 166 939 252 31. Fraeulein Else
295 704 1123 791 NEUE FREIE PRESSE
418 789 1009 843 Meistverbreitete Tageszeitung in Europa.
317 822 1113 877 Maßgebendes polltisches u. wirtschaftspolitisches Organ.
322 862 1120 916 Wirkungsvolles Inseratenblatt. Täglich zwei Ausgaben.
603 905 837 953 Administration:
428 940 1008 1001 WIEN, I. FICHTEGASSE 9—11.
320 1057 795 1155 „ORSERVER“
547 1128 1125 1178 I. österr. behördlich konzessioniertes
553 1163 1125 1215 Unternehmen für Zeitungs-Ausschnitte
548 1203 1125 1253 Wien, I. Wollzeile 11, Telephon R-23-0-43
511 1304 961 1371 Ausschnitt aus der
329 1363 1139 1448 „NEUEN FREIEN PRESSE“
343 1520 505 1587 vom :
494 1519 881 1626 6 DEZ. 1936
291 1739 1181 1845 „Fräulein Elle“ und ihr
597 1829 890 1914 Mantel.
253 1900 1300 1962 Es ist gewiß nicht leicht, die modische Ausstattung eines
165 1955 1294 2005 Theaterstückes geschmackvoll und richtig zu treffen. Auch ein
168 1998 1291 2055 mondänes Milieu verlangt genaue Differenzierung des Stils
174 2049 1301 2100 und jede Darstellerin muß ihrer Rolle und ihrer eigenen Persön¬
168 2084 1300 2153 lichkeit entsprechend gekleidet sein. Noch schwerer ist es, die Pelze
168 2141 1294 2204 zum Bühnenbild, zur Toilette und zur Gestalt abzustimmen und
163 2188 1297 2247 zwischen schicken und kostbaren Modellen die passende Grenze
161 2237 1296 2294 zu ziehen. Daß aber die Wahl eines einzigen Modells, eines
166 2276 1296 2336 Pelzmantels, zum Problem werden kann, bewies die Inszenierung
165 2325 1303 2378 des dramatisierten Schnitzler=Werkes „Fräulein Else“ im
172 2363 1296 2430 Theater in der Josefstadt. Die Szenenfolge erreicht mit dem Ab¬
175 2418 1294 2469 schluß des vorletzten und im letzten Bild ihren dramatischen
166 2467 1289 2523 Höhepunkt. Im Augenblick, in dem Fräulein Else, zu schwach
171 2512 1300 2573 für das Opfer und doch opferbereit, in ihrem Pelzmantel
162 2562 1297 2611 erscheint, ist die tragische Lösung ihres Seelenkonfliktes
170 2601 1298 2652 dramatisch bestimmt. Wie sollte nun dieser Mantel beschaffen
170 2649 1296 2711 sein? Er muß lang sein und dicht schließen. Er darf aber
167 2694 1298 2745 die Tragik der Szenen nicht stören und nicht pikant wie ein
165 2741 1300 2793 Mona=Vanna=Mantel wirken. Die junge Dame holt ihn aus
165 2787 1291 2852 dem Wandschrank des Hotelzimmers — sie besitzt diesen Mantel,
169 2838 1291 2896 er darf nicht übermäßig kostbar, nicht anspruchsvoll sein, muß
172 2882 1297 2930 aber doch mondän und modern, elegant und zugleich mädchen¬
170 2927 1296 2988 haft wirken. Lang und schmal umschließt der seidige Mantel aus
166 2975 1291 3032 weißem Wiener Lamfell Rose Stradners schlanke Erscheinung.
167 3019 1289 3073 Breite ruhige Goldtressenbänder verschließen den Mantel. Ohne
166 3069 1304 3127 Kragen, aber mit ausladenden weiten Aermeln ist er schlicht und
170 3125 1295 3178 doch modern. Dieses Modell beweist die Fähigkeit der Mode, sich
164 3163 1301 3221 auch geistig und psychologisch dem Werk des Dichters, der Arbeit
167 3210 546 3275 der Regie einzufügen.
252 3238 1291 3312 Wennn die Wahl dieses Mantels für Fräulein Else ein
164 3301 1302 3361 Problem nennen muß, so darf man ruhig behaupten, daß es
157 3337 1292 3397 von dem Haus Penizek & Rainer blendend gelöst wurde,
169 3391 1298 3452 im Sinn der Bestrebungen dieser internationalen Firma, die ihre
171 3438 1300 3493 Arbeit immer uneigennützig in den Dienst der Wiener Kunst,
166 3486 1300 3537 des Wiener Theaters, des mondänen und großzügigen Lebens
169 3530 1294 3595 der Stadt Wien stellte und auch für Wiens Ruhm als Mode¬
165 3580 1154 3647 stadt immer wieder neue Kräfte einzusetzen gewillt ist.
1553 842 1627 898 6
1612 923 1665 1012 *
1570 1174 1657 1301 825
1620 1080 1670 1156 5
1710 974 1794 1031 3
1742 1020 1782 1065 ub
1743 1108 1793 1155 62
2048 678 2647 837 SSERVEI
1836 784 2782 906 I. österr. behördl. konzessioniertes Unternehmen für
2127 842 2507 913 Zeitungs-Ausschnitte
1993 871 2653 994 WIEN, I., WOLLZEILE 11
2134 944 2525 1045 TELEPHON R 292.,
1852 1031 2805 1170 Aerschalit aus GEURS WIERER JOUNNAN
1782 1303 1824 1357 0
1882 1326 1973 1372 vonm
2250 1293 2589 1399 DEZ. 336
1793 1560 2825 1674 Unbekanntes von „Fräulein
2199 1683 2419 1786 Eise
2251 1766 2355 1845 Von
2100 1837 2504 1922 Rudolph Lothar.
1806 1898 2896 1966 Ich war wieder einmal von Berlin nach Wien gelommen
1706 1960 2903 2017 und war bei Schnitzler zu Gast. Bei Zigarre und schwarzem
1706 2005 2899 2073 Kaffee erzählte mir Schnitzler einen neuen Stoff. „Das kann
1704 2057 2900 2116 ein sehr interessantes Drama werden“, sagte ich. „Nein,“ er¬
1707 2115 2902 2169 widerte Artur lächelnd, „es wird kein Stück, sondern ein
1713 2144 2902 2213 Monolog.“ Ich versuchte vergebens, ihn auf die dramatischen
1706 2199 2893 2260 Qualitäten des Sujets zu. verweisen — er blieb bei seinem
1710 2250 2903 2313 Plan. Und so entstand „Fräulein Else“. Als ich kurze Zeit nach
1708 2300 2897 2357 dem Erscheinen der Novelle 1924 wieder in Wien war, kam
1705 2344 2904 2406 Artur wieder auf die „Else“ zu sprechen und auf eine Idce, die
1707 2403 2899 2457 Novelle zwar nicht zu dramatisieren, aber doch auf die Bühne
1701 2451 2894 2511 zu bringen. Helfer bei diesem neuen Werk sollte Professor Strnad
1713 2496 2902 2552 sein, der mit Feuereifer sofort an die Verwirklichung ging.
1701 2540 2906 2610 Folgendes war in Aussicht genommen: Fräulein Else, die
1707 2590 2899 2660 Elisabeth Bergner darstellen sollte, steht vorn an der Rampe
1701 2648 2905 2699 und spielt ihren Monolog; hinter ihr auf der Bühne aber zieht
1707 2689 2903 2749 in dramatischen Bildern die Handlung vorbei. Strnad fuhr
1707 2732 2903 2797 eigens nach Berlin, um mit dem Deutschen Theater zu ver¬
1711 2786 2898 2856 handeln, vor allem aber, um die Bühne kennenzulernen, auf der
1709 2835 2896 2906 die Uraufführung stattfinden sollte. Aber der Plan zerschlug sich,
1708 2891 2907 2947 wie es hieß, aus technischen Gründen und vor allem auch, weil
1708 2941 2904 3003 seine Durchführung ungemein kostspielig gewesen wäre. Fast zu
1707 2979 2905 3053 gleicher Zeit wurde auch in Hollywood eine ganz neuartige Idee
1704 3033 2896 3087 erwogen, um „Fräulein Else“ zu verfilmen. Das Originelle dieser
1700 3075 2902 3144 Idee bestand darin, einen Ich=Film zu schaffen. Die Kamera
1707 3129 2898 3194 sollte mit Else identisch sein. Alles, was Else erlebt, erlebt die
1716 3190 2897 3243 dem Publikum natürlich unsichtbare Kamera. Else selbst kann
1713 3225 2902 3285 nur in einem Spiegelbild dem Zuschauer vor Augen geführt
1708 3283 2903 3343 werden. Die psychologische Voraussetzung dieses Ich=Films ist
1717 3324 2894 3385 ehr interessant. Es muß nämlich angenommen werden, daß
1713 3366 2893 3437 jeder Zuschauer sich mit der Kamera identifiziert. Jeder Mensch
1710 3434 2896 3481 im Zuschauerraum hätte also die Ereignisse miterlebt. Als der
1716 3471 2896 3534 Gedanke eines solchen Ich=Films auftauchte — immer in Ver¬
1705 3521 2891 3575 bindung mit „Fräulein Else“ —, fand er begeisterte Zustimmung.
1713 3577 2900 3628 Auch bei Schnitzler, der felsenfest davon überzeugt war, daß das
1713 3615 2906 3677 Experiment, die Ibentifizierung der Kamera mit dem Zuschauer,
1707 3674 2900 3741 gelingen müßte. Aber auch dieser Plan scheiterte schließlich an der
1709 3722 2895 3778 Kostenfrage. Ich habe nie mehr von der Idee eines Ich=Films
1711 3767 2900 3835 gehört. Wenn aber ein solcher Ich=Film einmal gedreht werden
1706 3814 2683 3886 sollte, dann stand „Fräulein Else“ an seiner Wiege.
