3296 4256
1343 118 1694 219 box 5/3
309 138 1183 197 31. Fraeulein Else
496 174 1180 240 # K . . .     Ae AeAeA
813 837 2577 1018 Schnitzler=Premiere im „Capitol“.
1183 1036 2172 1133 Elisabeth Bergner als Fräulein Else.
1759 1104 2602 1182 Man bedauert die Schwachheiten des Manu¬
842 1115 1679 1189 Daß (Schnitzlers Novelle vom Fräulein Else
1730 1172 2597 1229 skripts, weil Albert Steinrück und Albert Basser¬
796 1178 1687 1233 nicht genügend Handlung für 2000 Filmmeter
1724 1220 2606 1290 mann Figuren hinstellen, von denen an sich starke
801 1221 1686 1272 besaß, merkte man bei der praktischen Arbeit
1721 1265 2063 1326 Wirkung ausgeht.
802 1268 1680 1320 und fügte reichlich Landschaftsbilder bei, die zwar
795 1308 1681 1380 das Manko des Manuskriptes verdeckten, aber
1751 1294 2600 1368 Die musikalische Illustration Schmidt=Boehlkes
804 1355 1534 1405 den Film als Ganzes kaum förderten.
1725 1353 2602 1405 versagte. Das Vorspiel blieb ohne Eindruck.
1722 1403 2606 1454 Das Orchester hemmte den Ablauf der Handlung,
831 1404 1693 1457 Die Bergner selbst ist groß in der Gestal¬
1727 1446 2603 1511 besonders an Stellen, wo die musikalische Unter¬
790 1441 1683 1498 tung des kleinen Fräuleins, das sich für den
1727 1485 2348 1543 stützung notwendig gewesen wäre.
807 1481 1681 1539 Vater opfert. Sie läßt bei der kreinsten Bewe¬
1754 1531 2283 1603 Es war ein Achtungserfolg.
808 1532 1694 1591 gung ihr schauspielerisches Temperament und ihr
801 1570 1690 1644 darstellerisches Können glänzen, aber erzielt nur
1710 1616 2615 1772 „Ich hab für Sie ein wenig
1970 1752 2331 1879 Sympathie“
1761 1908 2610 1990 Ein Filmspiel um ein neues Schlagerchanson,
1716 1964 2596 2030 mit dem der Held seine Zukünftige erobert und
1720 2021 2602 2075 einige respektable Banknotenbündel dazu, ist
1730 2056 2612 2115 selbst für den Abe=Schützen im Kinopublikum
1716 2105 2607 2162 keine aufregende Neuigkeit mehr. So zeigt man
1723 2148 2601 2223 denn „ein wenig Sympathie“ aus Wiedersehens¬
1727 2193 1857 2247 freude.
1753 2219 2609 2304 Doch dieses harmlos=nette Filmchen hat seine
1726 2285 2608 2338 besondere Note: Laura la Plante, die zu
1725 2330 2616 2391 schen immer ein Genuß bleibt. Ob bei einem
1719 2370 2603 2423 reizend parodierten Spaziergang zweier Ver¬
1731 2418 2606 2477 liebter oder in zärtlichem Idyll auf schwanken¬
1730 2464 2601 2510 dem Baumwipfel, immer fesselt das Spiel dieser
1722 2506 2606 2555 scharmanten und aparten Blondine, selbst wenn
1724 2551 2596 2611 das Wässerchen der Handlung einmal gar zu sacht
803 2551 1689 2630 Elisabeih Bergner und der inzwischen verstordene Albe#
1725 2593 2605 2645 plätschert. In Elenn Tryon hat sie einen
1724 2632 2329 2693 lustigen, ausgezeichneten Partner.
796 2640 1678 2724 in ein paar Szenen am Schluß: biesere, mit¬
1759 2669 2602 2735 In einem trotz seiner Länge recht fesselnden
804 2707 1153 2777 reißende Wirkung.
1721 2701 2605 2766 Filnwortrag sprach Dr. Edgar Beyfuß über
1725 2760 2602 2818 die verantwortungsvolle und aufopfernde Arbeit
837 2736 1682 2812 Der Regisseur Paul Czinner hrt sich bemüht,
1722 2803 2606 2849 des unbekannten Kameramannes der Kulturfilme.
807 2798 1678 2861 aus der Handlung herauszuholen, was möglich
804 2856 1684 2909 war. Aber er mußte 2000 Meter erreichen und
1725 2849 2607 2898 Der Film selbst, mit erstaunlichem Fleiß und
804 2893 1688 2943 deshalb lange Landschaftsschilderungen der
1732 2893 2588 2956 Geschmack komponiert, zeigt die „entfesselte“
812 2934 1683 2991 Schweiz und an sich ausgezeichnete Bilder vom
1719 2937 2608 2999 Kamera, Zeitlupen= und Zeitrafferbilder, Trick=,
808 2974 1498 3055 Sportbetrieb in St. Moritz einfügen.
1727 2978 2276 3052 Scherenschnitt= und Farbfilme.
2499 2986 2564 3054 41
1195 3046 1898 3211 Tasaurgste
