3296 4224
256 1047 316 1152 6
1244 198 1600 287 box 5/2
214 213 1077 285 31. Fraeulein Else
753 260 1080 305 aen nene e e e ne ene
415 251 699 312 A L E A 1
486 665 2150 843 LE CARNET DU BOUOUINISTE
1183 816 1459 898 HTT
1342 893 2180 965 comprend la vie, et que Sissy Mohr a sur
627 902 1147 979 Mademoiselle Else
280 907 335 984 0
1352 959 2173 1004 elle des avanlages que ne peut lui disputer
1357 993 2178 1034 une fille honnéte. Elle pardonne à Paul de
673 974 1125 1056 par Arthur Schnitzler
1341 1031 2175 1076 lui préférer une maitresse. D’ailleurs, il
739 1039 1058 1119 Librairie Stock
1350 1072 2175 1121 est trop riche, sans doute, pour jamais
1357 1110 2177 1155 songer à épouser unc petite cousine sans
487 1097 1316 1169 L’ceuvrefest remarquable tant par la fi¬
1357 1149 2174 1198 fortune, et le désirerait-il que sa mère s’y
486 1149 1312 1202 nesse, par Tacuité de T’analyse psycholo¬
1356 1185 1578 1244 Opposerait.
479 1195 1311 1244 gique que par l’émotion qui s’en dégage
1395 1205 2176 1282 Elle raisonne de la sorte lorsqu'une let¬
483 1238 1315 1275 intense. Ce roman n’est qu'un long mono¬
1355 1269 2176 1316 tre-express lui est remise. Sa maman, aux
480 1270 1308 1321 logue, mais qui nous fait assister au dé¬
1348 1307 2178 1363 abois, lui écrit de Vienne. Elle lui apprend
486 1309 1306 1353 veloppement d'un terrible drame ou l’au¬
1363 1345 2178 1398 que son père a fait une nouvelle folie:
492 1346 1318 1400 teur se garde bien d’intervenir, II nous
1357 1381 2180 1434 entrainé par sa passion du jeu, il a dila¬
491 1383 1317 1436 épargne ainsi les explications et les com¬
1367 1424 2184 1484 idé le bien de ses enfants mineurs; une
805 1424 1320 1478 #tes ces digressions dont
489 1427 749 1478 mentaires, et
487 1471 1317 1522 abusent tant d’. rivains sous prétexte de
1368 1465 2177 1511 lainte sera déposée dans deux jours,
1351 1500 2179 1549 s’il n'a pas restitué, le surlendemain à mi¬
482 1503 1316 1546 nous faire pénétrer le fond des ämes et
1355 1542 2183 1589 di, les trente mille florins qu’il a volés,
480 1538 1316 1589 qui n’ont souvent d’autre résultat que de
496 1588 1315 1634 nous tenir en haleine et de ralentir P’ac¬
1359 1579 2179 1629 il sera arrété, cundamne, envoyé aux tra¬
482 1624 1316 1672 tion. Celle-ci est continue, directe, eile
1365 1623 2174 1681 vaux forcés. Naturellement, il ne suppor¬
1359 1656 2179 1709 tera pas, lui l’avocat illustre, une pareille
485 1659 1317 1711 progresse sans arrêt, sans défaillance, et
1363 1697 2187 1742 honte; il préférera la mort à l’ignominie.
489 1698 1319 1765 c’est pourquoi le livre se lit avidement,
1358 1736 2181 1778 Or, sa femme a tout fait pour empécher
493 1737 702 1786 d’un trait.
1350 1772 2182 1826 la catastrophe imminente; les amis du
525 1755 1314 1826 Mlle Else pense lout haut devant nous:
1359 1821 2178 1863 coupable sont, pour la plupart, encore
482 1816 1314 1865 elle nous livre mienx qu’ef journal, mien:
1355 1850 2179 1903 absents de Vienne, d’autres ont refusé de
484 1856 1314 1908 qu’une confession; elle nous communique
1356 1896 2176 1950 lui venir en aide. Un seul espoir demeure:
479 1898 1317 1950 ses impressions, ses sensations au moment
1362 1935 2180 1980 demander à M. Dorsday, le riche amateur
485 1940 1323 1987 mème ou elle les éprouve; elle nous fait
1356 1970 2190 2013 d’art, d’avancer à sen ami les trente mille
490 1976 1308 2030 partager ses hésitations, ses appréhen¬
1358 2008 2175 2055 florins qui le sauveront. Dorsday, juste¬
488 2009 1309 2063 sions, ses craintes, son angoisse et ses es¬
1361 2056 2187 2094 ment, loge au mème hôtel qu’Else, et la
494 2061 1322 2108 poirs à l’instant ou elle les ressent; nous
1371 2089 2187 2134 eune fille n’est pas sans le connaitre.
487 2091 1311 2157 suivons ses réflexions an fur et à mesure
1367 2125 2186 2168 Du'elle osc cette démarche supréme auprès
487 2131 1315 2182 qu'elles se forment; nous vivons avec
1366 2162 2180 2226 de lui, et son père, acculé au suicide, vi¬
485 2175 1321 2221 elle; nous sommes dans le secret de son
495 2219 1310 2266 ecur. Tout ce qui jaillit de ses lévres
485 2256 1315 2302 est d’ailleurs spontané; c’est son äme
1394 2232 2179 2296 Ala lecture d’une telle supplique, Else
493 2291 1313 2347 mème qui parle; delà, un certain désor¬
1363 2282 2188 2336 est atterrée. Dorsdav lui déplait et instine¬
1363 2327 2195 2374 tivement elle le déteste. Elle consentirait
487 2317 1311 2371 dre dans ce qu'elle exprime, de l’indéci¬
1359 2366 2191 2415 à implorer le secours de quiconque, sauf
485 2367 1313 2424 sion, des contradictions parfois, des cris
1358 2404 2192 2466 de ce personnage oblique qui lui fait peur.
499 2403 1315 2451 de douleur et de révolte, des monvements
1362 2441 2182 2493 Elie sacharne à chercher un äufre expé¬
491 2447 1327 2494 de rage et de découragement; une explo¬
1360 2483 2188 2528 dient; telle forge“ vingt projets, suppute
494 2479 1332 2532 sion de tous les sentiments qui tourmen.
1366 2513 2184 2564 es chances de chacun et force lui est de
493 2531 1317 2576 tent un pauvre étre désemparé, qui le se¬
1362 2558 2188 2610 se convaincre que seul Dorsday peut lui
497 2558 1323 2615 couent et le déchirent, de toutes les idées
1359 2602 2185 2650 venir en aide. Alors elle rassemble son
501 2601 1325 2661 qui tourbillonnent dans un cerveau ma¬
1362 2643 2186 2685 courage et se décide. Oh! c’est un dur
493 2645 589 2693 lnde.
1365 2677 2201 2724 sacrifice, mais l’existence de son père en
538 2654 1329 2729 Eille d’un avocat célèbre de Vienne, à
1365 2714 2187 2760 dépend. Tremblante d’émotion, elle at¬
486 2720 1321 2770 get Pon s’accorde à reconnaitre un véri¬
1362 2758 2186 2804 tend Dorsday qui l’aborde. Ils se promé¬
500 2758 1324 2813 table génie d’orateur, Mlle Else est venue
1366 2792 2189 2838 nent de conserve; aura-t-elle la force de
494 2801 1331 2854 terminer ses vacances dans la montagne,
1364 2833 2194 2877 venir au fait? Tout à coup, elle prend son
495 2838 1329 2889 auprès de sa tank“. C’est une fille splen¬
1361 2872 2185 2922 parti, se roidit, s’impose une contenance
501 2874 1330 2929 dide, de dix-neuf ans, dont la beauté, à
1372 2909 2187 2958 et, sans trop halbutier, elle expose sa re¬
493 2919 1331 2969 son arrivée à lhôtel, a fait sensation par¬
1371 2946 1482 3004 quête.
492 2954 1324 3010 mi la jeunesse. Else, pourtant, n'a guère de
1404 2964 2199 3036 Dorsday n’a pas un geste de surprise,
489 2986 1324 3050 gout pour le flirt et elle a beau ausculter
1368 3027 2194 3081 pas un tressaillement, II prend son temps
495 3040 1325 3092 son eceur, elle est bien süre qu’elle n’aime
1372 3067 2188 3111 pour répondre, il laisse mème entendre
501 3064 1333 3130 personne. Tout au plus se sent-elle un peu
1366 3109 2187 3152 qu’il va refuser; puis il fait mine de ré¬
501 3112 1331 3166 d’inclination et beaucoup d’amitie pour
1366 3140 2190 3198 fléchir, il se ravise alors et, finalement,
492 3149 1333 3201 son cousin Paul. Mais le jeune homme n'a
1366 3184 2189 3235 déclare Froidement qu’il accepte. Mais il
499 3194 1329 3241 d’yeux que pour Sissy Mohr, une jeune
1376 3221 2190 3272 pose une candition: Eise se montrera à
501 3228 1329 3284 femme qui profite allégrement de l’éloi¬
1364 3266 2184 3308 lui sans voile, et quand i i’aura contem¬
508 3267 1328 3325 gnement de son mari pour se faire cour¬
1372 3295 2196 3363 plée nue, il enverra à Vienne le cheque
507 3306 1335 3357 tiser et qui, sans doute, n’a déja plus rien
1362 3336 1574 3392 libérateur.
500 3342 1339 3397 à refuser à Paul. Else, au demeurant, n’est
1397 3358 2202 3439 Le premier mouvemient de la jeune fille
507 3381 1334 3458 pas jalouse. Elle n’est plus une enfant, elle
2219 702 3039 770 eie de giller ie gonjat. Elleistest Contenue
2224 762 3049 821 pourtant, clle n eu asser de vigueur pour
2221 798 3053 849 se maitriser, et Dorsday#stestgéloigné. Lé
2211 846 3043 896 soir tombe, c’est T’heure du,diner, et pen¬
2215 871 3049 929 dant qu’on la cherche dans, Thöfel, Else,
2220 923 3052 972 éperdue, s’affale sür un banc aug envi¬
2213 966 3051 1007 rons. Elle s’efforce au calme, mais son es¬
2222 998 3051 1051 prit s’enfièvre, elle frissonhe et une sohte
2222 1030 3048 1092 de délire la saisit. Elle va et vient, égarge,
2221 1071 3055 1116 sur la route, bien résolue à repousser l’in¬
2214 1109 3043 1157 fame proposition de Dorsday, mais inGa¬
2222 1157 3052 1197 pable de renoncer à sauver son père. Sou¬
2213 1189 3047 1236 dain, elle entrevoit une solution. Elle don¬
2226 1229 3052 1276 nera satisfaction à Dorsday; elle abdi¬
2224 1250 3056 1321 quera pour quelques minutes foute pudeur
2217 1309 3061 1361 et, aussitôt après, elle se tueral Elle monte.
2219 1351 3055 1400 dans sa chambre., elle prépape la dose
2224 1376 3056 1431 de véronal u’elle absorbera tout, 5 Iieure,
2229 1424 3009 1471 puis eile se dépouille desses, velements,
2227 1463 3053 1509 endosse un large manteau. Elle söngé alors
2228 1502 3062 1550 qu'elle n’est pas obligée de se montrer à
2218 1536 3056 1587 Dorsday seulement, qu’il n'a point énoncé
2219 1575 3053 1622 cette exigence, que d’auires peuvent étré
2217 1617 3059 1662 les témoins de son acte ei qu’il n’en sera
2224 1656 3060 1705 pas moins lié par sa promesse. Comme
2232 1695 3057 1751 une somnambule, elle descend; elle hé¬
2227 1722 3061 1783 site à la porte du salon; enfin elle entre.
2225 1766 3068 1817 Dorsday est la, accoudé près du pianaß.
2223 1811 3065 1858 quelqu'un joue un air de Schumann, plu¬
2223 1848 3061 1898 sicurs personnes écoutent. Elle s’appretke
2220 1889 2939 1941 et ouvre tout grand son manteau.
2272 1919 3061 1974 Mais elle s’ecroule évanouie et l’onse
2224 1956 3059 2014 précipite. Le cousin Paul, qui est médecin,
2223 2004 3065 2052 diagnostique une erise d’hystérie. On
2221 2037 3064 2089 transporte la malade dans son lit. Elle
2220 2080 3063 2126 est tombéc en léthargie et alle ne peut se
2221 2122 3064 2167 monvoir; mais elle perçoit tous les bruifs,
2227 2157 3055 2199 toutes les paroles. Paul et Sissy Mohr, de¬
2228 2195 3055 2241 meurés à son chevet, se toient. Elle s’en
2227 2231 3051 2278 dontait bien, et pourtant cette intimité en¬
2231 2273 3061 2321 tre cnx lui crêve le ccur. Sissy, d’ailleurs
2221 2314 3057 2366 se venge maintenant par son persiflage
2229 2354 3063 2405 d’une rivale qu’elle aussi soupconnait. Elle.
2225 2393 3061 2441 ne craint pas d’étre entenduc etne ménäge
2228 2429 3051 2479 pas ses sarcasmes à#la vierger dépravée que
2979 2460 3074 2514 3e1
2226 2468 2878 2524 ses forces ont trahl#.####nemne
2881 2469 2961 2521 a
2272 2508 3056 2561 C’en est trop, Paul sort de la chamhfél
2239 2539 3052 2589 tson inséparable Sissy le suit. Else ipro¬
2228 2586 3050 2632 file de leur courte absence, Elle parvient
2225 2626 3063 2683 à détendre son bras paralysé, à atteindge
2238 2667 3052 2715 e verre, et elle avale d’un trait la solution
2221 2705 3055 2759 de véronal qui la fera doucement glisser
2265 2754 3060 2835 Ajoutons que cette cuvre du célebre ro¬
2224 2822 3054 2883 mancier viennois est excellemment tra¬
2240 2857 2347 2911 Juite.
3001 2900 3054 2941 11
2389 2896 2893 2983 Le chemin du des.#
2420 2971 2891 3038 par Félicien Champsaur
2401 3010 2898 3074 Ferenczi et fils, éditeurs
2270 3064 3061 3115 Le sculpteur Pierre Gardan est à Lapo¬
2229 3103 3063 3155 sce de son talent et dle sa reno“ méc. I
2237 3147 3055 3193 approche de la cinquantaine,ais c’est
2242 3188 3059 3231 encore un solide gaillard qui use large¬
2240 3221 3057 3272 ment de la vie et connait peu de cruelles.
2235 3260 3054 3308 Pourtant cette existence dissipée com¬
2236 3336 3065 3377 foyer, de se marier. Or, voici que parmi
2231 3374 3083 3435 les lettres d’admiratrices inconnues qui
3087 703 3187 788 läl P
3088 761 3244 813 une don
3082 800 3267 848 Elle vien
3075 837 3272 887 aus, enth
3079 878 3270 927 seinent b
3083 915 3276 979 tographie
3078 954 3247 1005 flamme.
3086 991 3228 1045 Carnol,
3085 1030 3235 1076 le train
3129 1064 3255 1113 Marie-
3085 1088 3265 1156 séduction
3094 1144 3269 1197 faire sa 1
3087 1182 3270 1230 est attach
3093 1219 3268 1271 mais cet
3084 1253 3269 1314 est-elle la
3095 1298 3190 1348 plus,
3085 1334 3182 1381 laise
3085 1355 3250 1424 aprés à
3089 1406 3272 1457 avoir en
3086 1442 3269 1496 à Nice ui
3095 1484 3277 1540 dients da
3086 1525 3263 1571 se ressai
3098 1558 3267 1613 rese, à la
3090 1598 3251 1650 ressaisit
3096 1638 3275 1693 Ceux vier
3097 1706 3272 1766 tres belle
3088 1753 3282 1804 mari qui
3093 1791 3270 1852 enfant d
3098 1833 3245 1880 mourir,
3085 1870 3268 1920 les tontat
3091 1907 3268 1958 vait finii
3100 1942 3269 1994 Marie-Th
3094 1984 3279 2033 le divorc
3130 2019 3264 2069 M. Fél
3096 2055 3277 2108 vie. II ex
3092 2097 3269 2153 par P’inst
3093 2138 3274 2186 un pen n
3098 2212 3264 2265 à l’usage
3091 2253 3265 2313 et du ind
3092 2361 3244 2422 U
3109 2406 3240 2461 811
3115 2462 3266 2544 Fört h
3085 2510 3248 2575 je luxé,
3094 2558 3268 2615 trouve, à
3081 2592 3272 2648 bite de se
3090 2636 3271 2688 pas der
3094 2675 3254 2731 race, de
3093 2704 3282 2768 de moral
3085 2756 3282 2807 ment: ce
3093 2788 3250 2847 soutenir
3090 2832 3273 2883 un eire
3095 2867 3272 2929 an luxe e
3125 2897 3304 2953 Le cher
3092 2936 3286 2995 deleine 4#
3084 2976 3304 3036 gré d’aim
3096 3021 3281 3077 une ronte
3091 3061 3281 3116 ## Par fie
3090 3097 3304 3157 rente pau
3092 3135 3291 3197 demoisell
3101 3180 3304 3241 ine fami
3091 3216 3278 3269 traite en
3101 3251 3282 3306 d’un gent
3098 3295 3291 3344 diplomate
3093 3333 3288 3383 cour, elle
3091 3373 3283 3438 pei vite
