3392 4256
1282 125 1624 210 box 5/3
249 132 1119 214 31. Fraeulein Else
435 200 493 236 —
367 1200 1495 1262 Untergang und Rettung. Nur ein Zufall entscheidet oft
375 1239 1503 1302 darüber, ob diese Mädchen sich in eine Ehe flüchten können
370 1298 1493 1359 oder ob sie sich verkaufen müssen. Daß heutzutage auch junge
364 1347 1495 1399 Mädchen aus sogenannten „guten“ Häusern es nicht mehr
369 1392 1492 1445 als Schande, es vielmehr als selbstverständliche Pflicht an¬
373 1442 1497 1497 sehen, Beruf und Broterwerb zu haben, nimmt dem Sexual¬
373 1487 1494 1548 problem manche Schwerfälligkeit und Tragik, doch gelöst ist
371 1537 1495 1590 das Problem dadurch noch lange nicht. Fräulein Else, die
368 1580 1493 1643 Tochter eines begabten, leider allzu leichtsinnigen Vaters,
377 1631 1500 1681 muß den reichen Herrn Dorsday, der ihr nachstellt, um einen
368 1679 1501 1734 bedeutenden Geldbetrag anbetteln. Denn nur dieses Geld
372 1724 1496 1777 schützt den Vater vor dem Gefängnis. Der reiche Herr
380 1773 1491 1823 Dorsday ist ein Virtuose galanter Abenteuer. Er will helfen.
362 1816 1492 1880 Allein: auch er hat eine „Bitte“. Er wünscht Else nackt zu
382 1865 1492 1917 ehen. Nur zu sehen. Nichts weiter. Else fühlt, wie sich der
370 1908 1500 1961 Abgrund vor ihr öffnet. Hinunter in die schmutzige Tiefe, in
361 1959 1498 2018 der man sie verachten darf, wird sie nimmermeht. Das weiß
373 2004 1501 2062 sie. Ihre seelische Sauberkeit ersinnt den teuflischen Plan,
368 2053 1495 2113 daß sie die Bedingung des reichen Herrn Dorsday erfüllt,
361 2100 1488 2162 ihm nackt entgegentritt, im Klavierzimmer des Hotels, vor
371 2155 1080 2214 allen Leuten. Und sich dann vergiftet.
457 2183 1503 2266 Dann, nachher, auf ihrem Zimmer. ährend ihr
379 2248 1500 2300 Cousin mit Frau Cissy flirtet. In dem Film jedoch, den Paul
378 2294 1498 2348 Czinner für Elisabeth Bergner geformt hat, läßt er Fräulein
380 2346 1497 2393 Else schon vergiftet in die Halle laufen, um sich Herrn Dors¬
366 2391 1490 2442 day nackt zu zeigen. Filmisch und dramatisch betrachtet, hat
380 2440 1490 2485 das Einiges für sich. Die Spannung zunächst, ob Fräulein
378 2478 1493 2540 Else den Herrn Dorsday erreichen, ob sie seiner Bedingung
378 2532 1493 2594 genügen kann, noch ehe das Veronal sie hinschleudert und
385 2578 503 2637 ähmt.
454 2606 1484 2691 Filmisch und einer dramatischen Wirkung zuliebe hat
361 2681 1493 2738 Paul Czinner die Voraussetzungen dieser Mädchentragödie
374 2727 1409 2779 entrollt, hat den Luxus von Elses Elternhaus gezeigt,
1436 2775 1495 2832 als
366 2769 1422 2825 leichtsinnig unbekümmerte Spielernatur ihres Vaters, der
1425 2818 1497 2872 der
370 2819 1407 2869 Rechtsanwalt Mündelgelder an der Börse verspekuliert,
373 2864 1489 2921 sich erschießen will, da ihm die Schande droht. Diesem Vater
364 2905 1491 2965 gibt Albert Bassermann den Zauber seines Wesens, gibt ihm
375 2961 1495 3014 die Tragik seiner edeln Züge und entschwindet bald aus dem
369 3000 1489 3053 Film. Kurz nach dem Zusammenbruch und kurz nach der
363 3055 1497 3111 Abreise Elses. Mit ihrer Tante und mit ihrem Cousin fährt
371 3095 1484 3156 Else zum Wintersport nach St. Moritz. Diese Tante wird
364 3143 1485 3208 pompös von Adele Sandrock gegeben. Doch sie hat eigentlich
371 3187 1498 3251 nur die eine kurze Spielszene, in der sie den übergroßen Auf¬
1550 1110 2690 1180 cer) aug hier ga vertteien. Nach Dresem Gorscheng
1551 1210 2657 1268 wvand von Elses Vater abfällig kritisiert und erklärt, sie
1550 1261 2654 1308 volle mit seinen Finanzoperationen nichts zu tun haben.
1546 1304 2663 1371 Man sieht die Einkäufe, die Else für St. Moritz besorgt und
1540 1348 2674 1411 die sie durch einige Wiener Straßen führen. Man sieht ihre
1538 1393 2661 1454 Abreise vom Westbahnhof, sieht die wunderbare Schnee¬
1538 1435 2659 1501 landschaft des Engadin, Schlittschuhlaufen, Skisprünge,
1539 1490 2666 1555 Skjöring, Fünfuhrtee und Tanz im Hotel, dazwischen den
1538 1538 2656 1593 wilden Kurssturz und Börsenrummel in Wien. Aber es ent¬
1546 1578 2671 1642 steht bei aller erlesener Schönheit vieler Bilder dennoch der
1543 1631 2666 1696 Eindruck, der Film sei in seinem Streben, dramatisch zu
1548 1678 2661 1744 virken, viel epischer geworden, als Arthur Schnitzlers hoch¬
1543 1719 1919 1778 dramatische Novelle.
1628 1766 2655 1831 Dieser Eindruck steigert und versteift sich, gerade
1534 1794 2650 1865 während die letzten stärksten Geschehnisse vorüberflitzen.
1536 1863 2662 1922 Schöne, wundervoll schöne Bilder hat uns das Kino reichlich
1544 1910 2659 1963 oft gebracht. Virtuose Leistungen der von virtnosen Regisseuren
1539 1954 2669 2009 gelenkten Kameramänner. Auch die Bilder dieses Films sind
1545 1998 2654 2056 wundervoll schön. Der Durchblick auf den Kehlmarkt durchs
1538 2047 2661 2104 Michaelertor, die Berge des Engadins, die Landschaften, die
1533 2090 2663 2143 am fahrenden Expreß vorübergleiten. Da hat ein virtuoser
1548 2139 2652 2194 Regisseur virtuose Photographen gelenkt. Ohne Zweifel
1535 2186 2665 2232 Doch um die entscheidenden dramatischen Momente hat er
1548 2225 2663 2279 uns verkürzt. Was man in diesem Film zu sehen begehrt, ist
1544 2275 2672 2335 Fräulein Else. Was man sehen will, nicht genug sehen kann
1539 2322 2654 2378 und nicht genügend zu sehen kriegt, ist Elisabeth Bergner,
1544 2367 2661 2432 die das Fräulein Else spielt. Keineswegs, wie Herr Dorsday
1537 2411 2042 2475 das verlangt. Keineswegs!
1624 2450 2663 2518 Dieser Dorsday wird von einem Künstler dargestellt,
1539 2492 2665 2556 der inzwischen gestorben ist. Von Steinrück. Hier auf der
1547 2549 2661 2615 Leinwand, agiert er als Lebender unter Lebendigen. Daß
1548 2596 2651 2654 nun auch die Nachwelt dem Mimen Kränze flechten kann,
1537 2650 2652 2706 gehört zu den Errungenschaften moderner Technik, die ja
1556 2677 2657 2734 viele „ewige" Wahrheiten umstürzt. Noch hat der Sprech¬
1553 2732 2651 2790 ilm alle Hindernisse nicht besiegt. Eines Tages wird er sie
1537 2780 2657 2840 alle überwunden haben, und von diesem Tage an wird kein
1545 2826 2661 2881 großer Künstler mehr verschwinden. Aber jetzt schon im
1535 2855 2662 2923 Anblick des toten, auf dem Filmstreifen fortlebenden Stein¬
1543 2910 2651 2975 rück, kann man feststellen, daß selbst diejenigen, die ihn
1538 2961 2666 3015 nie gehört haben, seine schwere, wie mit harten Fäusten
1547 3008 2659 3071 zugreifende Stimme zu vernehmen glaubten. So wuchtig,
1550 3054 2663 3103 o mit breitschultriger Leidenschaft und mühsam gezügelter
1541 3101 2661 3158 Genießergier durchbebt, so zwingend mächtig ist sein Spiel.
1628 3145 2655 3204 Elisabeth Bergner gibt ein kindliches Mädchen, oder,
1541 3191 2659 3271 wenn man will, ein Kind, das hie und da rührend zum
2716 1111 2876 1179 schieden.
2720 1217 3305 1272 Mädchen aufwacht. Sie hat de
2718 1266 3308 1321 sie wirkt hinreißend in der eind
2713 1314 3304 1367 völliges Preisgegebensein glau
2722 1355 3315 1421 hat die Gewalt leidenschaftliche
2733 1404 3314 1464 chütternde der in letzter Desper
2720 1444 3319 1514 löschenden Kräfte. Ob die Szen
2721 1490 3309 1554 Veronal nimmt, daran sie stir
2712 1534 3300 1609 oder nachträglich weggeschnitten
2714 1585 3312 1650 diese Szene fehlt, und sie wär
2715 1638 3305 1691 wäre ein Höhepunkt der Leistun
2719 1673 3315 1740 wesen. Daß sie bei Erhalt jener
2712 1720 3316 1788 und so heftig weint, ist wohl e
2722 1761 3263 1840 ielleicht ihr eigener Irrtum.
2719 1810 3320 1863 erstarren müssen, ganz still wa
2713 1857 3267 1923 Nur durch die allerknappsten
2720 1904 3310 1967 da jenes Zerschmettertsein wirkso
2711 1947 3317 2012 der Entschluß emporringt. Hefti
2712 1993 3323 2062 her in der Unterredung mit Do
2715 2038 3323 2105 Augenblick, in dem sie seine B
2720 2076 3320 2153 Und nachher fehlt wieder — obn
2750 2131 3286 2196 die Szene, in der sie sich
2710 2183 3308 2241 nackt vor Dorsday hin zu treten
2705 2222 3318 2286 der Prostituierung von ihr fernh
2727 2266 3315 2332 ie die Kleider ablegt und zum
2713 2308 3322 2368 Rettung. Dann der letzte Augen
2708 2357 3328 2426 Dorsdays und aller Leuted
2706 2398 3283 2473 nackten, jungfräulichen Leib
2719 2451 3321 2517 Himmel, man will ja im Publi
2704 2499 3300 2556 wirklich nackt sehen. Wenn sie
2718 2546 3320 2621 kehrt, wenn eine Großaufnahm
2718 2587 3301 2651 Mantel ihr von den Schultern
2710 2626 3316 2700 Dorsdays begreifendes Entsetzen
2710 2676 3312 2743 lung wäre in ihre höchste Erfül
2715 2728 3319 2787 uimnebelt sich die Leinwand sch
2713 2775 3301 2836 vielleicht beides, vielleicht auch
2707 2814 3307 2879 zu eifrigen Schere — und mar
2706 2862 3306 2924 Wirbel durcheinanderstürzender
2704 2906 3323 2974 einem Feueralarm. Sinnreich un
2704 2953 3322 3019 Sterben, das Schlußlild: die m
2700 2996 3329 3063 Berglandschaft in ihrer imposan
2714 3046 3312 3112 alles Menschenschicksal. Dieser F
2714 3092 3329 3160 Elisabeth Bergner so stark ist wie
2718 3135 3314 3202 ich auch hier wieder einmal zeig
2707 3187 3333 3259 ist, als die Filmmacher von heut
