3248 4192
132 85 968 170 31. Fraeulein Else
1152 101 1477 204 box 5/1
646 464 1126 515 Nicht einzeln im Buchhandel.
2324 460 2748 540 Ueberpeicht vom Verfasser.
1530 459 1890 535 Abdruck aus der
1220 524 2178 598 Zeitschrift für ärztliche Fortbildung.
1163 595 2245 668 Zweiundzwanzigster Jahrgang. 1925. Nummer 10.
2421 608 2752 672 Nachäruck verboten.
1716 702 2758 770 z. Arztliche Probleme in der modernen
2081 768 2398 840 Dichtkunst.
2201 847 2292 916 Von
968 852 1174 935 G
1268 839 1413 965 7
1729 900 2759 960 Dr. Erwin Loewy-Hattendorf in Berlin-Steglitz.
1805 992 2756 1047 Es ist kein Zufall, daß fast alle Jahre das
1726 1040 2743 1091 Zentralkomitee für ärztliche Fortbildung eine Vor¬
1737 1093 2748 1152 tragsreihe über „Arztliche Grenzfragen“ veran¬
783 1068 1586 1200 Deu Latadk. Magun
1731 1134 2747 1194 staltet und die Vorträge über diese Gebiete stets
1734 1187 2750 1247 gern gehört und ihre Wiedergabe in der Zeit¬
1730 1239 2755 1284 schrift nicht minder gern gelesen wird. Der Arzt
757 1214 903 1314 /24
1732 1278 2742 1337 ist im täglichen Betriebe so selten in der Lage,
1736 1336 2752 1393 sich der Zusammenhänge seiner Wissenschaft mit
892 1294 1396 1396 Ap Glean
1732 1376 2755 1430 den Nachbargebieten bewußt zu werden, daß ein
1729 1418 2748 1483 Erinnern hieran von Zeit zu Zeit not tut, um ihm
1729 1474 2751 1523 seine Arbeit als Ausschnitt aus der civitas academica
1729 1517 2748 1575 vor Augen zu führen. Und so ist es sicherlich
865 1453 1564 1632 L
1737 1564 2746 1620 vielen von uns unbekannt, daß viele der Probleme,
1730 1615 2745 1666 die uns in den Fachzeitschriften ieglicher Art be¬
1731 1665 2737 1716 schäftigen, ärztlich-wissenschaftliche, naturwissen¬
1730 1706 2747 1760 schaftliche, ja sogar auch „Standesfragen“ von den
506 1649 1286 1796 Geta-M. AXIr.
1733 1759 2743 1810 größten Dichtern und Denkern unserer Tage er¬
1734 1805 2747 1863 örtert werden und in poctischem Gewand in die
1732 1851 2747 1912 große Literatur eingehen. Wir wollen einen Aus¬
891 1842 1275 1953 L-1 I
1730 1908 2748 1950 schnitt aus diesen Werken an uns vorüberziehen
1732 1943 2758 2002 lassen und werden staunend sehen, daß es mit
1733 1989 2744 2045 die bedeutendsten Männer sind, die unserer Pro¬
1733 2042 2738 2089 bleme gedenken: Gerhart Hauptmann
1734 2086 2748 2137 Thomas Mann, Hermann Hesse, Bern¬
1729 2139 2761 2208 hard Shaw und nicht zuletzt der Unsern einer:
1725 2183 2168 2248 Artur Schnitzler.
1807 2213 2758 2282 Unserem größten Dichter der Vortritt: Gerhart
1732 2273 2759 2323 Hauptmanns neuestes Buch: „Die Insel der
1732 2322 2741 2380 großen Mutter oder das Wunder von Ile des Dames“
1735 2370 2757 2417 hat in der Kritik keine ganz einheitliche Aufnahme
1725 2429 2680 2476 gefunden. Wird auch die Pracht der Sprache
1736 2472 2749 2527 die der tropischen Uppigkeit der Südseeinsel ent¬
1734 2509 2747 2573 spricht, wo des Meisters Phantasie die schiff¬
2455 2562 2739 2621 allgemein ge¬
1737 2563 2377 2612 brüchigen Frauen landen läßt
1737 2613 2744 2666 rühmt, so begegnen die Geschehnisse in ihrer
1727 2652 2750 2706 Eigenart manchem Kopfschütteln. Ein einziger
1726 2702 2756 2760 Knabe, Phaon, wird mit den Frauen gerettet und
1735 2749 2751 2799 während er noch Knabe scheint und nicht zum
1729 2798 2743 2858 Jüngling geworden, vollzicht sich „das Wunder
1728 2844 2754 2901 von Ile des Dames“, die eine der Frauen wird
1726 2895 2745 2946 „vom unbekannten Gott“ befruchtet, sie wird
1737 2940 2756 2991 Mutter eines Kindes. Dieses Wunder wiederholt
1727 2997 2739 3056 sich: „Gegen Ende August wurde Bihari täl ge¬
1724 3039 2753 3088 tauft. Am 15. September wurde Deborah, die
1725 3080 2744 3138 schöne Jüdin, durch Fräulein Doktor Egli von
1735 3127 2745 3180 einem gesunden kleinen Mädchen entbunden. Im
1738 3176 2755 3224 Oktober geschah dasselbe Alma, der Negerin.
1730 3221 2749 3279 Von nun an griff die rätselhafte Schöpferkraft auf
658 3250 1014 3329 Dr. med. Erwin ##
1733 3272 2619 3327 die meisten Damen der Kolonie über..“
1794 3312 2749 3377 Es ist nicht unsere Aufgabe, mit den Kritikern
1729 3371 2746 3427 zu rechten, die es dem Dichter verübeln, daß er
655 3346 999 3445 Berlin-Staglitz,
1723 3409 2746 3476 hier einen Knaben zum Stammvater einer recht
1725 3455 2746 3514 zahlreichen Generation macht. Gerade die eine
1737 3510 2744 3569 Tatsache aber, die auch von vielen Kritikern ab¬
1721 3556 2749 3609 gelehnt wird, ist hier uns besonders interessant.
1729 3600 2742 3670 Fast alle Frauen werden sicherlich trotz aller Ver¬
