3248 4256
103 118 264 219 31.
306 126 965 196 Fraeulein Else
1146 124 1466 222 box 5/1
306 166 701 239 .  u  . 1. 1
1007 805 1445 875 — umllaul.
603 842 1336 932 Von der Wiener Zentrale dirigiert.
455 929 1544 989 London, 23. Dezember. Der jugoslawische Ge¬
355 974 1569 1049 sandte in London teilte nach Reuter mit, daß die Belgrader
370 1089 1556 1153 wird: in der Vorrede zu seiner „Verzauberten Seele",
370 1136 1550 1201 von der bisher zwei Bände vorliegen, sagt Rolland:
361 1194 1548 1243 „Wenn ich einen Roman schreibe, wähle ich ein Wesen,
365 1236 1549 1288 mit dem ich Gemeinsamkeiten fühle, oder vielmehr, es
369 1279 1547 1332 wählt mich. Sowie das Wesen einmal erwählt ist, lasse
362 1324 1545 1383 ich es ganz frei und habe wohl acht, daß ich nichts von
360 1365 1541 1425 meiner Persönlichkeit hineinmische. Eine Persönlichkeit,
372 1417 1549 1470 die man seit mehr als einem halben Jahrhundert trägt,
371 1469 1548 1522 ist eine schwere Last. Die göttliche Wohltat der Kunst
367 1513 1544 1567 besteht darin, uns von ihr zu befreien, indem sie uns
370 1563 1544 1617 gestattet, andre Seelen aufzutrinken, uns in andre
372 1600 1550 1661 Existenzen einzuhüllen. Unsre indischen Freunde würden
360 1653 1292 1715 sagen: andre von unsern Existenzen...
456 1704 1540 1755 Annette Rivière erlebt ihre erste große Zuneigung
372 1747 1555 1797 und Enttäuschung an ihrer Halbschwester, der kleinen
367 1795 1543 1845 Schneiderin Sylvie, von deren Existenz sie erst nach dem
365 1838 1550 1892 Tode ihres Vaters erfährt und für die in ihr nach an¬
364 1890 1544 1939 fänglicher Eifersucht die leidenschaftlichste schwesterliche
373 1930 1548 1983 Liebe aufblüht. Aber Sylvie, ein richtiges Boulevard¬
368 1977 1550 2030 pflänzchen, leichtsinnig und berechnend, schmiegsam und
376 2022 1548 2079 elbstandig, zärtlich und kühl, denkt gar nicht daran, ihr
368 2077 1545 2124 eigenes Dasein mit dem ihrer patrizischen Schwester zu
372 2113 1548 2167 vereinigen, und auch auf eine gelegentliche nette, kleine
368 2159 1543 2220 Perfidie, der großmütigen Annette gegenüber, kommt
715 2208 1551 2264 So sieht sich diese mit ihrer großen
362 2207 716 2265 es ihr nicht an.
361 2248 1552 2302 Liebes= und Leidensfähigkeit bald wieder allein. Ein
367 2295 1544 2352 Mann tritt in ihren Kreis, sie glaubt ihn zu lieben, aber
365 2341 1548 2394 ihre Klugheit bleibt wach, und sie fühlt, daß es nur ein
368 2389 1551 2443 Strom von Sinnlichkeit ist, der sie zueinander reißt, daß
370 2430 1544 2484 ein wirkliches Zusammenleben mit ihm nicht denkbar
379 2482 1550 2537 st. Dennoch kommt die Stunde, wo ihr Blut sie über¬
367 2522 1550 2579 wältigt; sie gibt sich ihm und stößt ihn dann von sich,
364 2571 1552 2628 weil sie spürt, daß er ihrer Seele verderblich wird; sie
366 2598 1556 2670 ruft ihn auch später nicht mehr, da sie fühlt, daß sie
364 2668 1542 2722 Mutter werden wird. Sie will ihr Kind in Freiheit zur
359 2718 1116 2763 Welt bringen und es allein besitzen.
467 2756 1541 2807 Der Kampf um die soziale Vollwertigkeit der un¬
369 2801 1546 2856 verehelichten Mutter mutet in deutschen und skandinavi¬
376 2843 1545 2904 schen Ländern nicht mehr so neu und fremdartig an
363 2894 1552 2948 wie in romanischen, wo sich das junge Mädchen vom
374 2941 1547 2995 Schlage Fräulein Elses weit länger konserviert hat. Wir
1448 2980 1550 3039 hin¬
366 2984 1452 3041 ahnen schon, daß Annette durch alle Demütigungen
371 3032 1555 3088 durchgehen muß, welche die Gesellschaft zu Beginn des
368 3074 1551 3141 zwanzigsten Jahrhunderts für Menschen übrig hatte, die
368 3123 1546 3183 gegen bestehende Sittengesetze anrennen. Der Kampf
368 3160 1550 3234 wird härter, da Annette ihre materielle Sorglosigkeit
364 3215 1552 3269 einbüßt, welche sie vom Urteil ihrer Mitmenschen unab¬
363 3252 1551 3332 hängig machte; nun erst beginnt der ergreifendste Teil
1608 832 2733 947 Keine Preiverbebung.
1576 1089 2750 1157 des Werkes. Jetzt erst lernt Annette den erbittertsten
1585 1144 2750 1208 Krieg kennen, der je geführt wurde: den der Arbeitenden
1579 1195 2751 1242 gegen die Arbeitenden, die Konkurrenz, das Weg¬
1588 1240 2759 1290 chnappen des kleinsten Stückchens Brot. Nun lernt sie
1581 1280 2756 1339 begreifen, daß Gedanken, Gefühle, Weltanschauungen
1576 1329 2747 1382 ein Luxus sind, nur dem erreichbar, der weiß, daß er
1584 1376 2758 1433 morgen zu essen haben wird. Sehr drollig steht nun im
1583 1418 2762 1475 Gegensatz zu ihr ihre Schwester Sylvie, die als Besitzerin
1578 1468 2746 1523 eines gut gehenden Schneiderateliers bürgerlich ge¬
1583 1516 2754 1567 worden, solide verheiratet und Annette somit in jeder
1575 1555 1997 1627 Weise überlegen ist.
1668 1603 2751 1671 Sie kämpft für ihr Kind, aber auch um das Kind:
1577 1661 2752 1719 denn dieses kleine Geschöpf, das sie den ganzen Tag
1579 1706 2750 1759 andern Leuten überlassen muß, um seinen Unterhalt zu
1575 1755 2755 1810 verdienen, empfindet die Zärtlichkeitskatarakte, mit
1583 1797 2748 1847 denen es abends von der heimkehrenden Mutter über¬
1587 1844 2755 1897 chüttet wird, als durchaus unangenehm. Was zum Teufel
1584 1896 2760 1943 vill diese fremde exaltierte Frau? Im Schneideratelier
1581 1939 2759 1987 der Tante Sylvie, wo es als Hauskatze der munteren
1581 1987 2758 2032 Nähmädchen herumläuft, ist es viel netter. Mit unbarm¬
1578 2033 2753 2082 herzigen Augen sieht es seine Mutter an, sieht alle ihre
1592 2077 2759 2136 eelischen und physischen Schwächen. Dieses Kind, für
1581 2119 2752 2174 das sie alles hingegeben hat, liebt sie kaum; mindestens
1578 2171 2759 2236 hat es andre lieber. Noch will die verzauberte Seele es
1575 2219 2758 2279 nicht wahr haben; langsam muß sie es begreifen lernen.
1663 2269 2758 2331 Vor der Liebe hat sie Angst. Wer seine Kräfte für
1576 2312 2768 2384 den Lebenskampf braucht, darf sich nicht verlieren. Der
1589 2364 2768 2420 chöne, gesunde Körper der blühenden Frau will sein
1585 2409 2755 2463 Recht, aber sie kennt sich und hat Furcht vor sich selbst.
1586 2460 2753 2508 Dennoch kommt die Liebe; sie kommt, wie es bei einer
1584 2506 2754 2552 starken Frau fast selbstverständlich ist, in Gestalt eines
1584 2550 2753 2607 schwachen Mannes, der sich in ihre Kraft verliebt und
1577 2595 2761 2653 den sie doch erschreckt. Wie traurig, zu wissen, daß man
1579 2641 2761 2694 den Geliebten um Haupteslänge überragt! Es ist ein
1576 2682 2753 2753 trostloses Hin= und Herzerren, dem sie endlich ein Ende
1577 2734 2755 2795 macht. Ihr ganzes Leben ist ein Kampf um ihre Seelen¬
1581 2782 2755 2846 kraft, die jeder, der in ihre Nähe kommt, zerbrechen
1581 2841 2752 2891 will. Und sie braucht sie doch so nötig. Häusliches Un¬
1588 2886 2762 2935 gemach bricht über sie herein, nichtssagend bei Leuten,
1586 2927 2754 2984 welche Geld haben, zerschmetternd bei solchen, die mit
1591 2975 2759 3027 edem Groschen rechnen müssen. Sie entzweit sich mit der
1578 3018 2757 3071 in sorglosen Verhältnissen lebenden Schwester und steht
1584 3067 2755 3118 nun ganz allein, mesquinen Sorgen preisgegeben,
1587 3118 2753 3166 vissend, da, ihr heranwachsendes Kind den ganzen Tag
1587 3154 2754 3212 unbehütet und allein bleibt. Mit der Hand des Meisters
1580 3210 2763 3264 legt Rolland die Seele dieses einsamen kleinen Jungen
1580 3252 2757 3324 bloß, des verbitterten, grübelnden, frühreifen Kindes,
2775 743 3131 826 Deamtenregierung
2775 805 3155 870 Parteien würden ei
2776 862 3151 952 eine Beamtenra
2778 925 3155 1004 Regierung. Wer
2773 991 3159 1059 Neuwahlen sta
2783 1089 3148 1157 das seiner Mutte
2787 1149 3142 1204 steht. Er gehört:
2784 1189 3143 1251 gehört nirgends
2783 1233 3139 1288 ihn nicht kennt, d
2779 1283 3160 1339 hat und die ihn
2781 1335 3159 1395 tragische Kampf d
2781 1377 3162 1444 tragisch da, wo die
2869 1417 3166 1489 Noch ein letzt
2782 1464 3160 1532 Schwelle des Alte
2783 1514 3120 1582 Elementarkraft,
3115 1523 3161 1579 9
2784 1562 3143 1628 Der Mann, ein
2784 1615 3155 1670 der von unten kor
2783 1708 3166 1772 Höllenstrafen dur
2780 1755 3161 1814 zu einem verheir
2788 1809 3159 1866 sie sich endlich beft
2788 1852 3156 1914 Da geschieht das
2788 1884 3164 1961 verzauberte Seele
2783 1946 3162 2023 kommt ihr die Kr
2788 1993 3129 2058 und zu erheben.
2782 2041 3166 2112 volles Gedicht hin
2786 2089 3166 2155 bei Rolland.—, ei
2890 2150 3098 2218 „Du kamst
3007 2193 3152 2248 deine H
2893 2231 3148 2290 Mit Liebe, mi
2892 2277 3150 2332 Du warst mic
2888 2320 3151 2388 Ich weiß es w
2879 2370 3160 2442 Die verzaube
2880 2428 3146 2490 ihr Sohn zu
2784 2425 2870 2489 daß
2881 2478 3150 2537 überwindet
2779 2478 2878 2539 krise
2784 2524 3159 2585 sammen leben, jer
2790 2571 3160 2636 Weg zur Einhei
2775 2615 3166 2684 nicht, welche Schrä
2785 2672 3154 2736 ziehen, daß der
2790 2716 3149 2790 mühsam gezimme
2781 2765 2903 2831 wird.
2872 2799 3151 2874 Der letzte B
2792 2851 3160 2923 scheinen, und er
2793 2911 3161 2975 m Kriege gehöre
2795 2956 3144 3024 e geblickt haben,
2785 3004 3144 3066 Seelen und den
2790 3054 3152 3116 tags mit dem gle
2784 3105 3159 3166 unter ihrem Blich
2783 3151 3121 3213 formen, wie es
2784 3189 3164 3261 ist. Wer Mensch
2753 3232 3133 3321 Mensch; wer es
