3248 4224
79 96 219 196 31.
277 94 938 182 Fraeulein Else
265 151 316 210 1
1121 105 1440 196 box 5/1
833 1104 2244 1176 jedoch führt noch weiter aufwärts, unter Tolleben ist er Staatssekretär im Aus¬
828 1177 2245 1226 wärtigen Amt geworden. Er sieht den Krieg kommen, von ungeduldigen Gene¬
823 1213 2249 1270 rälen immer unausweichlicher heraufbeschworen, die zu führen glauben und
830 1258 2240 1323 Werkzeuge der Kriegsindustrien hüben und drüben sind. „Endlich mal los¬
831 1319 2249 1367 schlagen, rufen die Generäle und die Kriegsindustrie antwortet: „Nationalhass
829 1362 2244 1418 muss sein, woher sonst Geschäfte. Tolleben ist ganz hilflos. Welche bleiche
825 1405 2250 1458 Angst hoch oben, als der Ernstfall kommt, mit dem man jahrzehntelang gespielt
825 1454 2251 1514 hat! Als Tolleben am Tage des Kriegsausbruchs verunglückt, wird Mangolf
821 1505 2245 1557 Kanzler des Krieges, den er gewollt. Zwanzig Jahre des Leids und der Lüge, der
816 1553 2257 1619 Heuchelei und Zermürbung, seine Ehe verödet: aber er ist oben! An den Sieg
820 1602 2255 1662 des Kaiserreiches glaubt er keinen Augenblick. Ohnmächtig gegen die Generäle
820 1659 2251 1716 und die Schwerindustrie, sieht er das Chaos immer näher herankommen, das
820 1707 2254 1763 alle verschlingen wird. O Geistesreinheit der ersten erwachenden Jugend, du
824 1745 2244 1807 bist dahm für immer! Ausgebrannt ist auch Terra. Was aus Lug und Trug
817 1799 2254 1857 geworden, ermisst er schaudernd an der Leiche seiner Schwester Lea, die sich
817 1852 2252 1913 einst stark genug gedünkt hat, das Leben zu leben, wie es ist, und nach all ihren
817 1894 2253 1947 Ausschweifungen, die Maske und übertäubte Angst ob der Versäumnis des
821 1942 2251 2000 Lebens waren, ins Wasser springt. Als er den Todesschrei der Schwester hört,
827 1996 2242 2057 ist ihm, als rufe die geschändete, abgründig verratene Menschheit, hinab¬
821 2040 2251 2097 stürzend ins Chaos, nach Rettung... Unerbittlich wie das erste ist auch das
827 2090 2241 2154 letzte Gespräch der beiden „Freunde, als sie beide fertig sind, — letzte Nackt¬
822 2145 1413 2197 heit, entsetzenerregende Ironie.
882 2184 1943 2252 Mangolf: „Weißt du etwa, warum wir gescheitert sind?“
881 2234 2244 2300 Terra: „Wir sind vor allem gescheitert, weil nicht einzusehen ist, warum
817 2288 2246 2348 irgend jemand, der Talent hat und es der menschlichen Gesellschaft vorsetzt,
819 2334 2245 2406 nicht scheitern sollte. Wir im Besonderen sind noch daran gescheitert, dass
824 2386 1709 2455 wir von unseresgleichen zu viel verlangt haben.
878 2435 1800 2498 Mangolf: „Du wohl, du hast sie bessern gewollt.
879 2473 2249 2549 Terra: „Du hast von ihnen in der Richtung des Schlechtseins eine geradezu
824 2529 2241 2585 übermenschliche Opfertreudigkeit verlangt. Du warst ein noch größerer Idealist
819 2583 975 2640 als ich.
873 2612 1934 2691 Mangolj: „Wir sterben, weil wir geistig ehrenhaft sind.
875 2683 2250 2747 Terra: „Nein. Sondern weil wir nicht auch die Gegengifte in uns tragen
817 2723 1465 2786 für unseren anspruchsvollen Geist.
885 2778 1485 2837 Mangolf: „Welche Gegengifte?“
879 2827 2079 2892 Terra: „Verachtung und Güte. Du hattest nur die Verachtung.
879 2876 1441 2946 Mangolf: „Du nur die Güte.
875 2922 2242 2990 Sie gehören zusammen als die beiden Seiten des korrumpierten Intellek¬
817 2970 2240 3027 tualismus. Sie erschießen sich beide und fallen kreuzweise übereinander.
822 3018 2247 3077 Draußen Marschmusik und Tritt der Regimente.: „Hurra! Es ist das letzte
823 3072 1177 3145 Wort des Buches.
1917 3096 2204 3180 JONAS LESZER
2138 3386 2253 3473 771
