3392 4256
1316 88 1665 190 box 5/4
278 89 1156 175 31. Fraeulein Else
475 140 1154 215 # K.  an Kan  en un ene den enen en ern.
524 676 1363 759 CAIINOS IN ÖSTERREICH
620 758 1259 811 BadenSalzburg Semmering
515 800 1362 860 Rouiette — Baccara — Chemin de fer
519 855 1356 929 Österreichische Casino A. G.
522 917 1368 968 Wien III, Schwarzenbergplatz 5a
959 1012 1014 1079 77
513 1018 962 1118 „OBSERVER
749 1093 1346 1151 I. österr. behördlich konzessioniertes
760 1141 1354 1184 Unternehmen für Zeitungs-Ausschnitte
757 1182 1355 1224 Wien I, Wollzeile 11, Telephon R-23-0-43
504 1335 853 1415 Ausschnitt aus:
854 1354 1254 1496 De Stonde Rien
888 1521 1352 1639 23.SEP. 1936
478 1541 649 1641 vom:
439 1648 2081 1782 Kammerspiele des Theaters in der Josefstadte
1289 1777 2130 1868 Was das Programm betrifft, plant Hofrat
406 1841 1237 1910 Ein interessantes Projekt im Wiener
1256 1846 2115 1899 Dr. Lothar in den Kammerspielen interes¬
380 1889 1231 1944 Theaterleben dürfte in den nächsten Tagen
1256 1899 2127 1948 sante Stücke in interessanten Besetzungen zu
375 1945 1242 1992 endgfltig entschieden werden. Es handelt
1262 1944 2129 1997 spielen. Dr. Lothar denkt in erster Reihe an
375 1987 1232 2032 sich um die Angliederung der Kammerspiele
1267 1989 2116 2046 einzelne Werke, die dem intimen Charakter
376 2031 1236 2077 an den Betrieb des Theaters in der Josef¬
1264 2029 2123 2076 des Hauses der Kammerspiele besonders ent¬
1254 2074 2121 2132 sprechen. Er will auch weiterhin den Kam¬
371 2073 1234 2122 stidt. Falls die Verhandlungen günstig be¬
368 2119 1233 2172 endet werden, werden die Kammerspiele in
1265 2121 2114 2192 merspielen den Charakter eines Boulevard¬
370 2162 1242 2207 dieser Saisen als „Kammerspiele des
1259 2159 1563 2235 theaters geben.
374 2204 1176 2278 Theaters in der Josefstadt“
1292 2180 2123 2267 Als erste Premiere soll die englische
1160 2206 1226 2271 ge
372 2248 656 2306 führt werdien.
1253 2234 2131 2308 Komödie „Verführung“ („Love of a
418 2291 1241 2353 Seit Monaten dauern die Verhandlungen,
1253 2292 2124 2349 stranger“) von Frank Vosper in Szene
371 2339 1230 2388 die darauf Einzielen, Hofrat Dr. Lothar
1259 2343 2120 2396 gehen. Dieses Stück ist eines der Serien¬
371 2381 1250 2436 den Direktor des Theaters in der Josefstadt,
1260 2389 2122 2433 erfolge des englischen Theaters. Frank
369 2427 1236 2484 für die Kammerspiele zu interessieren. Hof¬
1272 2429 2127 2488 Vosper, einer der bekanntesten Londoner
365 2473 1225 2543 rat Dr. Lothar hat sich nach längeren 3e¬
1261 2470 2137 2529 Schauspieler, hat dieses Stück, dessen Haupt¬
374 2517 1237 2568 sprechungen auch bereit erklärt, unter ge¬
1261 2518 2120 2563 rolle er in London spielt, für sich geschrie¬
374 2555 1229 2608 wissen Umständen, die künstlerische und be¬
1263 2560 2122 2613 ven. Hier wird Ernst Deutsch diese Rolle
382 2598 1241 2657 triebstechnische Fragen betreffen, mit dem
1254 2604 2120 2664 kreieren. In weiteren Rollen sollen Kitty
375 2650 1237 2708 Ensemble des Theaters in der Josefstadt in
1255 2646 2131 2710 Stengel, Frieda Richard, Ludwig
382 2695 1229 2745 len Kammerspielen Vorstellungen zu veran¬
1254 2693 2121 2744 Stößel und Albert Heine beschäftigt
370 2738 1231 2792 anstalten und dermaßen beide Betriebe unter
1258 2741 2115 2787 seiz. Hofrat Albert Heine wird auch die
375 2777 1195 2834 seine künstlerische Oberleitung zu stellen.
1255 2780 2124 2830 Regie des Werkes, das als Eröffnungsvorstel¬
419 2808 1239 2890 Die Direktion der Kammerspiele würde
1260 2823 2130 2874 lung der Kammerspiele des Theaters in der
376 2859 1232 2928 Direktor Josef Sandtner, der lange Jahre
1260 2868 2026 2917 Josefstadt in Szene geht, übernehmen.
381 2911 1228 2971 Direktionsstellvertreter in den Kammer¬
1300 2913 2123 2969 Unter den Stücken, die für die Kammer¬
372 2952 1233 3013 spielen war, übernehmen. Die Finanzierung
1262 2965 2122 3015 spiele des Theaters in der Josefstadt geplant
381 3002 1228 3061 1es Projektes übernimmt eine Wiener Finanz¬
1255 3006 2124 3072 sind, befindet sich auch die Lotharsche Bear¬
1261 3044 1401 3100 beitung
379 3044 1232 3103 gruppe. Die Verhandlungen mit den Eigen¬
1393 3045 1800 3098 von Schnitzlers
1833 3048 2123 3113 „Fräulein
387 3096 1236 3146 ümern der Kammerspiele sind so weit fort¬
1260 3079 2121 3137 Else“, die mit-Rese#tr adNer als Fräu¬
374 3134 1229 3203 geschritten, daß ein Abschluß in allernäch¬
1261 3137 2124 3198 lein Else und Albert Bassermann als
372 3172 854 3243 ster Zeit zu erwarten ist.
1256 3178 2044 3233 Weihnachtsnovität in Szene gehen soll.
2361 781 3194 866 CAIINOS IN ÖSTERREICH
2442 849 3084 916 Baden SalzburgSemmering
2341 892 3192 950 Roulette — Baccara — Chemin de fer
2352 940 3181 1022 Österreichische Casino A. G.
2356 1011 3181 1065 Wien III. Schwarzenbergplatz 5a
2346 1106 2808 1213 „OBSERVER“
2585 1163 3183 1238 I. österr. behördlich konzessioniertes
2584 1237 3186 1277 Unternehmen für Zeitungs-Ausschnitte
2588 1276 3182 1318 Wien I, Wolizeile 11, Telephon R-23-0-43
3138 1313 3192 1353 —
2340 1416 2685 1505 Ausschnitt aus:
2744 1470 2927 1565 er Tag.
2613 1605 3067 1714 23.SEP. 933
2347 1651 2460 1713 vom:
2296 1732 3161 1906 Theater uns kunsr
2332 1981 3153 2085 Programm der Josefstadt für die
2567 2052 2928 2135 Kammerspiele
2343 2102 3184 2189 * Obwohl die Verhandlungen wegen der
2290 2166 3189 2219 Wiedereröffnung der Kammer¬
2305 2218 3182 2273 spiele noch nicht zum Abschluß gekommen
2292 2265 3188 2313 sind, darf man doch bereits annehmen, daß die
2293 2311 3185 2353 Bühne in der Rotenturmstraße unter der Direk¬
2294 2352 3178 2413 tion des früheren Direktionssekretärs Josef
2289 2397 3181 2452 Sandtner bereits Mitte Oktober
2290 2444 3186 2506 wieder eröffnet werden wird und daß das
2291 2481 3189 2541 Theaterin der Josefstadt mit einem
2298 2525 3188 2589 Ensemble in den Kammerspielen die Saison
2290 2574 3186 2625 eröffnen wird. Das Theater würde sogar
2305 2621 3178 2675 „Kammerspiele des Theaters in
2292 2663 3036 2721 der Josefstadt“ genannt werden.
2333 2690 3185 2773 Wie wir erfahren, bestünde für diesen Fall
2294 2736 3186 2810 bereits folgendes Programm: Die Eröffnungs¬
2293 2793 3187 2844 novität wäre die englische Komödie „Verfüh¬
2289 2839 3175 2893 rung“ von Frank Vosper, die Hofrat Heine
2290 2872 3175 2938 inszenieren soll. In dem Stück würden Ernst
2300 2923 3181 2989 Deutsch, Kitty Stengel, Frieda Richard, Jane
2290 2965 3182 3038 Tilden, Annie Meier, Hans Thimig, Ludwig
2296 3012 3173 3078 Stoessel und Albert Heine spielen. Später
2294 3051 2545 3112 sollen dann
2558 3048 3162 3118 „Frühlingserwachen“
2296 3106 3172 3159 von Wedekind mit Annie Meier als Wendla,
2302 3146 3157 3197 „Die Jungen aus der Paulsgasse
2292 3191 3178 3254 von Molnar und (als Weihnachtsnovität)
2296 3236 3176 3291 „Fräulein Else“ von Schnitzler, drama¬
2298 3262 3179 3334 tisiert von Ernst Lothät, zur Anfführueköm¬
2295 3323 3167 3385 men. Fräulein Else würde Rose Stradne:
2303 3353 3096 3426 spielen, ihren Vater Albert Bassermann.
