3248 4224
253 117 920 197 Fraeulein Else
67 138 927 237 31     anen K.
1097 122 1436 210 box 5/1
1376 999 2065 1106 BRIEFER MENTION
973 1121 2472 1212 Vaiycrony, by Ronald Firbank (1zmo, 240 pages; Brentano: 52). Mr
1013 1202 2462 1258 Firbank is the Ariel de nos Jours, and determined optimists will be reas¬
1022 1245 2472 1303 sured by the discovery that even this age has one. His Vainglory is the
1019 1300 2468 1360 most perfect flower of a fatigued society which having produced this
1018 1360 2470 1408 masterpiece can now pass on confdent of a 'niche,'’ to use one of the
1021 1397 2467 1456 author’s own words, in a history that knows how to value, say, a Lady
1022 1439 2467 1516 Castlemaine, a Madame du Barry, an Horace Walpole, or the new Countess
1021 1501 1241 1574 of Oxford.
977 1589 2483 1672 FRAULEIN ELsx, by Arthur Schnitzler, translated by Robert A. Simon (12mo,
1019 1660 2469 1717 14§ pages; Simon & Schuster: Si.go). To be able to depict so convinc¬
1010 1699 2473 1768 ingly the slow development of madness, through repression, of a young
1020 1764 2477 1816 girl, while at the same time revealing only the conscious levels of her
1027 1804 2479 1860 mind is fresh proof of the extraordinary insight and craftsmanship of this
1023 1858 2477 1925 justly celebrated author. It is perhaps, however, a criticism of the re¬
1016 1910 2482 1968 strictive technique here employed that in the end we do not feel that
1005 1958 1964 2012 major response which the greatest art provokes.
977 2055 2479 2122 Bakan ANn Cincuses, by W. E. Woodward (1zmo, 383 pages; Harpers:
1020 2108 2483 2176 H2). Like Carl Van Vechten, Mr Woodward appears to regard plot
1019 2170 2471 2228 as a mere net in which to enmesh queer fish. His novel is so loosely
1013 2213 2478 2277 put together, that it might be the product of a syndicate. Some chapters
1018 2270 2481 2323 are ser to the slow music of Sherwood Anderson; others have the-barnacles
1022 2316 2482 2377 of H. G. Welle ## ging to them; still others are awash with the salty
1017 2368 2477 2430 foam of F. Scatt Fitzgerald. One character argues at great length that
1018 2412 2483 2477 poctry and prose are becoming i distinguishable, while Mr Woodward
1030 2460 2473 2524 is bent on bringing about a similar merger of philosophy and fiction.
1019 2512 2478 2576 He has caught all sorts of ideas on his bit of “cosmic fly-paper,“ the
1020 2562 2475 2638 result being a sticky panorama of foibles—intermittently amusing, but
1016 2617 1259 2701 evanescent.
978 2704 2482 2778 Kkakarrr, by Karel Capek, translated by Lawrence Hyde (12mo, 408 pages;
1023 2774 2475 2833 Macmillan: 5z.go) is a blur of mechanism and velocity—like riding in
1023 2820 2477 2881 the cab of a locomotive. Destructive force of some sort or other serves
1025 2863 2479 2930 as the dynamo of Capek’s humanitarian fantasies; in this instance, in¬
1029 2923 2481 2988 stead of robots, the idea is embodied in the discovery of an explosive
1020 2978 2472 3041 potentially capable of obliterating whole areas of the earth’s surface.
1031 3018 2475 3084 Somehow a deadly explosive has a tendency to be more deadly in print
1032 3070 2477 3137 than anywhere else, and Capek’s novel has not escaped. The author
1024 3121 2476 3192 throws a great amount of chemistry into the story, ignoring the fact that
1022 3188 2474 3240 the ignition point of the reader’s interest obeys other laws. Even when
1030 3230 2482 3293 he writes of romantic passion, he keeps his characters in test tubes and
1029 3276 2477 3347 fuses them over a Bunsen burner. Krakatit has many of the elements of
1031 3343 2033 3409 a thrilling tale—but most of them are chemical.
