3248 4256
253 145 445 248 Frac
465 146 936 258 ulein Else
1096 132 1445 233 box 5/1
850 1029 2275 1121 Freund, der, enterbt wegen einer Passion für ein abgefeimt-dirnenhaftes Weib,
856 1086 2280 1167 viel umgetrieben wird und in Abenteuern den Zynismus lernt. Aber während
854 1132 2273 1220 der gelenkige Mangolf, in Selbstekel und unter Demütigungen, die ihm die
861 1182 2272 1267 Tränen aus den Augen pressen und ihn aus bösen Träumen aufstöhnen machen,
848 1240 2267 1308 sich völlig verleugnet, um aufzusteigen, zuckt es in Terra doch noch einmal auf:
846 1293 2270 1358 rein bleiben! Etwas wie Heimweh würgt ihn, Heimweh nach Kindheit und
845 1330 2276 1417 Elternhaus, da er der Schwester Lea, die nun Schauspielerm ist, auf der Bank
849 1380 2276 1467 im Garten das Märchen von den roten Schuhen vorlas . .. Als sich die beiden
850 1426 2267 1510 Freunde nach Jahren wieder finden, erkennt Terra gelassen (aber vielleicht,
850 1476 2270 1564 dass noch Weh fern nachzittert), wie fremd sie einander geworden sind, unter
854 1525 2263 1616 Verrat und Selbstverrat. Sie sind in einer Epoche des Relativismus aufgewach¬
843 1587 2274 1664 sen, früh über jede Bindung, jede seelisch-sittliche Form hinausgelangt, — und
847 1622 2263 1715 so vorbereitet, kommen sie an die Herren des deutschen Kaiserreiches heran:
848 1685 2259 1755 an den Botschafter und Staatssekretär im Auswärtigen Amt, Grafen Lannas,
846 1722 2267 1812 der bald Reichskanzler wird, der repräsentative Kanzler der Epoche, leicht,
840 1784 2261 1854 weltmännisch, ein wenig Asthet (o nur ein ganz klein wenig), sich gern vor¬
842 1830 2268 1898 urteilslos gebend, über den Reichstag lächelnd, aber gewisse Reformen des
844 1872 2255 1940 demokratischen Zeitgeistes für „nun einmal unumgänglich“ haltend: „Auf¬
843 1933 2262 2011 machung“ nennt man dies. Indes Mangolf, im Dienste des Kanzlers, sich
837 1971 2266 2052 immer weiter hinaufkämpft, nicht in Kühnheit, sondern nur geduldet, der
830 2015 2264 2107 Bürgerssohn, der erbittert fühlt, wieviel er schlucken muss, um einmal herrschen
832 2081 2260 2142 zu können, und sich seinen Zynismus in Lebensstärke umlügt, — abenteuert
834 2118 2263 2199 Terra noch und gerät an die „Generalagentur für das gesamte Leben, von Prass
836 2177 2250 2241 macht alles ein großes Schwindelunternehmen zeitsymbolisch-wilhelminischer
835 2214 2255 2299 Prägung, das bald zusammenkracht. Er liebt die ehrgeizige Tochter des Kanz¬
828 2264 2260 2353 lers, Alice Lannas, mit den schmalen, wachen Augen und dem hellen Geist,
837 2314 2256 2397 die wagnisgewillt sich ihm einmal hingegeben, aber ehrgeizverzehrt doch noch
823 2378 2248 2438 mehr herrschen als lieben will; er macht sich an den Kanzler selbst heran und
827 2411 2226 2493 redet ihm, dem „das Urteil der gebildeten Jugend immer wertvoll gewesen ist
832 2461 2243 2542 (Aufmachung!), in einer Marquis Posa-Szene in starken Sätzen von Humanität,
827 2523 2245 2598 redet sich in einen ästhetizistischen Rausch hinein, dass sich ihm Blick und
820 2558 2241 2644 Stimme verschleiern (ist sein Gefühl echt oder unecht: er weiß es wohl selber
819 2612 2253 2692 nicht), worauf Graf Lannas die gebildete Jugend als „Schwärmer“ abtut, „die
821 2659 2241 2728 Art Mensch, die nicht von Tatsachen, nur von Ideen ausgeht“. Terra und Man¬
826 2719 2243 2791 golf üben Verrat um Verrat gegeneinander, in sachlichem Zynismus, äußerlich
826 2770 2246 2840 von weltmännischer Freundschaft, und finden immer die eindringlichste,
821 2806 2241 2894 bebend-genaueste Formel für emnander. Mangolf: „Merkwürdig. Deine ersten
822 2855 2247 2932 Enttäuschungen und Einblicke haben dich für dem eigenes Dasein zum Diogenes
820 2907 2247 2983 und Nihilisten aus Moral gemacht. Für das Menschengeschlecht aber glaubst
820 2955 2244 3031 du hartnäckig an eine hohe Zukunft. Terra: „Merkwürdig. Du glaubst auf
811 3003 2236 3091 Erden nur an immer erneutes Elend und Verbrechen, dich selbst aber soll das
814 3051 2234 3135 Leben belohnen für deine Verachtung. Sie dürfen sich, nach solch beißender
818 3101 2234 3191 Wechselrede, die Hände reichen. Mangolf, der machtlüstern in die alldeutsche
813 3151 2233 3243 Bewegung eintritt und Geheimrat und Geheimer Legationsrat geworden ist,
807 3200 2237 3282 heiratet die Tochter des Schwerindustriellen Knack und wird bald darauf Unter¬
804 3258 2241 3348 staatssekretär, „Vertreter des Hauses Knack im Schoss der Regierung“. Terra,
796 3326 918 3407 768
2769 3106 2847 3164 auss
2783 3155 2834 3210 WIa
2773 3203 2830 3260 Bil
