3248 4256
85 110 246 202 31.
1108 105 1449 203 box 5/1
281 108 939 220 Fraculein Else
631 831 729 887 556
809 845 2425 907 Freiherr von daube, Jean Moréas' Stanzen in deutscher Sprache
629 934 1598 1002 Schlußstück des Bandes hin, die schöne Novelle „Die
1638 930 2613 1017 risten nämlich. Die denkbar einfache Handlung wird in
627 991 1596 1045 Träume von Siena“, die in wohllautender, kultivierter
1639 996 2610 1063 der Hauptsache von drei Personen getragen, einem
631 1034 1594 1084 Sprache das Problem der „Grenze der Ersüllung“ behandelt.
1645 1042 2602 1109 alternden Gelehrten, dessen lebensprühender Tochter und
693 1079 1593 1134 Des Heidelberger Schriftstellers Otto Frommel
1643 1090 2604 1141 einer jener geradezu sprichwörtlich gewordenen alten Tan¬
627 1114 1592 1175 sympathische, mit volkstümlicher Schlichtheit erzählte No¬
1641 1135 2613 1193 ten. Die Tochter heiratet — der Geheimrat gerät unter
629 1167 1594 1227 vellen „Schicksal“ bringen eine Auseinandersetzung der
1641 1173 2610 1229 die Herrschaft der Tante, des Alters. Eine Fülle komischer
629 1213 1604 1261 Individualität mit jenen Mächten, die auf unser Dasein
1640 1218 2599 1282 Situationen aller Art ergibt sich im Ablauf des Geschehens;
640 1257 1592 1317 fördernd oder hemmend einwirken. Das Buch rührt an
1644 1263 2500 1325 alles ist wunderbar leicht und vornehm hingestellt.
629 1298 1590 1360 viele Fragen, aber der Verfasser bescheidet sich, sie ledig¬
1694 1302 2610 1370 Franz Karl Ginzkeys Erzählung „Der Weg zu
627 1343 1520 1409 lich aufzuzeigen, ohne ihre Lösung sich anzumaßen.
1638 1348 2598 1413 Oswalda“ erscheint soeben in einer reizend ausgestatteten
690 1379 1593 1446 Arno Holz' Jugendnovelle „Der erste Schultag“ liegt
1633 1394 2602 1448 Kleinoktavausgabe. Ginzkey, der Erheller und Deuter
625 1437 1605 1488 endlich in einer Einzelausgabe vor, noch dazu in einer
1645 1441 2601 1498 so vieler Dunkelheiten des menschlichen Seelenlebens,
631 1477 1598 1532 ausgezeichnet gedruckten und gebundenen. Die kleine
1641 1483 2608 1543 schildert in seiner Dichtung, die alle Vorzüge seiner Kunst
637 1520 1595 1578 Dichtung, vielleicht das einzige stilreine Beispiel einer
1635 1534 2609 1588 weist, das Schicksal eines Mannes, in dessen Leben ein
631 1564 1596 1616 deutschen naturalischen Novelle, gehört zum Besten, was
1636 1568 2607 1633 tragisches Erlebnis seiner Kinderzeit — er wurde Zeuge
630 1605 987 1672 Holz geschrieben hat.
1637 1612 2162 1662 der Untreue seiner Mutter —
2159 1624 2596 1678 unheilvoll fortwirkt. Os¬
690 1638 1599 1704 Rudolf Huch veröffentlicht in Reclams Universal¬
1640 1665 2597 1719 walda, eine Blinde, bringt nach vielerlei Irrungen und
630 1693 1597 1746 Bibliothek seinen „Tollen Halberstädter“ in einer Neu¬
1637 1701 2228 1753 Wirrungen die heilende Erlösung.
630 1739 1595 1795 bearbeitung. Die jetzige, wesentlich konzentriertere Fassung
1686 1735 2594 1809 In der Reihe der an dieser Stelle ausführlich
633 1783 1587 1845 ist der ursprünglichen vorzuziehen: viel störendes Bei¬
1637 1800 2599 1854 gewürdigten „Musikalischen Novellen“ des Verlags
637 1830 1588 1891 werk, viele retardierende Momente sind fortgefallen; die
1630 1840 2594 1894 Kistner & Siegel veröffentlicht Franciscus Nagler die
636 1873 1593 1925 glut= und blutvolle Rhapsodie aus der Zeit des Dreißig¬
1637 1877 2594 1938 kleine romantische Erzählung „Flüte d’amour“, welche
630 1915 1597 1974 jährigen Krieges braust nun mit um so rückhaltloserer
1639 1925 2595 1986 die Erfindung jener Orgelstimme durch Gottfried Silber¬
625 1964 1586 2014 Leidenschaft dahin. Das jüngste Werk des Dichters, der
1638 1968 2603 2031 mann zu Straßburg behandelt. Das sympathische Ge¬
627 2005 1597 2063 kleine Roman „Altmännersommer“ offenbart eine ganz
1633 2010 2593 2078 schichtchen bieret ein ansprechendes Kulturbild aus dem
626 2044 1585 2107 andere Wesensseite Huchs, den Melancholiker und Humo¬
1629 2057 2159 2121 Beginn des 18. Jahrhunderts.
989 2138 1645 2244 Jean Moréas Stanzen
1670 2145 2235 2247 in deutscher Sprache
1273 2225 1936 2318 Von Otto Freiherrn von Taube
660 2280 1585 2372 as steht außer Zweifels: die Franzosen haben in
1633 2294 2591 2382 gab ihm einen selbstzüchtigenden unerbittlichen Ernst. So
613 2359 1586 2417 ihrem Schrifttum keine Montblancs und keine
1634 2367 2593 2414 vermöchte denn der Deutsche, dem Sehnen und Ernst Na¬
630 2402 1588 2455 Gaurisankars wie Deutsche, Italiener, Spanier, Briten.
1629 2406 2600 2466 tur sind, jene fremde Seele wohl zu begreifen, wenn auch
624 2444 1590 2498 Jedoch die Höhe und die Zahl ihrer Durchschnittsgrößen
1629 2452 2594 2511 der späte Sprößling der Antilen das Herz nicht auf der
626 2491 1586 2548 übertraf bisher die der unseren, und an achtbaren Gip¬
1630 2498 2599 2546 Hand trägt. Vielmehr hat er seinen Gehalt, gehaltensten
631 2530 1596 2587 seln nicht erster Ordnung waren sie nicht arm. Doch
1637 2540 2591 2600 Ausdrucks, in einer Erscheinung von strengster Schön¬
626 2578 1587 2620 das war: was heute jenseits des Wasgenwaldes ge¬
1632 2582 2597 2643 heit gestaltet. Seine Kunst, — knapp, wortkarg, einfacher
630 2618 1591 2670 schrieben wird, ist bestenfalls anständiges Nachfahrenwerk,
1635 2622 1922 2683 Bilder, feierlich,
1911 2628 2001 2672 —
1998 2630 2593 2689 ist vor allem keusch; sie hat die
624 2666 1588 2718 sonst blutloses Hirngespinst, exotische Wertlosigkeit
1633 2671 2600 2721 Herbheit der griechischen Bildnerei des frühen 5. Jahr¬
629 2711 1590 2764 (Comtesse de Noailles) oder der Kitsch sogenannnter
1635 2720 2595 2777 hunderts; es verlockt, sie „dorisch“ zu nennen. Deshalb
628 2753 1587 2801 guter Menschen und schlechter Musikanten (Romain
1626 2757 2605 2816 ist auch die Wendung „Latinität“, mit der einige dem
625 2797 1592 2845 Rolland). Die letzten erheblichen Dichter französischer
1636 2803 2599 2856 Dichter vielleicht würden beikommen wollen, ihm gegen¬
625 2838 1590 2886 Zunge waren ein Grieche und ein Vlaeme. Doch, während
1627 2845 2592 2905 über nur ein Ungefähr; sie reicht auch nicht heran bis
626 2887 1591 2944 Verhaeren dank der Stimme seines uns verwandten
1630 2892 2603 2947 in die Gründe seines nur Kennern sich offenbarenden
622 2924 1577 2985 Blutes in Deutschland geradezu heimisch geworden ist,
1635 2933 2592 3007 südlichen Mittelmeerglanzes, seiner verhehlten, — hel¬
625 2969 1583 3029 hat Jean Moréas bei uns kaum Anklang gefunden.
1631 2977 1795 3034 lenischen,
1789 2978 1962 3033 — Süße.
623 3018 1579 3074 Die Bedürfnisse, mit denen wir den Dichter suchen,
1683 3026 2583 3081 Dem Freiherrn Rolf v. Ungern=Sternberg ist es ge¬
620 3058 1577 3111 prallen ab an seiner gepanzerten Brust, wir neigen dazu,
1630 3062 2597 3122 lungen, eine Übertragung der Stanzen von Jean Moréas
628 3104 1586 3156 ihn als zu französisch=formal, zu kalt abzulehnen, während
1627 3109 2586 3167 zu schaffen, die alle bisherigen Versuche übertrifft. (Wir¬
626 3150 1584 3204 er in Wirklichkeit auch den Franzosen nicht entspricht
1634 3157 2593 3216 Verlag, Berlin 1921.) Große Gewissenhaftigkeit und
627 3198 1584 3246 wegen einer gewissen Schwere. Wohl besitzt er die von
1628 3201 2593 3255 große Liebe zu dessen Werke scheinen ihn getrieben zu
625 3234 1586 3294 ihnen geschätzte Gedrungenheit und von ihnen geforderte
1634 3240 2585 3291 haben, nicht eher Halt zu machen, als bis er, hinter
626 3277 1580 3336 Geschliffenheit. Doch fehlt ihm jeder Sinn für das Spiel,
1624 3285 2587 3344 Wort und Bild, in des Dichters tiesste Stimmung und
628 3319 1578 3383 für die Nippsache. Seine Dichtung begreift viel Gehalt;
1624 3330 2591 3382 Meinung eindrang, und, was er dort fand, in unserer
613 3369 1588 3416 und der ist ursprünglich und tief empfunden, im Sinne
1631 3376 2586 3425 Sprache hinstellte in einer aus jenem Geiste heraus ge¬
622 3402 1579 3459 eines Leidens. Zwar scheint bei flüchtigem Betrachten
1633 3414 2580 3472 forderten, dem Urbilde gleichwertigen Form. Geistes¬
630 3455 1579 3510 sein Stoff sich immer um das bewußte Paris und das
1624 3467 2579 3516 verwandtschaft, ob von Geburt, ob infolge gleicher Er¬
623 3502 1593 3554 verpariserte Frankreich zu schichten; die Liebe jedoch, die
1629 3503 2592 3557 fahrung, mag ihm dabei geholfen haben. Aus diesem
615 3539 1576 3590 der Grieche zu dieser Umgebung hegte, der, — fremd
1635 3548 2592 3616 Verhältnis zum Urbild und aus jenem Verfahren erklären
616 3578 856 3638 hergekommen,
848 3589 1580 3645 — nie völlig mit ihr eins ward, die ihm
1626 3592 2584 3649 sich sowohl Treue als auch Freiheit der Übertragung.
614 3627 1585 3685 darum statt leichten Besitzes unablässiges Ringen eintrug,
1629 3638 2578 3690 Sie hat des Dichters Schmerz und Glück, seine Einsam¬
617 3673 1584 3726 das stete Umschwebtsein von Bildern der fernen Heimat,
1630 3680 2581 3733 keit, seine Bitternis in sich begriffen. Sie strahlt aus seine
616 3713 1579 3768 der er sich entwöhnt hatte und die zu wünschen er trotzdem
1627 3728 2586 3776 ungemeine Kälte, doch mundet feuriger Schaumwein am
618 3768 1558 3817 nie aufhörte, hatten ihm, — um mit Ibsen zu reden, —
1620 3770 2581 3820 besten gekühlt, und hier ist Gewächs von südlicher Glut
620 3805 1577 3855 „die Gabe des Schmerzes“ verliehen, die Sehnsucht. Das
1626 3819 2580 3865 zu Eise geschlagen; wer tiefer und reicher kostet, trinkt
614 3850 1582 3914 Bewußtsein, als Dichter einem strengen Gotte zu dienen,
1625 3851 2584 3913 sich aus der apollinischen Form Dionysos, — den Rausch.
623 3903 1556 3967 Veranwortlich für die Schrfteltung: Gottlob Nayer, Leivig. —
1568 3911 2567 3997 Herausgeber für Deutschösterreich: Friese & Lang, Wien I, Bräunerstraße 3;
1085 3965 1588 4020 verantwortlich ## die Schriftleitung:
1593 3969 2117 4031 Erich Friese, Wien I, Bräunerstraße 3.
