3296 4224
96 176 951 264 31. Fraeulein Else
237 636 1015 817 Badgastem
236 889 641 983 Heilkräftigste
248 962 1024 1065 Radiumtherme der Well!
475 1082 1035 1160 Verlangen Sie Prospekte
474 1136 1032 1207 von der Kurkommission!
487 1308 984 1435 „OBSERVER
486 1423 1014 1489 Erstes österreichisches be¬
483 1486 1023 1534 hördlich konzessioniertes
488 1531 798 1590 Unternehmen
487 1568 1031 1661 für Zeitungsausschnitte
270 1622 515 1715 WIEN, I.,
252 1693 1030 1777 Wollzeile 11 : Telephon R 23-0-43
260 1833 599 1915 Ausschnift aus
712 1821 1114 1944 Kmpnengasune 110
645 1956 1053 2083 9 OEZ. 1936
267 1992 379 2058 vom
454 2093 988 2173 BWinrRr Mebabe Senuno.
345 2155 1161 2220 (Kamm spiele.) „Fräulein Else“, die
298 2174 1160 2251 wunderbare Novelle von Artur Schnitzler,
306 2237 1168 2305 die Ernst Lothar, nunmehr bramatisiert, der
295 2270 1160 2339 Bühne schenkte, ist jetzt aus der Josefstadt in
289 2310 1150 2371 die Rotenturmstraße übersiedelt, wo das Werk
297 2352 1153 2416 auch die 25. Aufführung feiern konnte. Es sind
297 2391 1155 2451 wieder die Herren Frey, Brandthofer¬
289 2429 1154 2493 Reuß, die Damen Rose Stradner, Frieda
288 2466 1151 2531 Richard, die den großen Erfolg sicherstellen.
293 2503 1150 2570 Für Albert Bassermann spielt jetzt Hans
292 2546 1138 2605 Homma den Rechtsanwalt überaus charakte¬
286 2581 1167 2665 ristisch und nobel. Er wurde mit allen Mitwir¬
277 2623 712 2686 kenden herzlich gefeiert.
1117 167 1470 263 box 5/4
1678 642 2399 751 BSERVER
1687 732 2346 799 I. österr. behördl. konzessioniertes
1648 771 2376 844 Unternehmen für Zeitungs-Ausschnitte
1720 839 2311 899 WIEN, I., WOLLZEILE 11
1793 894 2241 952 TELEPHON R-23-0-43
1591 1020 1936 1098 Ausschnitt aus:
1678 1128 1958 1221 Tilustr.
1993 1118 2456 1218 Fanilienblatt,
2056 1190 2199 1267 Vien
1590 1231 1720 1311 vom:
1983 1231 2198 1332 Nr. 10
1461 1505 2439 1618 Kammerspiele des Theaters in der Josefstadt.
1540 1573 2653 1671 „Fräulein Else“. Der große Erfolg des Theaters in
1458 1627 2638 1734 der Josefstadt ist nummehr in die Kammerspiele überge¬
1447 1673 2639 1779 leitet worden. Auch in der etwas veränderten Besetzung
1448 1720 2637 1820 erringt das Schnitzler-Lothar-Stück den ver¬
1455 1769 2641 1891 lienten greßen Beifall und den bisher 25 Aufführungen
1448 1818 2423 1912 dürfte sich noch eine lange Reihe zugesellen.
1465 2268 2287 2368 NEUE FREIE PRESSE
1574 2362 2163 2403 Meistverbreitete Tageszeitung in Europa.
1474 2370 2278 2438 Maßgebendes polltisches u. wirtschaftspolitisches Organ.
1473 2432 2287 2485 Wirkungsvolles Inseratenblatt. Täglich zwei Ausgaben.
1759 2464 1984 2517 Administration:
1584 2492 2176 2563 WIEN, I. FICHTEGASSE 9—11.
1924 2617 1962 2669 9
1470 2611 1947 2713 „OBSERVER“
1698 2692 2277 2741 I. österr. behördlich konzessioniertes
1695 2737 2277 2770 Unternehmen für Zeitungs-Ausschnitte
1705 2771 2281 2813 Wien, I. Wollzeile 11, Telephon R-23-0-43
1664 2861 2102 2946 Ausschnitt aus der
1449 2910 2352 3007 LNEUEN FREIEN PRESSE½
1426 2992 2461 3054 Schnitzlers „Fräulein Else“ in der dramatischen Be¬
1343 3032 2450 3102 arbeitung von Ernst Lothar ist zugleich mit der 25. Aufführung
1346 3075 2456 3150 in die Kammerspiele übe sedelt und dort von der gleichen
1342 3118 2463 3206 eindringlichen Wirtung wie in der sesstadt. Die bewährte Be¬
1313 3148 1416 3193 Rarele
1313 3215 2426 3298 setzung ist unverändert geblieben; neu sind Frida Richard, die
1312 3270 2425 3335 in ihrer meisterhaften Art jetzt die Tante Emma gibt, und Maria
1307 3302 2419 3385 Hilde, die als Cissy Mohr eine ausgezeichnete Leistung bietet.
1305 3348 2423 3430 Das Publikum der Kammerspiele folgte mit stärkstem Interesse
1304 3389 2415 3468 der Aufführung und sparte nicht mit Beifall für alle Mitwirken¬
1297 3433 2410 3515 den, namentlich Rose Stradner, Lina Woiwode, Lilia
1299 3477 2417 3556 Skalla sowie Albert Bassermann, Kspar Brandhofer¬
1303 3516 2065 3602 Reuß, Erik Frey und Max Brebeck.
1377 3578 2408 3656 Am 25. d. bringt der kroatische Kulturverein „Hrvatska“
1289 3617 2415 3701 mit seinem gemischten Gesangschor „Dr. Ante Starcevic“ unter
1301 3664 2408 3745 Leitung des Dirigenten Professor Kleno Viskovic die kroatische
1299 3707 2410 3791 Weihnachtsmesse von C. J. June', in der St.=Peters=Kirche
1296 3749 1539 3813 zum Vortrag.
