3248 4384
265 121 1120 220 31. Fraeulein Else
421 171 1131 249 da uen neuen den un ene ee e e e
391 308 1211 400 NEUE FREIE PRESSE
502 393 1099 442 Meistverbreitete Tageszeitung in Europa.
408 425 1210 476 Maßgebendes politisches u. wirtschaftspolitisches Organ.
406 465 1218 534 Wirkungsvolles Inseratenblatt. Täglich zwei Ausgaben.
690 500 928 552 Admi##stration:
517 526 1113 609 WIEN, I. FIonzEGASSE 9—11.
394 659 870 756 „OBSERVER“
630 713 1214 784 I. österr. behördlich konzessioniertes
633 763 1217 810 Unternehmen für Zeitungs-Ausschnitte
640 801 1217 845 Wien, I. Wollzeile 11, Telephon R-23-0-43
595 899 1049 984 Ausschnitt aus der
422 953 1211 1047 „NEUEN FREIEN PRESSE“
642 1168 1088 1319 —I. DEZ 1936
279 1381 1384 1508 Kaspar=Brandhofers Weg zum
686 1470 998 1561 Theater.
351 1535 1411 1615 „Als fünfzehnjähriger Bursche“, erzählt das neue Mitglied
270 1591 1403 1664 des Theaters in der Josefstadt Kaspar Brandhofer, der Mitt¬
275 1638 1413 1714 woch in der Premiere von Schnitzlers „Fräulein Else“ debütieren
278 1690 1412 1753 wird, „bin ich auf ein Ma###t# nach Wien gekommen und
278 1730 1410 1806 habe im Burgtheater Josef Kainz als Fiesco gesehen. Dieser
274 1781 1409 1859 unvergeßliche Eindruck hat in mir schon den Wunsch geweckt, ein¬
279 1829 1411 1890 mal zum Theater zu gehen. Ich kaufte mir dann das Reclam¬
278 1870 1415 1945 Büchel von „Fiesco“ und bemerkte, daß die Vorgänge beim Lesen
277 1920 1416 1995 mir bei weitem nicht so nahe kamen als während der Theater¬
280 1963 1413 2045 vorstellung. Im Krieg war ich bei den Tiroler Kaiserjägern ein¬
282 2021 1412 2080 gerückt, bin auch zweimal verwundet worden und habe in den
283 2058 1406 2128 Wochen der Ruhezeit meine erste große Rolle gelernt, den Jaromir
277 2104 1408 2173 in der „Ahnfrau“. Nach dem Krieg habe ich eine kleine, später
276 2151 1417 2219 eine größere Wirtschaft erworben und mir nach und nach eine
284 2196 1405 2263 Bibliothek angeschafft. Ich suchte die Einsamkeit, war auf hoch¬
281 2249 1412 2314 gelegenen Almen beim Vieh oder im Wold bei der Holzschlägerung
281 2302 1414 2369 immer mit einem Klassiker in meiner Lederhosentasche. Ich habe
286 2341 1413 2409 zuerst den Romeo, Melchthal und Hamlet, später den Tell und den
286 2381 1414 2455 Macbeth studiert. Vor neun Jahren bin ich einmal nach Salzburg
287 2435 1412 2502 gekommen und habe dort von Alexander Moissis Jedermann
286 2478 1415 2542 den zweiten entscheidenden Theatereindruck meines Lebens er¬
285 2520 1413 2599 halten. Nun machte ich mich daran, systematisch sprechen zu lernen
290 2572 1422 2634 und meinen Tiroler Dialekt loszuwerden. Ich habe meine Rollen
294 2628 1425 2685 silbenweise gelernt, mir manche Stellen sogar vorgesungen, um
293 2678 1414 2733 selbst beurteilen zu können, wie ich spreche. Im letzten Sommer
285 2714 1424 2773 bin ich viermal nach Salzburg gefahren, um Max Reinhardt
292 2760 1420 2827 zu sprechen. Denn ich wollte das Urteil einer absoluten Autorität
294 2816 1422 2872 hören, ob ich, der ich doch auch für Frau und Kinder zu sorgen
288 2855 1418 2926 habe, wirklich zum Theater gehen soll. Ich konnte zu Reinhardt
296 2907 1418 2961 nicht vordringen, man hat mir geraten, ihn anzurufen, ohne mir
297 2944 1421 3014 seine geheime Telephonnummer mitzuteilen. Schließlich habe ich
299 2990 1429 3054 an Helene Thimig einen Brief geschrieben, sie lud mich ein
294 3043 1429 3102 und ihr habe ich den großen Tell=Monolog und Stellen des
291 3082 1431 3156 Macbeth und Mephisto vorgesprochen. Tagsdarauf war ich um
296 3127 1426 3191 vier Uhr nachmittags bei Reinhardt in Leopoldskron, er hörte
295 3177 1429 3240 mich an und arbeitete sofort mit solcher Intensität mit mir, daß
289 3233 1426 3288 ich um halb zehn Uhr erklären mußte, jetzt kann ich nimmer.
303 3280 1433 3341 Auf Reinhardts Empfehlung habe ich dann bei Hofrat Lothar
300 3323 1428 3375 vorgesprochen, der mir sofort einen Brief übergab, wonach ich an
301 3362 1426 3430 die Josefstadt engagiert bin, vorausgesetzt, daß ich die Prüfung
292 3421 919 3482 für den Berechtigungsschein bestehe.
385 3460 1432 3520 Ich habe dann die Prüfung im Theater an der Wien be¬
296 3511 1438 3569 standen und bald darauf auf der Bühne des Burgtheaters vor
311 3546 1444 3614 Professor Röbbeling Szenen aus „Macbeth“ und „Tell“ ge¬
309 3596 1437 3666 sprochen. Ein Engagement kam aber nicht in Frage, da ich bereits
304 3641 1439 3700 mit dem Theater in der Josefstadt abgeschlossen hatte. Meine erste
308 3693 1444 3750 Rolle in Schnitzlers „Fräulein Else“ ist eine besonders interessante
304 3737 1445 3798 Aufgabe. Ich nehme es als gute Vorbedeutung an, daß der Bruder
306 3784 1445 3847 Helene Thimigs, die mir den Weg zum Theater bahnte, mein erster
311 3841 1441 3895 Regisseur ist, und bin besonders glücklich darüber, daß Basser¬
311 3888 1439 3934 mann mir nach der letzten Probe freundliche Worte der An¬
313 3921 1450 3980 erkennung gesagt hat. Aber trotz alledem: ein wenig bange ist
313 3964 1446 4027 mir bei dem Gedanken an mein allererstes Auftreten auf einer
321 4019 606 4080 Bühne dennoch.“
1291 121 1650 222 box 5/4
1784 404 2579 580 Badgastem
1784 640 2188 750 Heilkräftigste
1781 730 2560 839 Radiumtherme der Well!
2018 831 2560 923 Verlangen Sie Prospekte
2016 907 2555 980 von der Kurkommission!
1831 928 1894 1024 ∆
2017 1075 2529 1194 „OBSERVER“
2013 1181 2550 1260 Erstes österreichisches be¬
2015 1244 2564 1315 hördlich konzessioniertes
2022 1290 2324 1360 Unternehmen
2016 1336 2567 1414 für Zeitungsausschnitte
1785 1384 2050 1474 WIEN, I.,
1785 1446 2569 1533 Wollzeile 11•4 Telephon R 23-0-43
1775 1586 2538 1719 Ausschnitt aus Das Echo.
1783 1747 1914 1813 vom
2080 1723 2517 1840 —I. DEZ. 1936
1678 1889 3099 2017 Kaspar Brandhofer im Salzburger „Weltt
3157 1915 3255 2022 0
2578 2028 3246 2131 nicht mehr in Betracht kommen kan
1776 2031 2455 2125 Wie wir erfahren, ist Kaspar
2574 2101 3254 2167 Als nun Kaspar Brandhofer
1727 2091 2456 2158 Brandhofer, der neu entdeckte
2582 2140 3255 2199 Sommer bei Reinhardt vorspra
1732 2150 2461 2222 Schauspieler, der morgen im Theater
2580 2201 3241 2251 fand dieser ihn für den Bettler
1720 2191 2463 2261 in der Josefstadt in Schnitzlers
2573 2235 3252 2300 sonders geeignet. Kurz vor sein
1726 2247 2457 2315 „Fräulein Else“ debütiert, von
2571 2296 3252 2350 Abreise nach Amerika übergab Rei
1720 2301 2460 2369 Professor Reinhardt dazu aus¬
2582 2347 3255 2409 hardt ihm die Rolle und legte il
1726 2343 2456 2398 erwählt worden, in der geplanten
2581 2383 3255 2458 nahe, sie bis zum nächsten Somm
1724 2387 2460 2452 Neuaufführung von Hofmannsthals
2571 2440 2828 2519 zu studieren.
1729 2443 2456 2510 „Salzburger großem Welt¬
1729 2488 2454 2557 theater“ während der Salzburger
1723 2542 2454 2620 Festspiele die Rolle des Bettlers dar¬
1726 2590 1911 2667 zustellen.
1732 2646 2498 2732 Wie wir seinerzeit meldeten, ist der
1686 2704 2505 2780 Plan ernstlich in Erwägung gezogen
1682 2753 2497 2835 worden, das „Salzbürger große Welt¬
1689 2806 2495 2867 theater“, das zuletzt im Jahre 1925 im
1682 2859 2495 2929 Festspielhaus in Salzburg zur Auffüh¬
1691 2911 2494 2967 rung kam, im kommenden Sommer neuer¬
1694 2951 2500 3016 dings zu spielen. Und zwar würde es ab¬
1692 3005 2497 3070 wechselnd mit „Faust“ in der Reitschule
1694 3053 2499 3112 dargestellt werden, die eigens zu diesem
1688 3102 2504 3173 Zwecke mit einem leicht abtragbaren.
1699 3147 2494 3227 Ueberbau teilweise verdeckt werden
1688 3195 1831 3263 würde.
1747 3228 2492 3310 Von der Besetzung, die in Aussicht ge¬
1689 3282 2496 3355 nommen wurde, steht zunächst fest, daß
1694 3343 2500 3402 Helene Thimig, so wie seinerzeit, wie¬
1685 3393 2492 3460 der die Weisheit spielen würde. Für die
1692 3439 2488 3506 Rolle des Vorwitzes denkt man daran,
1691 3493 2490 3566 Hans Moser, und für die des Reichen
1695 3542 2143 3618 Aslan zu gewinnen.
1778 3605 2412 3702 Brandhofer statt Klöpfer
1780 3681 2453 3748 Die Rolle des Bettlers ist eine der
1735 3722 2457 3815 bedeutendsten in diesem Werk Hof¬
1730 3802 2452 3860 mannsthals. In der seinerzeiti¬
1729 3831 2464 3912 gen Aufführung wurde sie von Eugen
1731 3889 2453 3963 Klöpfer gespielt, der jedoch für
1735 3940 2455 3989 die geplante Neuaufführung wegen
1724 3975 2463 4068 seiner anderweitigen Verpflichtungen
