3248 4384
699 110 965 181 Ausschnift a
1094 116 1564 245 Heressante Hah, Eie
1050 218 1251 318 O DE
704 256 801 325 vom
509 2066 1905 2134 Schnitziers Nevelle „Fräulein Else“ wurde von Hofrat Ernst Lothar
515 2118 1891 2183 dramatisiert. — Rose Strudner spiclt die Elar und Kaspar Brandhofer
516 2159 1421 2214 Theater in der Josefstadt. dem Herrn v. Dersday
1661 2164 1889 2210 Phot. Herbert.
707 2209 1683 2275 #nenter inederLoselstadt. Ernst
607 2247 1684 2320 Lothar, selbst einer der Psychologen unter den
618 2286 1670 2367 Wiener Schriftstellern, hat die grandiose Seelenschau
616 2344 1683 2412 von Artur Schnitzlers Großnovelle „Fräulein
608 2375 1667 2457 Else“ zu sieben Bühnenszenen umgeformt und aus¬
603 2422 1676 2504 geweitet. Allerdings durch die Verlegung der Handlung
605 2476 1671 2545 aus der Vorkriegszeit ins Heute, die die moralische
597 2508 1672 2580 Zäsur der Inflationszeit in ihrer Wirkung auf die
608 2559 1671 2634 bürgerliche Gesellschaft überspringt, wird die kluge
605 2605 1662 2671 Ausgewogenheit der Problematik des Originals ver¬
602 2647 1663 2733 lagert. Das Mädchen aus gu i Haus bei Schnitzler,
591 2691 1672 2765 das dem Leben urplötzlich gegenübersteht, ist bei
1156 2922 1690 2972 schmerzlos, ohne Ange¬
903 2916 1694 3013 APOL wöhnung, sicher wirksam.
908 2985 1696 3045 4 Tabl. 30 g. 20 Tabl. S 1·50. In allen Apotheken
642 2977 774 3086 —
914 3023 1692 3097 B. V. BIRUS, Apotheke. Wien, I., Schottenring 14
592 3111 1663 3193 Lothar eine junge Dame, die sich auch in schwierigen
588 3167 1654 3249 Situationen ungezwungen zu benehmen weiß und für
579 3222 1654 3287 die die Forderung des Herrn von Dorsday nicht
582 3268 1646 3330 zwangsläufig zu der sittlichen Konsequenz des Selbst¬
578 3307 1650 3379 mords führen muß. Aber davon abgesehen, ist es
582 3349 1637 3417 Lothar gelungen, eine echt Schnitzlersche Welt hin¬
584 3403 1648 3461 zustellen. Rose Stradner spielt das Fräulein Else
587 3440 1643 3505 irgendwie im Schatten der Bergner, umglänzt von
574 3479 1640 3554 frischem Mädchentum und geplagt von herbem
583 3528 1647 3596 Seelenzweifel. Ueberraschend fertig der Herr von
579 3573 1641 3647 Dorsday Kaspar Brandhofers, für einen Neuling
573 3620 1641 3693 und Autodidakten des Theaters von erstaunlicher
574 3725 1638 3789 Routine. In der vollkommen neugeschaffenen Szene
578 3773 1639 3830 des Valers ist Albert Bassermann wie immer der
570 3820 1638 3880 große Menschendarsteller, Adrienne Geßner gelingt
570 3868 1639 3914 das Spitzige im gesellschaftlichen Wortfleurett hin¬
579 3909 1636 3952 reißend, auch Else Bassermann findet die rich¬
570 3949 1630 4016 tigen tantlichen Töne: Was die Bühnenbilder betrifft,
570 3993 1634 4071 hat Architekt Niedermoser Ausschnitte eines
577 4041 1630 4109 fashionablen Dolomitenhotels mit viel Geschick hin¬
568 4080 726 4156 gestellt.
1876 152 2024 249 31.
2533 153 2722 227 Else
2065 174 2729 272 „FACHLCIN —
1930 1202 2654 1255 Andreas Thom, der Autor des Wiener
1934 1245 2644 1292 Volksstückes „In der stillen Seiten¬
1931 1290 2648 1337 günna“, das im Deutschen Volkstheater
1928 1328 2648 1391 mit schönem Erfolg aufgeführt wurde
2893 153 3253 252 box 5/4
2787 853 3255 923 Deutsches Vol
2694 904 3253 961 stillen Seitengasse“
2699 959 3254 1019 herzerfrischendes Volksstüc
2701 1001 3239 1061 das unter der Spielleitung
2709 1047 3256 1111 in Ton und Farben das rich
2704 1091 3230 1144 stillen Seitengasse der bür
2710 1136 3243 1196 deren Bewohner mit ihren
2713 1187 3177 1246 Vertreter ist der Sattlerr
2708 1226 3159 1289 zahlter Arbeit mit seine
2698 1274 3113 1337 gewinn entschwindel
2705 1322 3080 1391 schlechte Tage, do
