3296 4224
1306 146 1659 231 box 5/2
284 148 1144 234 31. Frazulein Else
584 211 623 252 —
607 377 1242 500 Berliner Börsenzenung
666 493 1267 590 Arthur=Schnitzler=Abend.
505 566 1490 647 Der vergangene Dichterabend des Verbandes
444 588 1483 683 Deutscher Erzähler galt Arthur Schnitzler.
448 646 1481 729 Und der Plenarsaal des Reichstages mit seinen mannig¬
449 684 1485 761 fachen Logen waren gedrängt voll; auf der Estrade aber, wo
454 720 1484 797 sonst die Führer des Reiches mit ihren Beamten und der
458 759 1491 837 Prasident des Hauses ihren Platz einnehmen, saßen
447 800 1482 876 Minister und Oesterreichs Gesandter, das Oberhaupt der
445 839 1486 916 Stadt und die Elite deutschen Schrifttums. Die alle waren
440 883 1483 951 gekommen, dem Dichter zuzuhören und ihn zu ehren, den
445 920 1486 980 Poeien der zart=schmerzlichen Geschichten zu feiern, dessen
440 948 1490 1036 Werk immer wieder Wien und dieser Stadt Seele in den
441 986 1173 1056 Menschen aufgefangen und besungen hat.
511 1029 1479 1095 Wie jedesmal begrüßte Georg Enge. die Gäste und
435 1062 1485 1140 der Tichter; vielleicht klang sein Gruß dieses Mal etwas
440 1104 1481 1172 wärmer, und wahrscheinlich gebrauchte der Vorsitzende des
438 1142 1479 1218 Verbandes zur Einleitung des Abends, der ein Festabend
442 1184 1481 1250 wurde, viele Superlative, die durchaus am Platze waren.
437 1218 1485 1290 Wurde doch dem Dichter eine Mittlerin wie sie wohl besser
445 1256 1474 1338 keiner sich wünschen könnte, da Elisaheth Bergner ihre
429 1292 930 1355 Mitwirkung zugesagt hatte.
511 1334 1479 1406 Des Saales Lichter, die eben noch hell strahlten, ver¬
434 1359 1481 1435 loschen. Aber ein Leuchten und eine Kraft gehen von
439 1408 1473 1479 Elisabeth Bergner aus, deren verschleiertes Orgen die
437 1446 1485 1523 Novelle „Fräulein Else“ zu sprechen beginnt. Andert¬
432 1484 1473 1556 halb Stunden liest die Bergner jene Erzählung, die ein
441 1526 1476 1598 Selbstgespräch ist und das schwere Schicksal eines jungen
429 1558 1481 1631 Möochens wiedergibt, das als arme Verwandte die reiche
439 1600 1480 1673 Tante in die Sommerfrische begleiten darf und dessen Vater
432 1637 1475 1709 Mündelgelde unterschlug, die die Tochter för ihn borgen
433 1675 1480 1750 soll. Subtile Seelenkunst, Psychoanalyse hielt der Schrift¬
434 1716 1469 1789 steller in einer Dichtung fest, die zu einer meisterhaften
437 1754 1481 1826 Novelle wurde, die einem den Atem nimmt und in Er¬
438 1798 1474 1868 regung versetzt, die die Nerven anspannt und das Herz
440 1829 1482 1894 chneller schlagen macht, die das Gefühl anruft und Mit¬
432 1876 1467 1943 empfinden erweckt. Erstaunlich und bewundernswert, wie
431 1916 1472 1977 ein Dichter, der, mehr als 60 Jahre alt, eine Neunzehn¬
435 1946 1471 2018 jährige begriffen, sich in diese hineingelebt hat, so daß
423 1988 1468 2055 dieses junge Mädchen, kokert und empfindsam, Tochter der
426 2023 1473 2099 Zeit und diese von sich aus edelnd, am Geschick zerbricht.
432 2052 1467 2140 Mit einem nur zu bewundernden Zartgefühl werden
438 2102 1020 2156 ensibelste Regungen erzählt,
1182 2117 1357 2170 Schnitler
1364 2125 1470 2170 als
432 2139 1471 2208 Meister einer seelenschürfenden Erzählungskunst be¬
432 2187 1465 2245 weisen. Dem Dichter ebenbürtig war die Bergner, die diesen
421 2216 1459 2282 Monolog las. Nein, nicht las; die Bergner war
419 2255 810 2305 Fräulein Else.
818 2262 1460 2325 Aus ihrer Stimme klang das Leid,
427 2304 1469 2369 und die Worte zitierten in den großen Raum, hauchten
431 2331 1464 2401 schamhaft die Not einer Unschuldigen, die sich opfern muß.
427 2370 1472 2445 Aufsteigende Tränen und Trotz und die ganze trostlose
425 2408 1457 2475 Einsamkeit und Hilflosigkeit einer Verlassenen gab die
424 2447 1462 2515 Sprache wieder, die von den beredtsten Händen erschütternd
433 2489 1469 2553 untermalt wurde. Jede Regung war bis ins Letzte erfaßt
426 2534 1466 2592 und — gefühlt. So wurde Dichtung zu Leben, so ward
432 2563 1458 2629 Zuhören zum Erlebnis. Das Publikum, sichtlich ergriffen,
420 2602 1472 2671 löste sich schwer von dem Alb und raste in nichtendendem
419 2638 1017 2708 Beifall, um zu danken und um
1020 2651 1122 2712 —
1125 2651 1473 2716 wieder zu sich zu
417 2675 578 2737 kommen.
500 2713 1465 2780 Nachher las Schnitzler seine 1900 entstandene Novelle
426 2735 1456 2812 „Leutnant Gustl“, die damals bereits die äußere
423 2794 1464 2859 Form und Technik von „Fräulein Else“ hatte. Seinem Werk
421 2839 1457 2891 ein guter Interpret war der Dichter, dessen wienerischer
423 2868 1458 2940 Klang die mit sich selbst geführte Auseinandersetzung des
419 2908 1457 2973 in seinem Ehr= und Selbstgefühl gekränkten Offiziers
423 2943 1458 3010 trefflich wiedergab. Den inneren Kampf und die einem
422 2982 1459 3040 Zufall zu verdankende und wider Erwarten plötzliche Be¬
424 3026 1455 3082 freiung sprach Schnitzler mit Wärme in geschickter
419 3064 1466 3114 Nuancierung und sicherer Abschattierung. Auch er wurde
416 3098 1457 3162 sehr gefeiert. Dem Gast aus Oesterreich zu, Ehren schloß
426 3141 1464 3207 ich der Vorlesung ein Empfang beim Oberbürgermeister
420 3170 587 3231 Pöß an.
1138 3186 1372 3247 Heinz Stroh.
1049 3363 1176 3450 12 8
965 3507 1205 3601 (dis 1926
560 3655 1424 3744 Elisabeth Bergner wiederholte gestern vor¬
548 3701 1414 3782 mittag ihre Vorlesung der Novelle „Fräulein Else“
544 3758 1422 3839 won Schnitzler im Gloriapalast. Das
547 3801 1315 3903 güsverkaufte Haus spendete starken Beifall.
1838 670 1900 740 er
1846 731 1896 773 er¬
1838 814 1897 870 ich
1823 907 1885 967 end
1832 954 1889 1003 md
1822 1000 1898 1058 acht
1813 1046 1893 1101 dem
1815 1096 1889 1147 ver¬
1824 1134 1884 1194 ten,
1811 1180 1889 1292 65
1811 1279 1881 1336 anz
1824 1322 1890 1383 ell,
1816 1371 1890 1426 den
1807 1507 1877 1568 isser
1807 1601 1880 1669 äßt.
1800 1683 1874 1752 tlich
1809 1738 1881 1798 iche.
1825 1831 1880 1889 in
1798 1878 1878 1932 imit
1800 1922 1871 1985 isch,
1793 1971 1868 2029 hen.
1777 2108 1875 2167 rbei¬
1808 2151 1875 2211 am
1788 2202 1871 2264 and¬
1775 2247 1866 2306 raten
1779 2297 1865 2352 egtes
1780 2341 1870 2399 hau¬
1792 2389 1865 2455 ter¬
2228 467 2886 545 Neue Freie Presse.
1929 538 3065 619 „André Chénier“ mit Frau Born und Herrn Piccaver
3094 555 3193 622 Amy
1922 606 3049 660 wiederholt. Sonntag den 21. d. gelangt Wagners „Lohen¬
3096 607 3219 673 Hart
1933 646 3055 695 rin“ mit den Damen Schwarz und Wildbrunn sowie den
1929 679 3052 735 Herren Schubert, Groenen, Manowarda zur Aufführung. Mon¬
3100 683 3207 744 Cho¬
1928 729 3046 783 tag den 15. d. wird als Vorstellung für die Theatergemeinde
3110 733 3208 785 onlder
1929 764 3051 823 (Serie C, rote Mitgliedskarten) Beethovens „Fidelio“ mit
3103 773 3205 824 Karte
1925 806 3047 866 den Damen Kappel und Schumann sowie den Herren Slezak,
1929 841 3047 895 Jerger und Mayr aufgeführt. Für diese Theatergemeinde¬
3100 851 3194 914 May
1921 896 3045 943 vorstellung werden auch eine Reihe von Sitzen sowie sämtliche
3098 899 3191 951 verein
1922 932 3045 987 Stehplätze des Hauses dem sonstigen Publikum zugänglich
3095 938 3200 995 Doh
1927 971 2067 1023 gemacht.
3096 982 3196 1034 Kor
2011 1010 3050 1068 Im Redoutensaal finden in der kommenden Woche
3083 1025 3179 1080 gar
1928 1060 3043 1111 rei Vorstellungen statt. Dienstag den 16. d. nach längerer
1923 1089 3043 1149 Pari: „Tanzoilder", Donnerstag den 18. d. „Ballett¬
3092 1101 3180 1162 ständ
1922 1137 3051 1195 k#mödien“ und Sonntag den 21. d. „Die Entführung
3096 1152 3179 1198 am
1928 1184 3047 1236 # dem Serail“ mit den Damen Gerhart und Schumann
3089 1192 3185 1238 als
1922 1218 2740 1278 sor den Herren Maikl, Gallos und Norbert.
3102 1230 3191 1284 indet
3084 1273 3187 1328 Gut
2109 1287 2863 1364 Theater= und Kunstnachrichten.
2007 1340 3052 1409 [Schnitzler=Abend in Berlin.] Im Plenar¬
3096 1344 3191 1409 und:
1922 1391 3048 1452 sitzungssaale des Reichstages veranstaltete dieser Tage der
3090 1400 3194 1451 abend
1922 1430 3056 1490 Verband deutscher Erzähler einen Arthur¬
3089 1441 3163 1495 daß
1920 1475 3054 1526 Schnitzler=Abend. Trotz schneidender Kälte warteten
3087 1481 3191 1549 wurd
1918 1516 3044 1568 viele geduldig auf der Straße, um sich einen guten Platz zu
1935 1563 3045 1619 ichern. Der große Saal war gedrängt voll, als Elisabeth
1913 1607 3048 1659 Bergner, vom Publikum stürmisch begrüßt, auf dem
1919 1642 3038 1694 erhöhten Präsidentenstuhl Platz nahm. Sie las zuerst eine der
1928 1688 3049 1744 üngsten Novellen des Dichters der österreichischen Seele und
1922 1731 3039 1778 der Wiener Landschaft „Fräulein Else", diese Perle
1925 1769 3050 1821 Schnitzlerscher Kunst des C fählens, und ließ in der Wiedergabe
1911 1809 3036 1871 des seelischen Erlebens der deldin in den atemlos gespannten
3086 1832 3144 1883 des
1916 1853 3038 1915 Zuhörern diese Tragödie einer überreizten Mädchenseel lebendig
3075 1876 3148 1930 von
1912 1898 3034 1955 werden. Dann folgte ihr der Dichter selbst, mit tärkstem
3089 1917 3190 1977 ervati
1904 1934 3033 1992 Beifalle empfangen, am Vortragspulte. Arthur Schnitzler
3079 1956 3174 2013 klage
1917 1981 3035 2040 las seine berühmte Novelle „Leutnant Gustl“, die ja bekannt¬
3079 1989 3194 2053 staatsa
1910 2020 3043 2084 lich ein ähnliches Thema, den Selbstmord aus überreiztem Ehr¬
1918 2067 3033 2127 begriff behandelt, ohne allerdings die letzte tragische Kon¬
3076 2083 3203 2136 Nachrie
1916 2106 3035 2161 equenz zu ziehen. Denn die Nachricht vom Tode seines
3071 2125 3205 2182 Repub!
1911 2147 3037 2202 Beleidigers rettet den jungen Leutnant, der schon mit dem
3078 2167 3191 2215 Erm
1906 2184 3029 2244 Leben abgeschlossen hat, vom Selbstmorde. Als Schnitzler ge¬
3081 2200 3179 2258 ällen
1904 2232 3035 2291 schlossen hatte, setzte wiederum mächtiger Beifall ein. Nach dem
3067 2249 3180 2303 in Au
1913 2274 3033 2337 Vortragsabende veranstaltete der Oberbürgermeister von Berlin
3078 2292 3186 2346 dem 2
1906 2317 3037 2376 Böß im Rathause zu Ehren Arthur Schnitzlers einen Empfang.
3068 2332 3178 2386 Hüter
1996 2363 3026 2417 Im Burgtheater ges#et #n den ## das
3070 2372 3172 2436 geselle
1903 2393 2075 2456 Zcamne
1990 2439 3114 2506 1 Elisabeth Bergner in der „Komödie“ Am Sonntag¬
1920 2500 3108 2547 mittag stellte sich Elisabeth Bergner, die außergewöhn¬
1910 2537 3105 2582 lich rasch zu Ruhm und Ansehen gelangte junge Berliner
1916 2577 3100 2622 Schauspielerin, erstmalig den Dresdnern vor, und zwar als
1923 2615 3104 2664 Vorleserin, nachdem man sie hier bereits mehrfach als
1911 2653 3112 2703 seelenvolle, spielgewandte Filmschauspielerin lin der Hosen¬
1910 2691 3106 2736 rolle des „Geigers von Florenz" und als Herzogin von
1907 2731 3109 2776 Langcais in „Liebe“) hatte bewundern können. Sie las die
1908 2769 3107 2814 Novelle von Arthur Schnitzler: „Fräulein Else“. Es
1906 2811 3107 2853 würde kein Kompliment für Elisabeth Bergner bedeuten,
1919 2843 3097 2887 wenn man behaupten wollte, daß bei dieser Vorlesung allent¬
1915 2875 3105 2935 halben die temperamentvolle Schauspielerin zum Durchbruch
1910 2927 3094 2970 gekommen wäre, wiewohl es gerade bei der wirksamen Wieder¬
1920 2956 3098 3007 abe dieser, einen mehr konstruierten als komplizierten Cha¬
1913 3000 3104 3044 rakter schildernden Novelle ohne einige komödienhafte Zu¬
1908 3035 3102 3086 taten nie abgehen wird. Sie las mit sparsamem Aufwand
1920 3072 3093 3117 von äußeren Mitteln, im Stimmaufwand sogar dermaßen zu¬
1919 3117 3097 3159 rückhaltend, daß den Hörern vieles entging. Daß es aber
1910 3150 3104 3195 der Vorleserin gelang, die Widersprüche zwischen dem ober¬
1923 3187 3107 3235 lächlichen, von Stimmung zu Stimmung slatternden bunten
1915 3225 3102 3277 Schmetterling, der Fräulein Else im Anfang der Novelle ist,
1914 3270 3098 3313 und der von überspannter jungfräulicher Schamhaftigkeit
1913 3307 3096 3354 zum Wahnwitz und zum tragischen Ende getriebenen Heldin
1920 3344 3091 3387 es Schlusses durch kluge Wort= und Gestaltungskunst zu
1907 3365 3101 3422 überbrücken und so etwas wie Erschütterung und innere An¬
1913 3410 3098 3466 teilnahme an den Seelenkonflikten der zwischen Kindespflicht
1920 3458 3100 3503 und Weibesehre hin und her schwankenden armen Else
1919 3495 3090 3541 Schnitzlerschen Geblüts hervorzurufen, bewies, daß man
1918 3535 3105 3579 einer intelligenten und mit suggestiver Kraft ausgestatteten
1923 3568 3097 3614 Künstlerin gegenüberstand. Elisabeth Bergner wurde am
1915 3610 3093 3669 Schluß ihrer Schnitzler=Auslegung von dem ausverkauften
3021 3648 3069 3688 t.
1915 3649 2608 3692 Hause herzlich, ja stürmisch gefeiert.
1991 3674 3097 3732 Intendantenkrise in Plauen. Auf Beschluß des Rates
1910 3716 3094 3771 und des Theaterausschusses ist der Theaterintendant Strick¬
1911 3760 3100 3812 roth mit dem heutigen Tage aus den städtischen Diensten aus¬
1907 3794 3095 3861 geschieden. Bis zur Wiederbesetzung des Postens werden die
2096 3911 2425 4005 Aedte
2467 3916 2901 3999 Aadue
2334 3989 2811 4088 7. Mana 137/1.
