3248 4320
68 76 211 165 31.
254 78 918 154 Fraeulein Else
1092 85 1421 169 box 5/1
1399 574 1907 651 Geschichte der Medizin.
2554 588 2710 653 Nr. 10.
592 573 688 655 606
1691 715 2715 768 lästerer zu behandeln.“ — Nun wir wollen alle
598 704 1618 771 ist ärger als die des Mittelalters, weil der Priester
1693 764 2708 815 Bernhard Shaw weiter als „Weisen“ betrachten.
602 770 1628 816 kein so direktes sekundäres Interesse an unseren
1690 811 2715 863 Zum Schlusse wollen wir noch ganz kurz des
596 815 1619 871 Sünden hatte, wie es der Arzt an unseren Krank¬
1685 858 2703 914 neuesten Buches von HermannHesse gedenken,
594 861 1620 921 heiten hat. Er starb nicht Hungers, wenn in
1687 911 2705 963 der im „Kurgast“ launig seine Ischiaskur in Baden
598 909 1617 969 seiner Herde alles in Ordnung war, und gedieh
1694 953 2700 1007 bei Zürich beschreibt (wer die Qualen der „Bade¬
602 952 1621 1013 er, wenn sie zugrunde ging, wie das bei unseren
1680 1014 2704 1066 reaktion“ kennt, wird schadenfroh- grinsend das
596 1013 1623 1070 privaten Geschäftsärzten der Fall ist .... Wir
1685 1046 2709 1101 Kapitel „Depression“ lesen) und mit den feinen
603 1055 1624 1101 müssen der Tatsache ins Auge blicken, daß die
1697 1097 2703 1161 Worten schließen, mit denen er sein Verhältnis
601 1090 1623 1150 Gesellschaft auf Unduldsamkeit gegründet ist.
1681 1147 2706 1204 zum Arzt beschreibt: „Es war die Stunde, zu
602 1150 1625 1203 Es gibt ganz offenkundige Fälle eines Mißbrauches
1685 1195 2713 1250 der ich beim Doktor angemeldet war. Und siche,
595 1192 1625 1245 der Unduldsamkeit, aber sie sind für unser eigenes
1692 1248 2710 1294 auch hier ging es gut. Nachträglich kann ich
591 1240 1619 1290 Zeitalter genau so kennzeichnend wie für das
1700 1288 2711 1348 a gestehen, daß mir vor diesem Besuche etwas
601 1286 1621 1338 Mittelalter. Das typische moderne Beispiel ist
1689 1337 2711 1392 bange war, nicht, weil ich eine niederschmetternde
598 1337 1623 1389 die Zwangsimpfung, die das ersetzt, was eigent¬
1684 1380 2713 1433 Diagnose befürchtet hätte, sondern weil die Arzte
597 1380 1627 1440 lich die Zwangstaufe war. Aber der Zwang zur
1685 1426 2697 1485 für mein Gefühl mit zur geistigen Hierachie ge¬
592 1428 1625 1491 Impfung wird als eine rohe, unwissenschaftliche
1682 1477 2697 1538 hören, weil ich dem Arzt einen hohen Rang zu
597 1485 1624 1537 und unheilbringende gesundheitswidrige Quack¬
1690 1519 2711 1582 billige und weil ich bei ihm eine Enttäuschung
603 1516 1629 1585 salberei durchaus nicht deshalb angegriffen, weil
1688 1573 2708 1625 schwer ertrage, die ich bei einem Eisenbahn- oder
605 1570 1620 1627 wir es als ein Unrecht betrachten, die Leute zu
1688 1618 2708 1666 Bankbeamten, auch noch bei einem Advokaten
601 1626 1624 1679 zwingen, ihre Kinder vor Krankheiten zu schützen.
1692 1665 2711 1724 eicht hinnehme. Ich erwarte, ich weiß selbst
592 1667 1621 1731 Seine Gegner möchten die Impfung zu einem
1691 1716 2711 1764 nicht genau warum, vom Arzt einen Rest jenes
601 1721 1634 1777 Verbrechen stempeln und werden wahrscheinlich
1693 1763 2710 1812 HIumanismus, zu welchem die Kenntnis des Latein
1144 1759 1620 1825 Wir mögen über Luld¬
606 1763 1145 1816 Erfolg damit haben.
1691 1807 2708 1878 und des Griechischen und eine gewisse philo¬
604 1821 1620 1866 samkeit schwatzen, soviel wir wollen. Die Gesell¬
1687 1859 2707 1905 sophische Vorschule gehören und der in den
597 1849 1625 1911 schaft muß stets irgendwo eine Grenze ziehen
1688 1902 2718 1964 meisten Berufen des heutigen Lebens nicht mehr
602 1908 1619 1964 zwischen einem erlaubten Vorgehen und Dasein
1681 1948 2005 2012 benötigt wird.“
601 1964 1629 2006 oder Verbrechen — unbekümmert um die Gefahr,
588 2006 1620 2074 etwa Weise als Tollhäusler und Erlöser als Gottes¬
