3248 4352
302 121 948 192 Fraeulein Else
1129 124 1476 210 box 5/1
106 127 957 234 31. Jen en enenenenensensen
697 1454 1534 1552 FRAULEIN ELSE
699 1553 1534 1633 Es ist eine starke, eine erschütternde Norelle, die reisste
688 1617 1514 1673 des Dichters, herbsuchlich, von einer apröden Wahr¬
701 1652 1513 1706 bähtigkeit, aus der heimlich und schlicht das schiun¬
698 1701 1526 1757 volle Aitleia mit der schleksalhaft in sich gefungenen,
686 1733 1286 1790 einsanten, armten Meuschenseele steigt.
1102 1771 1515 1837 Wissen und Leben, Zürich)
693 1829 1512 1902 Unter den Kleinodien Schmitslers ist dieser Monolog
695 1886 1506 1934 ein Solttär, der gein Feuer unheimlich versprüht. Nin
692 1927 1521 1988 ein bebender Monolog, aber in im Mneingebmn die
686 1962 1258 2014 Erschütterung eines Mleuschenlebens.
980 1997 1513 2071 (E. Korrodi, Neue Zürcher Zeitung)
698 2059 1513 2135 Nur ein Dientter, der sich ins Innerste seiner Geschöpse
687 2115 1498 2162 Mneingetricont hat, kenn unt so Wiehlbarer Sicher
686 2152 1504 2205 heit des Auscrucksmittels an den leicht geschürsten
694 2194 1502 2262 Begum dieses Seelendramas dus unerhittlich Jolge¬
691 2232 1175 2294 richtige düstere Ende knüpfen.
1044 2271 1501 2337 Dreschner Neueste Nachrichten.
687 2330 1514 2406 Im vollen Beiruptsein des großten, alt mißtbrauchten
682 2388 1502 2446 Uortes zwingt es sich bier auf: ein Meistenwerk. Die
694 2431 1507 2483 ollendete Beherrschung einer eigenen Rünstierischen
683 2467 1508 2512 Teehmk dient tiefem, cieltterischem Einfühlen in eine
691 2507 1507 2545 Wädehenseele. Noch nie wor Schmtsler zugleich wissen¬
685 2542 1499 2594 der, unbermiherziger und gütiger, als in dieser köst¬
682 2581 1093 2648 lichen Frucht seiner Reife.
1134 2581 1507 2654 (D Hionalzeitung. Busel)
674 2641 1500 2701 Ein unendlich reises, überlegenes Werk des großten
689 2692 1502 2754 Rensehenkenners, des Psychologen und cimer be¬
679 2738 1165 2801 umncernswoert zarten Diehters.
1152 2770 1496 2841 Berliner Börsenkurfer)
669 2891 1494 2954 PAUL Z80L.NAT VERLAG/ BERLIN-WIEN
1690 1464 2532 1564 FRAULEIN ELSE
1690 1558 2521 1642 Mienand iegt dieses Buch, in dem sich Dromimtisches
1689 1623 2522 1678 und Episches meist## ##t pauren, aus der Hund, bevor
1694 1658 2085 1730 er es zu Ende gelesen hm.
2218 1671 2516 1740 (Possische Zeitung)
1685 1726 2510 1791 Die Norelle erzählt ein in atemberaubendem Temnpo
1694 1779 2514 1832 ablanfendes Mädehensehreksal, muistertech in dichte¬
1688 1813 2515 1874 rischer Gestaltung. Es ist ein Buch, das mon durch¬
1690 1846 2018 1914 fiebert, nieh „liest“.
1689 1895 2509 1986 Ein Bändehen uut heißfester Spannung gejülft. psycho¬
1685 1953 2392 2010 logisch durchtrünkt uut einsten Brobuchtun
2404 1962 2501 2010 Armnd.
1683 1998 2324 2046 tisch ansienhiend durch die külme Pera.
2370 2001 2502 2051 1g der
1681 2034 2501 2098 Vorgünge, in blendendem Stil geschrieben: e, Meister¬
1683 2077 1771 2133 Werd.
2120 2079 2504 2140 Umnburger Nuchrichten)
1688 2119 2509 2201 Nieht was Lise erieht, Konckern inte se#es erlebt, wose
1679 2180 2502 2229 ihe Seeie, eine Empfindung nuch der anderen ermordet
1687 2224 2503 2284 wird, dies ist von Schnteler imt einer Meisterscheift
1682 2258 2037 2317 geschiidert, die zwungl.
2242 2268 2503 2326 Der Bund, Bern)
1675 2305 2512 2384 Im konzentrischen Kalnnen einer Norelke liest man
1681 2364 2500 2422 dieses kleine Reisteneerk, ein Drama von atem¬
1678 2408 2508 2469 beraubeiler Spannung, das miit dem tragischen Tode
1680 2445 2288 2509 der Heidin seinen Höhepunkt erreicht.
2207 2467 2508 2560 (Prager Tageblatt)
1682 2532 2501 2602 Dieses Buch Arthur Sehnitslers ist ein Mleisterstück.
1685 2593 2508 2646 Iusteroreentlich ist die Kunst, unt der der Diehter
1682 2635 2494 2688 atsüichliche Vorgünge in den grossen Monolog keines
1682 2668 2506 2730 Frünlein Eise einflicht, inte sich her Mlensehen und
1680 2705 2499 2766 Candschaften spiegeln imd in dem Beiistsein der
1674 2747 2428 2813 Heidin Hondlung und Ereügung zusannnensetst.
1958 2786 2506 2852 Königsberger Allgemeine Zeitung)
1663 2903 2509 2974 PAUI. Z80L.NAY VERLAG) BERLIN-WIEN
