3248 4128
1112 75 1451 172 box 5/1
71 82 944 164 31. Fraeulein Else
245 139 367 192 ann
597 690 916 873 ∆
989 686 1182 856 7
1832 714 2013 884 4
765 913 2212 1009 Direktor (zu den Schauspielern): Was halten die Herrschatten von dieser An¬
855 989 2206 1045 sicht? Ich meine darin fast etwas von einem neuen Schausoielstll zu wittern.
771 1042 2206 1105 Aufor: Und seien Sie überzeugt, meine Verehrtesten, nur mit einem neuen
857 1087 2206 1147 Schauspielstil wird das Theater wieder möglich werden, und Sie alle werden
862 1135 1366 1200 dabei ihre Existenz finden.
782 1186 1801 1250 Erster Schauspieler: Wie denken Sie darüber, Direktor?
770 1240 2211 1313 Zweiter Schauspieler: Wäre allenfalls auf diesem Wege eine Gagenerhöhung
859 1283 1048 1351 möglich?
771 1313 1620 1385 Direktor: Sobald ich die Mittel dazu habe.
784 1373 2098 1450 Erster Schauspieler: Daraufhin könnten wir einmal den Versuch wagen.
768 1427 1542 1510 Die Schauspieler: Wagen wir s. Vorhang.
1880 1471 2176 1553 JAKOB BUHRER
1405 1549 1588 1622 8 8 8
1091 1639 1901 1751 NEUE ERZAHLENDE PROSA
835 1732 2206 1814 Man kennt Nietzsches strenge Worte über den, ach so kleinen „Schatz der
781 1800 2201 1866 deutschen Prosa“ von europäischer Höhe. Aber seitdem die deutschen Schrift¬
771 1864 2201 1916 steller von ihm selbst, der der deutschen Prosa halkyonische Freiheit und Voll¬
785 1904 2199 1964 kommenheit, kühnste Biegsamkeit, göttliche Bosheit und Heile gegeben, schrei¬
775 1954 2202 2019 ben gelernt haben, ist es allgemach besser, ist Deutschlands Prosadichtung
784 2004 2205 2054 wieder europäisch möglich geworden, der besten französischen, der Prosa
779 2052 2202 2117 Stendhals und Flauberts gleichwertig, und die deutsche Erzählungskunst seit
779 2100 2200 2151 1900 zeitigte gar nicht wenige Werke von hohem, einige von höchstem sprach¬
777 2152 2204 2213 lichen und geistigen Niveau. Nietzsches Sendung vornehmlich war es auch,
778 2199 2206 2250 den mehr seelischen Deutschen von gestern in einen immer mehr geistigen zu
785 2255 2208 2316 wandeln, was weiterhin bewirkte, dass Kunst und Geist in eins flossen, dass die
780 2297 2200 2350 deutsche Dichtung, auf haarscharfe Antithetik, dialektische Spannung und Un¬
772 2340 2200 2406 erbittlichkeit bedacht, immer geistigeren Rhythmus gewann. Dieses Schauspiel
777 2396 2194 2448 einer Verwandlung des deutschen Menschen und damit notwendig auch der
779 2443 2204 2495 deutschen Dichtung wirkt in Deutschland, wie täglich zu sehen ist, vielfach
772 2490 2195 2545 noch verwirrend und zeitigt seltsam abschätzige Kunsturteile, zumal unter
784 2542 2203 2599 jenen engherzig Beharrenden und Rückgewandten, die nur die intim deutsche,
785 2602 2198 2655 versponnen-sehnsüchtige, treuherzig-dumpfe, naturhaft-einfältige Gernüts¬
782 2637 2197 2691 dichtung als eigentliche und vollwertige Dichtung gelten lassen wollen. Feind¬
775 2687 2196 2750 selig-verstockt gegen die notwendige Umschichtung des deutschen Kosmos,
770 2740 2198 2797 wie sie sind, geben sie ihre falsch-empfindsamen und dummdreist-eifernden
782 2782 2198 2836 Wertungen, Zeugnisse ihrer eigenen Rat- und Zukunftslosigkeit, und sprechen
773 2834 2195 2891 von der ahndevoll-schöpferischen Natur einerseits und dem „nur“ gekonnten,
768 2879 1311 2957 bewussten Geist andrerseits.
825 2991 2204 3071 Otto Flake ist ein überaus kluger Kopf, einer der wenigen, sehr wenigen un¬
775 3069 2201 3124 philisterlichen Geister der deutschen Wende heute. Inmitten all der anarchischen
766 3116 2190 3181 Fragwürdigkeit einer zerstürzenden Welt sucht er besonnen nach neuer Lebens¬
2102 3204 2207 3306 759
