3296 4256
330 130 488 225 31.
535 141 1197 219 Fraeulein Else
1368 138 1721 245 box 5/2
1522 541 2092 617 LALSAGE FRANGAISE
627 543 945 617 28 Juiliet 1929
2131 2271 2527 2359 (Cl. Rev. Rhénane)
1716 2280 1973 2348 Bruno Frank
1869 2381 3058 2461 que T’anleur fait revivre à nos yeux: la catastrophe
580 2413 1768 2475 heureuse garde-malade à la joie qutelle ressent qual
1873 2457 3049 2517 physique, la perte d’un ami, T’isolement absolu an¬
584 2451 1781 2521 on proclame Pinnocence du prevenu; il sembie qtrun
1871 2518 3056 2569 quel la mort seule viendra mettre fin. Quelques traits
581 2522 1775 2571 flot de lumières entre tout d’un coup dans un lieu de
1872 2567 3066 2620 vigonrenx et suggestifs suffisent à Pauteur pour
579 2559 1765 2617 ténebres. Le monologue interieur de cette äme, que
1871 2611 3062 2681 dresser devant nous dans sa triste grandeur la figure
583 2611 1766 2660 Kesser reproduit, est d’une simplicité emouvante.
1880 2653 2731 2713 de ce roi solitaire, incompris et génial.
575 2658 1776 2722 L’auteur a vraiment trouvé une sobrieté dexpression
1928 2683 3058 2768 Mais cest dans sa Pofilische Novelle (“) que Bruno
588 2705 1774 2761 et un accent de sincérité qui ajoutent encore à ln
1873 2755 3066 2814 Frank a donné T’euvre artistique et philosophique
590 2764 1287 2822 valeur artistique de son cuvre.
1878 2802 3058 2858 la plus parfaite qui soit. Ceite entrevue des hommes
638 2831 1762 2898 Mais landis que chez Kesser le penseur et le cher¬
1880 2851 3054 2907 d’Elat français ei allemand, leur fraternelle discus¬
585 2891 1765 2949 cheur prédominent et qu'on F sent Peffort dans 1e
1883 2897 3049 2959 sion sur les graves problemes qui &touchent à lexis¬
595 2948 1777 3009 ravail, chez Bruno Frank c’est Part pur qui regit
1887 2962 3057 3013 ence meine de plusieurs milhions d’individus ), 1e
591 2978 1768 3054 lout, sans préjudice toutefois pour le contenn de
1879 3000 3068 3065 cadre merveilleux dans lequel l’auteur a placé sa
583 3044 1774 3096 ses nouvelles qui depassent par la nature mônie de
1877 3054 3066 3107 suprême profession de Toi de grand Européen et on
590 3093 1764 3149 leur sujet tout ce qui a eté produit jusqura ce jour.
1872 3106 3061 3162 il évoque avec tant d’amour les mänes des héros
583 3141 1783 3200 Bruno Frank n’y exprime, il est vrai, ni idées, ni
1875 3143 3070 3214 homerique, Ie ciel azuré de la Méditerranée, berceau
586 3191 1784 3243 théories, ni convictions; mais il nous y brosse en
1883 3201 3054 3256 des antiques civilisations, loutes ces choses et bien
594 3239 1764 3296 larges touches colorées le tableau vivant d’une epo¬
1879 3248 3056 3304 Pautres encore ne sont pas seulement des trouvailles
596 3283 1774 3355 que ou la physionomie saisissante C’un personnage.
1886 3299 3065 3353 artistiques de gènie, ce sont des documents humains
593 3339 1770 3398 Ses houvelles, d’une envergure peu commüne, delo¬
1881 3348 3061 3401 el philosophiques d’une importance capitale et d’une
597 3401 1774 3454 ent chez lui un vrai génie intuitif qui lui permet de
1874 3410 3053 3459 valeur que F’amoindriront ni le temps ni les événe¬
591 3444 1773 3504 prendre comme point de mire une epoque ou ulle
1880 3448 3053 3500 mients. Ge sont. Formulèes en une langue d’une ma¬
601 3486 1776 3541 ersonnalité qu’il étudiera jusque dans leurs moin¬
1871 3496 3054 3560 gnifique concision, les aspirations les plus élevées de
600 3528 1775 3592 dres détails en les embrassant tout entieres. Les
1877 3561 3053 3611 netre epoque. lei, les réves, les espoirs des généra¬
591 3591 1770 3652 Journées du Roi (!) forment une sorte de petil lrip¬
1880 3597 3065 3657 tions presentes, eprises de juslice et de verité ont
590 3635 1772 3701 tvque qui revelent un Frederic ll inconnu jusqusiel
1879 3651 3052 3708 Tronvé leur Torme ln plus pure et la plus durable;
597 3688 1774 3747 ’homme dans le monarque, à vrai dire un pauvre
1883 3700 3053 3752 iei, en dans ecqutelle a de meilleur, une epoque parle
586 3735 1774 3796 homme, vielime d’une infirmité physique, dont in
1886 3750 3057 3816 I Phumanite et S’erige à elle-mieme un monument
593 3786 1779 3848 vie ne fut qu'un triste et long martyre. Ge sonl bien
2538 3795 3011 3864 Cécile KNOERTZER.
1869 3793 2191 3861 indestruclible.
595 3840 1778 3898 les moments les plus erltiques de ceite penible vie
1905 3945 3069 4011 (1) # he Roman de Locurno v. traduction française par Jo¬
1891 3989 2572 4059 seph Delage, chez V. Attinger, Paris.
628 3972 1771 4057 (1) Traduction française par Joseph Delage, chez V. Attin¬
586 4032 807 4106 ger, Paris.
2903 539 3012 608 657
