3296 4224
1294 177 1642 271 box 5/2
253 181 1105 259 31. Fraeulein Else
553 246 600 290 —
978 243 1119 294 —
847 1225 1417 1349 autt
888 1283 1003 1348 *
852 1332 1239 1382 Berliner Volksblatt
600 1367 1464 1422 Zentralorgan der Sozialdemokratischen Partei Deutichlands
928 1437 1064 1488 Morgen¬
1097 1450 1421 1541 Ub
591 1458 1102 1565 Ausschmitt aus der Abends
590 1544 808 1628 vom
1314 1732 1463 1816 Ir
675 1743 1319 1838 Dichterabend im Reichstag.
479 1808 1597 1873 Sonntag war es und abends um acht, Dunkelheit und mächtige
416 1858 1575 1907 Kälte lagen schon über der Stadt, für die Kinos, die Kabaretts, di
409 1893 1580 1945 Theater war das wohl richtige Zeit, nicht aber für eine Reichstag
414 1933 1603 1987 sitzung für den Ernst, für die Arbeit. Doch obwohl auf keinem her
412 1982 1594 2024 Türme des Wallot =Baues die schwarzrotgoldene Fahne flatterte,
414 2013 1602 2063 herrschte um die seltsame Stunde ein Andrang wie bei ganz großen
412 2047 1606 2101 Tagen. Lange vor Beginn der Sitzung war der Saal überfullt.
409 2086 1608 2143 Hunderte mußten stehen, feierlich waren die männlichen, festlich die
399 2126 1595 2180 waiblichen Abgeordneten gekleidet. Georg Engel eröffnete die Sitzung,
426 2165 1607 2216 u der der Verband deutscher Erzähler geladen hatte, begrüßte die
411 2201 1608 2253 Erschienenen, die vielen Würdenträger unter ihnen und insbesondere
405 2240 1603 2292 den Dichter Arther Schnitzler, mit ihm eine große Künstlerin,
403 2285 1599 2338 die die Absicht habe, Kostbares von seinem Werk zu künden: Elisa¬
425 2315 1597 2368 beth Bergner. Das war nun ein rührendes, unvergeßliches
415 2361 1600 2407 Bild, wie die berühmte Schauspielerin; in dem Moment ein armes
418 2395 1608 2445 Hascherl, zaghaft, bubiköpfig und mit märchenhaftem Silberweiß
414 2437 1611 2483 behängt, auf dem Platz des deutschen Reichskanzlers hockte, neben ihr
426 2473 1598 2523 der Wiener Dichter, sinnig saß er auf dem Platz des Außenministers.
416 2513 1601 2558 Vom hochlehnigen respektablen Stuhl des Reichstagspräsidenten aus
423 2541 1606 2606 sprach die Bergner mit knabenhaft klarer Stimme Schnitzlers No¬
416 2588 1614 2636 velle „Fräulein Else“. Sie schuf sie neu, lebte sie vor, ließ
423 2620 1612 2674 tausend Menschen miterleben, hatte eine Stunde der Gnade, wie sie
421 2664 1209 2724 selbst den Größten nur selten geschenkt wird.
499 2697 1613 2749 Nachdem das traurige Erlebnis von Fräulein Else, der Bürgerin
431 2739 1610 2790 mit dem Godiva=Erlebnis, verklungen war, brach ein Beifallsdonner
427 2774 1607 2830 los, auf allen Bänken, von der äußersten Rechten bis zur äußersten
426 2813 1616 2867 Linken, wie er selbst in diesem oft lärmvollen Hause nur selten ge¬
420 2849 1613 2902 hört werden wird. Der Dichter kam nunmehr selbst an die Reihe,
443 2891 1610 2944 eine Vorlesung wirkte erfrischend, hell war es im Saal, heller auch
429 2926 1619 2983 das Thema seiner Wahl, abschon es von keinem Selbstmord handelte,
433 2964 1627 3020 vom niemals ausgeführter Selbstmord des k. k. „Leutnant
434 3003 1618 3057 Gustl“ nämlich. Der Wiener Poet offenbarte bei dieser Gelegen¬
434 3040 1613 3104 heite eine charmante Vortragskunst. Auch ihm jubelte man nicht
434 3075 1625 3134 wenig zu, demonstrierte gern dabei auch für seiner Heimat politischen
432 3116 1625 3172 Anschluß an die deutsche Republik; der österreichische Gesandte war
435 3158 1274 3219 im Hause. Groß war dieses Abends Erlebnis.
1168 3187 1605 3261 Erich Gottgetreu.
2139 1064 2599 1211 Veriner Cagesah
2356 1193 2670 1324 9 Feb. 4926
2096 1403 2740 1499 Abend im Reichstag.
1888 1486 3012 1560 XX Der Reichstag war vollbesetzt, der Saal selber, die
1833 1527 3007 1610 Tribünen, die Estrade unter dem Präsidentensitz, und dort saßen
1834 1576 3016 1639 Männer und Frauen, die im Bädeker des Reiches, des Staates, der
1840 1621 3011 1705 Stadt und der Literatur ein oder zwei Sterne haben oder bean¬
1836 1661 1983 1722 spruchen.
1883 1709 3017 1780 Zwischen den riesigen Stuhl des Präsidenten und seinen Tisch schiebt
1837 1752 3002 1823 sich ein zartes Mädchen in Weiß, sicht sich scheu um, schlägt ein Buch
1836 1803 3001 1867 auf. Wird diese Stimme, wenn auch geschult und voll Gewöhnung an
1833 1842 3009 1901 ein großes Auditorium, wird sie diesen fremden und eckigen Raum
1831 1880 3001 1951 bezwingen? Leise klingt es an, aber glockenhaft klar, Tonperle auf
1829 1924 3001 1988 Perle. Der Zuschauerkreis bis in den fernsten Winkel hält äußerste
1826 1967 3010 2036 Stille. Das ist ein Zeichen, daß jeder alles versteht. Scheinbar nur
1828 2012 3010 2070 aus dem Flachlonde eines gewöhnlichen novellistischen Geschehens, so
1831 2048 3002 2127 beginnt Arthur SchnitzlerKFräulein Else“ aus Elisa¬
1837 2097 2996 2163 beth Bergners Munde hörbar zu werden. Dann zieht die Vor¬
1825 2138 3004 2206 leserin uns und die Geschichte immer näher an sich heran. Sie wird,
1832 2186 2996 2248 ohne laut zu werden, eindringlich. Sie spielt, ohne Theater zu machen.
1829 2221 3002 2292 die Gestalt. Sie begreift ganz das Dramatische dieses kleinen Epos,
1832 2276 2736 2335 aus dem eine Mädchenseele in den Tod hinein erblüht.
1887 2304 3001 2388 Das zarte Mädchen klappt das Auch zu, verschwindet wie ein weißes
1824 2358 2995 2431 Wölkchen vom hohen Göttersitz Löbes. Donnernder Beifall rollt ihr
1827 2406 2994 2476 nach, zwingt sie hervor, immaer wieder. Sie wundert sich und freut sich.
1873 2451 2997 2528 Dann erhebt Arthur Schnitzler sich selbst. Voll Ruhe und
1826 2498 2994 2566 Uebung, und auch als Vorleser, wie sein gesamtes Schriftwerk, von allem
1829 2541 2993 2612 Lärm distanziet, liest er die Novelle von „Leutnant Gustl“. Die
1820 2581 2991 2654 kennen wir schon seit 1900, und falls „Fräulein Else“ erst in ihrem
1827 2629 2999 2699 Erscheinungsjahr 1924 geschrieben ist, so würden wir sehen, daß ein
1826 2672 2994 2739 Zwillingspaar zeitlich durch ein Vierteljahrhundert getrennt sein kann.
1824 2717 2990 2776 Hier wie dort geht die besondere Wirkung von einer beide Male
1826 2764 3000 2820 meisterhaft beherrschten Technik aus; ein Erlebnis wird nicht nur
1824 2801 3001 2867 geschildert, es wird von denen, die es erlebt haben, auch nicht nur
1828 2851 2997 2895 wiedererzählt. Es ist Erlebnis in Präsenzform. Es ist Tatsache, Ge¬
1834 2883 3000 2963 ühl, Katastrophe eben des Augenblicks, den wir selbst ein= und aus¬
1823 2929 1940 2983 atmen.
1873 2969 2998 3047 Auch Schnitzler, dem Wiener Deutschen, hallte der Beifall nach. Es
1816 3003 2994 3070 war ein schöner Abend im Rahmen der Veranstaltungen des Ver¬
1817 3058 2997 3138 bandes deutscher Erzähler unter Georg Engels eifrigem
1823 3095 1944 3162 Vorsitz.
