3296 4224
306 15 615 93 verwarrseres
687 18 1401 93 erreennreret Vensschnchunet wene
302 86 1400 143 ausgeeilt, und als es nun die Probe galt, wer stärker sei,
305 128 1412 192 zeigte sich, daß die ewig Gestrigen dem Führer die Treue
303 164 564 221 versagten.
362 194 1415 270 Man würde es verstehen, wenn Dr. Stresemann nach so
303 234 1397 318 schmerzlichen Erlebnissen daran dächte, sich von den Fesseln
298 294 1402 361 freizumachen, die ihm die Zugehörigkeit zu seiner Partei und
305 340 1399 396 Fraktion immer wieder gerade dann anlegt, wenn er einen
303 384 1402 443 Schritt vorwärts machen will. Aber die Gerüchte, die ihn in
294 420 1397 491 Zusammenhang mit neuen Parteibildungen oder mit irgend¬
292 470 1395 531 welchen Gruppen der jüngeren Generation gebracht haben,
293 510 1405 570 sind wohl nur der Ausdruck mancher stillen Wünsche. Inner¬
298 558 1401 620 lich gehört Dr. Stresemann schon längst nicht mehr zu einer
289 595 1403 656 Partei oder Fraktion, die durch die Führung des Herrn Dr.
300 642 1407 704 Scholz charakterisiert ist, ebenso wie auch in den anderen
301 682 1400 742 Parteten und Fraktionen manche Leute sitzen, die innerlich in
294 736 1400 782 eine andere Gruppe gehören. Wenn ein Blatt, wie die „Ham¬
301 769 1401 830 burger Nachrichten“ meint, die Volkspartei selbst habe sich
290 816 1376 875 von ihrem Führer losgelöst, und die Hoffnung aussprich
290 858 1378 917 Stresemann werde den Weg zu den Demokraten finden un
292 898 1371 966 so der Verschmelzung der Volkspartei und der Deutschnati
297 943 1372 1005 nalen den Weg ebnen, so ist hier wohl der Wunsch der Vat¬
291 982 1377 1051 des Gedankens; es mag wohl auch in der Volkspartei Kräft
288 1034 1389 1089 geben, die eine solche Entwicklung gerne sähen, und Strese
296 1074 1390 1131 mann gern über Bord gehen lie n, aber es fragt sich sehn
289 1110 1393 1181 ob auf beiden Seiten die Reife zum Entschluß scho
287 1145 487 1203 erreicht ist.
361 1189 1387 1260 Freilich kommt rielleicht eher, als man heute glaubt, ein
284 1233 1387 1301 Gelegenheit, die Stresemann oder seine Fraktion zu eine
290 1277 1394 1346 kluren Entscheidung zwingt. Daß die Fraktion selbst die Ent
300 1320 1401 1389 cheidung herbeiführen werde, ist nicht zu erwarten, denn nodk
287 1366 1395 1432 ist Dr. Stresemann der beste Trumpf im Spiel der Volkspartei
283 1403 1392 1473 bei Neuwahlen ebenso wie beim Fraktionshandel um das Kabi
281 1456 1394 1507 nett. Tritt er aber aus der Front der aktiven Politiker aus, in
285 1492 1401 1562 dem er auf Ministeramt und Parteiführung verzichtet, wenn
282 1538 1401 1592 auch nur für eine gemessene Zeit, dann ist schwer zu sehen, wer
280 1578 1403 1641 ihn in seiner Partei ersetzen könnte. Die Außenpolitik
280 1622 1405 1684 des Reiches wird schließlich auch ohne Dr. Stresemann
282 1663 1393 1728 fortgeführt werden können, nachdem unter seiner Verantwor¬
283 1711 1406 1765 tung die Grundlagen für eine stelige Entwicklung gelegt worden
290 1749 1410 1814 sind. Aber die Volkspartei von heute steht und fällt mit
286 1796 1408 1848 ihrem bisherigen Führer. Man kann wohl, wie manche empfeh¬
286 1834 1399 1902 len, Herrn Curtius anstelle Stresemanns ins Auswärtige Amt
288 1880 1399 1940 dirigieren — wobei die Frage offen wäre, ob es keinen besseren
289 1922 1403 1999 Kandidaten gäbe — aber weder Herr Curtius noch Herr
284 1966 1402 2017 Scholz können ihn an der Spitze der Partei ersetzen. Viel¬
279 2009 1407 2081 leicht fühlt Dr Stresemann selbst, daß seine große Zeit an
391 2050 430 2082 1
288 2055 1391 2120 der Spitze der Deutschen Volkspartei vorüber, daß die partei¬
279 2099 1397 2165 politische Basis seines Wirkens allmählich zu schmal geworden
288 2141 1388 2210 ist, aber über seinen weiteren Weg ist er sich wohl selbst'noch
287 2179 473 2252 nicht klar.
596 2265 1101 2361 Glektrischer 2.4#t#1.
1796 93 2408 173 31. Fraeulein
2409 99 2650 178 Else
2823 100 3174 190 box 5/3
2692 567 2934 629 Ne.
1923 579 2057 647 M.
1952 673 2897 752 Argus Suisse et International de la Presse S.A
2168 725 2717 800 23, Rue du Rhöne - GENEVE
1962 786 2922 868 Adr. telg.: Coupures-Genére - Tel. Stand 40.05
1992 882 2890 961 Bureau international de coupures de journauz
2072 934 2816 1009 Traductions do et en toutes langues
1967 1046 2917 1129 Correspondants dans toutes les grandes villes.
1965 1197 2387 1263 Eotrait du Journal:
1976 1303 2162 1362 Adresse:
2225 1312 2289 1383 16
1985 1398 2112 1463 Date:
2079 1513 2193 1607 1
2250 1595 2962 1707 Aus der Filmwelt.
2440 1747 2817 1848 Fräulein Else.
2140 1822 3179 1896 Die Filmvariante des bekannten Schnitzlerschen
2026 1861 3172 1939 Romans bestatigt die einfache Regel der Filmasthetik: nicht
2057 1913 3178 1983 die Motivenfülle, sondern die innere Spannung dey' Handlung
2058 1958 3179 2029 macht eine Fabel filmtauglich. In diesem von Paul Czin¬
2056 2002 3167 2065 mer meisterhaft adaptierten Film geschieht äußerlich sehr
2059 2047 3177 2108 wenig: daß Fräulein Else zum Schluß Selbstmord verübt, ist
2060 2083 3175 2149 ja ebenfalls ein mehr innerer, als anschaulicher Akt. Dennoch
2057 2134 3171 2179 gelingt es Czinner durch seine ökonomische Regie die Span¬
2052 2170 3176 2227 nung vom ersten bis zum letzten Bilde zu steigern.
2055 2210 3171 2273 Er ist als Spielwart virtuos, als Verfasser des Dreh¬
2055 2253 3172 2324 buchs klug und geschmackvoll. Seine Regie ist bildhaft,
2049 2299 3176 2352 er weiß, daß der psychologische Stoff nicht noch mehr be¬
2049 2341 3175 2398 tont, sondern eher ausbalanciert zu werden wünscht. So schafft
2058 2387 3179 2438 er einen wunderbaren, vom Leben pulsierenden Rahmen in
2044 2424 3178 2492 den Sankt Moritzer Aufnahmen, deren forsches Dempo und
2055 2470 3168 2540 schwungvolle Vitalität erst dem dramatischen Motiv einen
2044 2513 2593 2573 Kontrasthintergrund gewährt.
2131 2547 3164 2615 Andeutung, nicht Betonung der inneren Vorgänge ist die
2044 2593 3166 2651 Kunst Paul Czinners. Psychologische Darstellung ist Sache
2049 2640 3171 2696 der Schauspieler, nicht der Regie. In der Auswahl der
2052 2683 3177 2736 psychologisch besonders seinen Typen hatte aber Czinner
2042 2735 3171 2794 ebenfalls glückliche Hand. Vor allem freilich, weil die Berg¬
2045 2764 3155 2821 ner die Rolle des Fräulein Else übernahm. Die Bergner..
2055 2807 3168 2863 Kann man sich an diesem schmalen, grauen, ärmlichen Ge¬
2054 2854 3162 2907 sichtchen sattsehen, wenn es plötzlich von inneren Lichtern der
2046 2897 3160 2947 Freude durchstrahlt, sich der leuchtenden Schönheit der Seele
2056 2945 3158 2995 rschließt? Kann man die überirdische Traurigkeit dieser
2048 2981 3161 3048 Augen vergessen, die aus winzigen Mäuseäuglein sich plötzlich
2044 3020 3171 3077 in Hrennende Fackeln des Schmerzes und des Entsotzens ver¬
2035 3070 3170 3122 ####deln? Und der nervöse, synkopenhafte Rhythmus der
2047 3114 3167 3169 beignerschen Bewegung: wie ist er harmonisch und künstlerisch
2040 3158 3164 3216 geformt, wie alles Hysterischen bar... Es gibt eine Szene,
2049 3194 3161 3243 in der sie Dorsday begegnen möchte, und ihn verfolgt: ihr
2036 3234 3170 3287 Versteckspiel ist eine Bewegungsstudie von bestrickend-mädchen¬
2049 3279 3154 3329 hafter Anmut und verführerisch=betörender Virtuosität. Den
2036 3325 3171 3381 Vater spielt Bassermann, hager, furchenreich, düster, in
2041 3363 3167 3416 seinem Stehkragen ein Monument erstarrter Lebensfreude.
2048 3407 3156 3456 Dorsday=Steinrück lutscht an frischen Kirschen im Januar
2033 3448 3151 3508 und hat ein Auge, eine zusammengekniffenes, schamloses, stets
2038 3489 3173 3548 auf der Bergner. Ein kubistischer Holzschnitt. Und all die
2039 3536 3156 3592 anderen, — die Sandrock an der Spitze —, lauter ausgezeich¬
2041 3576 3174 3630 nete Gestalten. Die herrlichen Sankt=Moritz=Belder sind eine
2027 3611 3156 3678 besondere Augenweide. Der Photograph kannte sein Hanzs
2023 3657 2149 3733 werk.
3017 3665 3135 3738 —0.—
3195 2463 3235 2511 p
3198 2503 3235 2563 h
3203 2557 3242 2601 n
3200 2638 3234 2686 v
3201 2243 3243 2297 2
3204 1900 3243 1949 0
3207 2031 3242 2080 U
3202 2080 3241 2128 C
3216 2424 3249 2477 b
