3296 4224
20 954 53 999 h
460 90 567 145 nplare
205 85 360 148 st hunder
46 87 192 158 drängt f
428 167 578 237 Jährlich
298 218 573 270 gen und Unter¬
309 255 583 311 er gar Seiten,
56 262 241 312 einige Sät
308 302 573 355 sollen. Als ich
265 339 577 402 t gepackt, und ich
35 345 242 413 mich die W
67 388 575 452 ag ging ich nervös in die
298 431 570 488 fend gemustert,
106 433 237 489 Schüler
300 472 577 531 ##n nicht fassen.
28 478 238 535 lich konnte i
325 517 569 571 Unrat! Da
106 519 236 577 hinter
305 561 581 610 1 und das Buch
118 562 239 616 zu spri
112 607 242 663 och hab
296 604 568 662 ch mir das bald
299 642 568 697 Unrat“ an den
115 652 231 702 Name
56 645 92 698 de
299 688 570 748 uchmal erklang
116 691 238 748 rrufen,
32 732 90 793 icht
114 740 565 789 ich nach den Tätern; als
125 779 573 836 rhaßte Buch noch einmal
114 817 567 878 hulichkeit zwischen
275 861 570 921 urde. Und als
111 863 225 923 ößer
115 904 569 961 Schüler strafen wollte, fiel
112 952 521 1011 verständnisloses Wesen
149 997 225 1047 Buch
265 989 569 1050 u meinem besseren
128 1033 579 1099 er mir meine Fehler er¬
52 1043 87 1092 I,
274 1081 579 1146 abzustreifen ..
126 1153 576 1221 te bei mir: „Dieser Pro¬
20 1220 56 1261 11
108 1211 571 1258 Ob nicht auch der „aller¬
35 1254 577 1307 ins „Kopf“ einiges gelernt
107 1294 376 1372 rschienen wäre?
11 1372 154 1459 nann.
22 1445 491 1531 gleichnamigem Roman.
238 1510 560 1601 (Nachdruck verboten.]
22 1564 121 1644 rsy.
12 1638 581 1692 etelles „Silbermann“ war
14 1679 573 1740 zösischen Romanerfolge der Nach¬
12 1736 581 1772 ter guten deutschen Uebersetzung
12 1765 578 1818 schland über einen engen Kreis
22 1792 569 1854 Die Geschichte der beiden Sil¬
11 1829 574 1892 rzählen, ist aber viel zu merk¬
19 1875 578 1922 e unterdrücken wollten. Hier ist
5 1912 585 1959 erer Zeit in einem Menschen
13 1952 574 1995 lebendig geworden, sondern hat
6 1988 571 2059 ieses Menschen einen tiefen Ein¬
0 2064 587 2132 Lacretelle — aus dem Kreise
11 2125 592 2183 spielt etwa in den Jahren 1894
27 2167 581 2223 Affäre und könnte als das
8 2209 573 2251 nees breiter „Histoire contem¬
-4 2251 582 2309 s Problem Franzose= Jude ist
1 2291 576 2337 mel einer Kinderfreundschaft zu¬
10 2331 588 2382 rotestant, erzählt von seiner lei¬
13 2378 584 2429 estärkten, von Anfung an melan¬
10 2416 591 2480 me an seinem Klassenkameraden
13 2455 581 2524 Kampf um diese Freundschaft
-3 2507 585 2554 Jungen, gegen seine Eltern, gegen
-7 2540 584 2601 nkreich, liebt die französische Lite¬
-2 2597 586 2647 s schöpferischen Kenners und er¬
10 2638 594 2705 irme durch die Art, wie er eine
-8 2677 224 2734 d analysiert.
45 2689 582 2787 durch Zündkontakt einmal
359 2753 579 2816 Vorschein,
87 2766 357 2827 wieder zum
225 2805 584 2871 vergistet. Silber¬
145 2812 184 2853 158
17 2811 150 2871 Herzen
96 2841 593 2903 Antiquitätenhändler, wird
6 2892 599 2955 zen, und der Vater des jugendlichen
-8 2926 594 2987 er! Der Erzähler fleht seinen Vater
-8 2985 586 3043 essen Schuld er nicht glauben kann,
-2 3027 585 3076 unschuldig. Aber der Richter würde
9 3061 593 3128 die Untersuchung allzu schnell ab¬
-1 3105 598 3158 Unglück gereift, ein Beobachter und
27 3148 583 3202 Lage und trennt sich mit einem
18 3200 584 3258 ihn, unter demütigenden Gewissens¬
1 3236 514 3302 r, protesiantischer Seelenprüfer
517 3253 586 3294 —
1 3281 594 3337 raten muß. Im Abschied von dem
4 3325 585 3379 von seiner heißen und tragischen
4 3374 595 3424 as ihn als Fremden verstoßen hat.
16 3411 595 3478 sich aus, fährt nach Amerika zu
6 3451 582 3525 von seines Genies Gnaden wird
2 3518 584 3602 ter östlich von seinem Schauplatz
-7 3592 585 3641 Leben eines Menschen eingegriffen.
-8 3636 601 3686 Budapest an einem Buchladen
5 3685 598 3750 zurückgezogen von einer Bücher¬
1 3734 595 3829 tzung „Professor Rond“, der Spitz¬
1047 114 1143 220 —
800 204 1047 304 0
965 502 1163 586 11—
926 684 1491 777 Die jalsche Hme. Bovary.
636 741 1808 812 Sie lebt in der Provence in Pertui ols Besitzerin eines kleinen
629 803 1798 854 Gasthauses und hat mit dem — bekannten und längst verstorbenen
678 837 1783 883 wirklichen Original Flauberts nicht das geringste zu t9.
634 876 1803 928 Nichtsdestoweniger verehrt sie manchmal einem bevorzngten
631 908 1793 963 Sommergast die Volksausgabe von des Dichters Romon mit der
689 960 1746 1013 originellen Widmung „Souvenir de Mme. Bovarg“.
1103 1000 1780 1048 (Zeichnung von Rudolf Schlickter)
631 1207 1800 1250 net. Wie war das möglich? Der Budapester Antiquitätenhändler
631 1246 1810 1307 war niemals in Paris gewesen. Wie also konnte dieser Franzose
632 1290 1809 1343 ihn erraten? So vollständig erraten — bis in die vergeffenen
622 1334 1804 1385 Regungen seiner Pubertätsjahre, bis in seine Worte und Gesten
628 1380 768 1442 hinein?
682 1417 1811 1478 Mit seiner aufwühlenden Entdeckung und seiner quälenden Frage.
633 1460 1805 1518 rannte der Antiquitätenhändler zur Zeitung, zum Uebersetzer. Man
626 1506 1805 1562 suchte ihn zu beruhigen; sprach von ewiger, unvermeidlicher Wieder¬
625 1553 1809 1607 kehr des gleichen Leidenszuges in Judenschicksalen aller Zeiten und
624 1597 1806 1647 Länder. Silbermann sah das ein. Was er nicht einsehen und
630 1639 1806 1691 nicht zugeben konnte, war, daß es sich bei solch erstannlich minu¬
633 1682 1809 1741 tiöser Uebereinstimmung einer Reihe von Einzelheiten noch
632 1735 1808 1782 um Zufall handeln könne. Er konnte einfach nicht glauben, daß
635 1778 1805 1825 der Franzose ihn, Silbermann, nicht irgendwann, irgendwo persön¬
633 1811 1816 1862 lich gekannt habe: er hätte sonst sein Geheimnis nicht dechiffrieren
634 1858 1806 1914 können. Niemals, niemals habe er irgendeinem Menschen davon
623 1901 1816 1952 gesprochen, wie er zu der Mutter seines Freundes gestanden
634 1946 1804 1998 habe . . . und dieser Franzose sagte es klipp und klar. Auch sein
625 1991 1806 2049 Gesicht, seine Erscheinung seien in seiner Jugend genau so gewesen,
628 2031 1816 2083 wie de Lacretelle sie beschreibe; mit alten Lichtbildern könne er es
640 2078 1811 2133 beweisen. Auf dem Gymnasium habe er in genau derselben Haltung
625 2116 1809 2176 gegen die kompakte Majorität seiner Mitschüler kämpfen müssen,
625 2167 1809 2219 wie der Held des Romans. Er habe die ungarischen Klassiker be¬
627 2209 1809 2261 geistert und überzeugend deklamiert und habe ungarischer Schrift¬
627 2250 1816 2307 steller werden wollen. Und aus denselben Erwägungen, die den Roman¬
645 2293 1803 2344 elden in seine resignierte Wahl treiben, sei auch er nicht Schrift¬
633 2332 1808 2390 steller, sondern Antiquitätenhändler geworden. Daß er damals
641 2379 1817 2430 richtig gewählt, daran habe er bisweilen gezweifelt, nun aber; da
642 2425 1810 2477 er sich als Romanfigur erblickt und erkannt, da er seine Motive von
631 2463 1806 2514 damals, und zwar alle der Reihe nach, durchschaut und zerlegt und
641 2511 1811 2563 gebilligt gefunden habe, nun bezweifle er nicht mehr, daß es
641 2554 1810 2615 so habe kommen müssen. De Lacretelle habe ihn mit sich selbst
633 2607 1651 2647 versöhnt: er helfe ihm nunmehr, sein Schicksal zu tragen.
677 2648 1823 2697 Nie wird Silbermann, Antiquitätenhändler in Budapest, an
633 2677 1820 2737 Zufall glauben. Er glaubt an Wiedergeburt und Seelenverwandt¬
640 2728 746 2787 schaft.
1095 2766 1357 2864 Dorsday.
767 2853 1699 2919 Zu Arthur Schnißzters Roman „Fräulein Else“.
704 2944 1817 3024 „Dorsday! Sie haben früher auch anders geheißen!“ — sagt
641 2997 1222 3085 Fräulein Else, Schnitzlers Heldin.
1200 3040 1262 3119 II.
697 3105 1815 3167 Damals wußte sie noch nicht, daß sie Geld von ihm brauchte,
650 3164 1816 3213 daß sie für ihn Monna Vanna spielen sollte — damals wußte sie
728 3196 1366 3257 nicht, daß sie darüber sterben würde.
1198 3241 1269 3298 III.
694 3292 1823 3346 Arthur Schnitzlers „Fräulein Else“ ist 1924 erschienen. Am
645 3320 1811 3388 6. Februar 1926 brachte die Bukarester „Gimineaca“ folgende Notiz:
739 3378 1819 3444 „Direktor Dorsday verhaftet. Im Zusammenhang mit
687 3418 1810 3483 dem Selbstmord der Tänzerin E. H. wurde heute vormittag der
684 3476 1810 3526 Kabarettdirektor Dorsday (Drechsler) verhaftet. Nach Aussage
685 3522 1811 3572 der Kolleginnen hatte Direktor Dorsday sie gezwungen, nach Schluß
684 3563 1809 3609 der Vorstellung vor einzelnen bevorzugten Gästen nackt aufzutreten.
684 3606 1813 3652 Aus diesem Grunde kam es zwischen Fräulein H. und ihrem Ver¬
688 3647 1801 3707 lobten zu einem Streit, der schließlich zu ihrem Selbstmord führte.
1210 3693 1263 3755 IV.
696 3727 1822 3815 Drechsler, Fräulein Else, Drechsler hat er früher geheißen!
1912 79 3023 128 „Sie sind wohl nicht der Kurier des Zaren gewesen?“ meinte
1851 101 2783 170 ich; doch mein neuer Bekannter wurde plötzlich ernst:
1915 137 3022 213 „Ich war es. — Ich war zwölf Jahre alt, als ich zum ersten¬
1856 200 2985 255 mal den Roman von Jules Berne in die Hände bekam. Ich las
1856 234 3024 299 ich verschlang alle die wunderbaren Abenteuer, die Taten des
1857 284 3026 337 Helden — der meinen Namen trug. Und dies gab meinem Schick¬
1859 329 3025 383 sal die Richtung. Ich hatte nur noch den einen Gedanken, selbst
1856 379 3026 426 der Kurier des Zaren zu werden. Auch meine Schulkameraden
1855 417 3028 467 hatten das Buch gelesen; und sie behandelten mich, wie es dem
1855 461 3030 514 Helden einer solchen Geschichte zukommt. Wenn wir Kosaken
1864 504 3028 556 pielten, war ich immer der befehlshabende General und führte
1863 548 3030 604 meine kurzhosige Armee stets zum Sieg. Ich siegte auch über den
1854 585 3029 652 Widerstand meines Vaters, der aus mir durchaus einen Arzt
1855 629 2824 678 machen wollte. Ich wurde Kadett in der Junkerschule.
1908 668 3025 726 Dann kam der Krieg — und die Träume meiner Kindheit ver¬
1862 719 3025 772 wirklichten sich: ich bin eine lebendige Romanfigur, bin tatsächlich
1861 762 3024 809 der Kurier des Zaren geworden. Alle die Abenteuer, die ich im
1857 800 3027 857 Kriege und während der Wirren des Bürgerkrieges erlebte, teilte
1858 848 3024 894 ich mit vielen andern. Für mich behielten sie trotzdem eine be¬
1873 887 3030 955 ondere Bedeutung. Für die andern waren diese Erlebnisse,
1855 935 2984 992 Kämpfe, Gefahren, List und Gewalttat, Ueberfälle, Flucht, Sieg
1860 973 3032 1031 all dies war ihnen ein Ausnahmezustand, den meisten sogar ein
1859 1015 3029 1076 Unglück. Ich nahm dies alles hin als die Erfüllung
1865 1076 3031 1128 meiner ursprünglichen Bestimmung. Vieles davon
1853 1111 3026 1182 hat Jules Berne richtig vorausgeahnt und lebensecht
1861 1154 2124 1224 geschildert.
1931 1171 3033 1266 „Strogow!“ rief der Wirt, und der Kellner cilte in die Küche,
1868 1232 2000 1294 — —
1908 1243 3039 1331 Jules Berne war in vielen Dingen ein Prophet. Aber der
1856 1307 3004 1372 Amerikaner Goldstrom reiste in dreißig Tagen um die Erde —
1863 1367 3038 1413 und auch das eine konnte der Dichter nicht vorausahnen, was auch
1871 1407 3040 1456 chlecht in seinen heroischen Roman gepaßt hätte: Daß der Kurier
1863 1440 3049 1517 des Zaren seine Laufbahn als Kellner in einem kleinen sächsischen
1864 1493 2296 1564 Lokal beschließen würde.
2304 1545 2601 1626 Souvarine.
2077 1616 2830 1692 Zu Emile Zolas Roman „Germinal“.
2700 1671 3017 1759 Nachdruck verboten.]
2323 1726 2593 1805 Hans Jaoob.
1913 1769 3042 1858 Der eine Souvarine ist ein Kind der Dichterphantasie. Emile
1860 1843 2373 1913 Zola schreibt im „Germinal“:
1958 1861 3046 1943 „Souvarine war der jüngste Sohn einer adeligen Familie in
1895 1923 3051 1983 Tula. In Sankt=Petersburg, wo er Medizin studierte, hatte die
1904 1981 3042 2032 ozialistische Strömung, die damals die ganze russische Jugend
1908 2014 3042 2078 fortgerissen, ihn dazu bewogen, ein Handwerk, und zwar das eines
1902 2061 3051 2114 Mechanikers, zu erlernen, um sich unter das Volk zu mengen, es
1897 2112 3050 2166 kennenzulernen und ihm brüderlich beizustehen. Von diesem
1893 2157 3040 2208 Handwerk lebte er jetzt, nachdem er infolge eines vereitelten An¬
1906 2194 3051 2247 schlages auf das Leben des Kaisers geflohen war. Um diesen
1895 2239 3042 2291 Anschlag auszuführen, hatte er einen Monat hindurch im Keller
1903 2281 3048 2337 eines Obsthändlers gelebt, eine Mine quer unter der Straße an¬
1896 2323 3047 2383 gelegt. Bomben geladen, in der so. währenden Gefahr, samt dem
1904 2373 2424 2433 Hause in die Luft zu fliegen.“
1917 2414 3058 2467 Der andere Souvarine ist keine Phantasiegestalt — er ist vom
1864 2457 3047 2513 Weibe geboren. Boris Souvarine stammt aus Rußland.
1870 2503 3051 2561 Er floh vor der Gewaltherrschaft der Zaren, kam nach Frankreich,
1873 2555 3050 2605 wvo er „unter das Volk“ ging, mit ihm kämpfte und litt. Die
1864 2595 2813 2645 Pariser Kommunisten machten ihn zu ihrem Führer.
1918 2628 3054 2693 Zolas Souvarine war kein Kommunist. Er sprach in Rasseneus
1871 2680 2012 2748 Schenke:
1956 2705 3048 2780 „Euer Karl Marx ist noch so weit, daß er die natürlichen
1904 2770 3042 2827 Kräfte wirken lassen will. Keine Politik und keine Verschwörung,
1905 2819 3040 2866 wie? Alles ganz offen und bloß zum Zwecke der Lohn¬
1897 2865 3053 2909 erhöhungen? ... Laßt mich in Frieden mit euerer Revolution!
1900 2909 3057 2960 Zündet die Städte an allen vier Ecken an, mähet die Völker nieder,
1909 2944 3049 2991 rasieret alles weg, und wenn nichts mehr übrig sein wird von
1899 2988 3047 3036 dieser verfaulten Welt, dann wird vielleicht eine bessere er¬
1912 3035 2030 3090 stehen.“
1917 3079 3055 3134 Dieser Souvarine ist Anarchist. Anarchist im Sinne Ravachols.
1873 3122 3046 3187 Er lehnt Marx ab und alles, was Theoric ist. Seine= Religion ist
1943 3165 2623 3231 Propaganda der Tat — er ist Nihilist.
1869 3170 1927 3218 die
1917 3214 2498 3262 Und der lebende Sonvarine?
1927 3248 3047 3306 Er wurde 1921 von der Pariser Staatsanwaltschaft der Teilnahme
1868 3299 3047 3351 an anarchistischen Verschwörungen beschuldigt. Man konnte
1875 3342 3057 3396 ihm nichts nachweisen, und er mußte freigesprochen werden. Vor
1878 3382 3058 3432 einigen Monaten aber schloß ihn die Kommunistische Partei aus,
1873 3425 3058 3476 weil er gegen die Lehre von Karl Marx und auch gegen Moskau
1872 3472 2204 3537 sprach und schrieb.
1915 3508 3054 3572 Zola hat seinen Roman „Germinal“ im Jahre 1885 beendet.
1874 3608 3054 3664 Und heute stimmen seine politischen Anschauungen
1874 3646 3057 3699 und Handlungen mit denen des Romanhelden
1869 3689 3052 3746 überein. Ist das eine Wirkung des Romans . .. oder ist es das,
1870 3738 2796 3789 was man gemeinhin „Zufall“ zu nennen pflegt?
1954 3778 2967 3864 Verantworlischer Redatteun: Walter Zadel, Berlin,
