3296 4224
216 75 1396 133 hiesigen Gymnasium; Professor der lateinischen Sprache. Er ist ein
212 126 1396 178 kleines, gekrümmtes Männlein mit graumeliertem Spitzbart. Ich
220 176 1392 223 ging mit auf seine Wohnung, wo er mir seine Bibliothek zeigte;
224 209 1398 270 auf einem der Regale standen dicht gedrängt fast hundert Exemplare
215 263 729 308 von Heinrich Manns Roman.
280 287 1394 347 „Meine Schüler haben mir diese Bücher geschickt. Jährlich
223 338 1394 389 bekomme ich einige Exemplare mit Randbemerkungen und Unter¬
218 380 1394 436 streichungen. Jeder hat etwas neues, einige Sätze oder gar Seiten,
211 426 1392 476 gefunden, die für mich besonders charakteristisch sein sollen. Als ich
210 463 1393 520 das Buch zum ersten Male las, hat mich die Wut gepackt, und ich
218 520 1395 567 warf es in die Ecke. Am nächsten Tag ging ich nervös in die
223 551 1393 606 Schule; ich habe die Gesichter meiner Schüler prüfend gemustert,
221 606 1396 650 um den Täter zu entdecken. Natürlich konnte ich ihn nicht fassen.
212 638 1406 690 Eines abends, kurz nachher, rief jemand hinter mir: Unrat! Da
216 681 1405 734 habe ich beschlossen, mit meinem Direktor zu sprechen und das Buch
221 731 1396 779 in unserer Stadt verbieten zu lassen — doch habe ich mir das bald
215 769 1393 824 anders überlegt. Freilich hörte ich den Namen „Unrat“ an den
222 808 1393 870 Abenden immer häufiger hinter mir herrufen, manchmal erklang
224 859 1389 912 er sogar in der Klasse. Erbittert suchte ich nach den Tätern; als
223 901 1403 953 ich aber in einer schlaflosen Nacht das verhäßte Buch noch einmal
223 941 1400 1001 durchlas, entdeckte ich, daß die Aehnlichkeit zwischen
225 989 1394 1039 mir und dem Helden immer größer wurde. Und als
222 1026 1400 1080 ich in blinder Gereiztheit einen meiner Schüler strafen wollte, fiel
211 1069 1385 1129 mir Unrat ein, sein tyrannisches, rohes, verständnisloses Wesen —
224 1106 1402 1171 und ich hielt inne. Seit dieser Zeit ist das Buch zu meinem besseren
212 1159 1393 1222 Gewissen geworden, zu einem Spiegel, der mir meine Fehler er¬
210 1204 1378 1260 kennen läßt. Ich habe mich bemüht, diese Fehler abzustreifen ..
219 1251 984 1320 und das ist mir auch weitgehend gelungen.“
276 1296 1405 1348 Wir verabschiedeten uns. Und ich dachte bei mir: „Dieser Pro¬
220 1329 1394 1388 fessor Unrat ist doch ein guter Schüler: Ob nicht auch der „aller¬
218 1370 1404 1431 höchste Kriegsherr“ in Heinrich Manns „Kopf“ einiges gelernt
215 1416 1214 1482 hätte, wenn das Buch vor zehn Jahren erschienen wäre?“
648 1489 997 1583 Silbermann.
301 1577 1324 1645 Zu Jacques de Lacretelles gleichnamigem Roman.
1067 1634 1383 1706 [Nachdruck verboten.]
777 1628 855 1705 Von
675 1677 957 1772 Ernst Lorsy.
503 1765 1408 1824 Jacques de Lacretelles „Silbermann“ war
451 1815 1401 1858 einer der größten französischen Romanerfolge der Nach¬
450 1840 1401 1893 kriegsjahre. Trotz einer guten deutschen Uebersetzung
447 1891 1402 1934 ist das Buch in Deutschland über einen engen Kreis
449 1923 1403 1970 nicht hinausgedrungen. Die Geschichte der beiden Sil¬
453 1950 1398 2008 bermänner, die wir erzählen, ist aber viel zu merk¬
455 1986 1405 2048 würdig, als daß wir sie unterdrücken wollten. Hier ist
455 2027 1409 2088 eine Romanfigur unserer Zeit in einem Menschen
447 2075 1410 2122 unserer Zeit nicht nur lebendig geworden, sondern hat
456 2122 1404 2174 auch auf das Leben dieses Menschen einen tiefen Ein¬
455 2152 657 2226 fluß geübt!
277 2191 1406 2270 „Silbermann“ von Jacques de Lacretelle — aus dem Kreise
226 2246 1409 2303 der „Nouvelle Revue Française“ — spielt etwa in den Jahren 1894
227 2285 1414 2347 bis 1900 während der Dreyfus=Affäre und könnte als das
235 2340 1404 2387 lyrische Gegenstück zu Anatole Frances brei. „Histoire contem¬
236 2364 1417 2430 poraine“ bezeichnet werden. Das Problen. Franzose= Jnde ist
230 2416 1414 2470 meisterhaft auf die tragische Formel einer Kinderfreundschaft zu¬
224 2449 1403 2509 rückgeführt. Der Verfasser, ein Protestant, erzählt von seiner lei¬
238 2496 1405 2550 denschaftlichen, durch Auflehnung gestärkten, von Anfang an melan¬
225 2549 1408 2607 cholisch=trotzig gefärbten Anteilnahme an seinem Klassenkameraden
227 2578 1419 2632 Silbermann, von seinem tapferen Kampf um diese Freundschaft
229 2634 1416 2682 gegen eine Klasse von 15jährigen Jungen, gegen seine Eltern, gegen
240 2675 1412 2724 sich selbst. Silbermann liebt Frankreich, liebt die französische Lite¬
233 2706 1410 2772 ratur schon mit der Passion eines schöpferischen Kenners und er¬
228 2756 1415 2823 obert Lehrer und Schüler im Sturme durch die Art, wie er eine
227 2805 1047 2869 lange Tirade Racines vorliest und analysiert.
1240 2812 1423 2894 einmal
978 2817 1242 2906 Zündkontakt
294 2844 976 2907 Schicksalbedingte Fremdheit, durch
1239 2878 1416 2940 Vorschein,
1034 2890 1240 2944 zum
241 2876 1036 2952 glücklich überwunden, kommt wieder
982 2925 1415 2984 vergistet. Silber¬
855 2931 982 2990 Herzen
694 2928 787 2980 die
360 2930 654 2995 die „Affäre“
241 2934 299 2986 als
233 2963 1416 3027 manns Vater. — ein gebildeter Antiquitätenhändler, wird
240 3023 1414 3068 wegen Hehlerei in Untersuchung gezogen, und der Vater des jugendlichen
239 3065 1410 3114 Erzählers ist der Untersuchungsrichter! Der Erzähler fleht seinen Vater
244 3101 1417 3162 an, den Vater des Freundes, an dessen Schuld er nicht glauben kann,
236 3146 1414 3204 zu retten. Nun ist der Man wirklich unschuldig. Aber der Richter würde
244 3185 1414 3243 seiner Karriere schaden, wenn er die Untersuchung allzu schnell ab¬
239 3229 1419 3289 bräche. Der Knabe Silbermann, im Unglück gereift, ein Beobachter und
244 3282 1415 3342 skeptischer Philosoph, durchschaut die Lage und trennt sich mit einem
237 3321 1412 3378 wissenden Lächeln vom Freunde, der ihn, unter demütigenden Gewissens¬
244 3376 1356 3419 qualen — er ist ein schwerblütiger, protesiantischer Seelenprüfer
244 3411 1418 3462 schließlich doch an seine Familie verraten muß. Im Abschied von dem
243 3455 1415 3507 Freunde trennt sich Silbermann von seiner heißen und tragischen
250 3495 1425 3548 Liebe, trennt sich von Frankreich, das ihn als Fremden verstoßen hat.
239 3538 1420 3592 Er bläst den göttlichen Funken in sich aus, fährt nach Amerika zu
248 3580 1417 3648 seinen Verwandten; der Literat von seines Genies Gnaden wird
242 3623 857 3685 Antiquitätenhändler werden. ——
306 3665 1428 3724 Dieses Buch hai, 1000 Kilometer östlich von seinem Schauplatz
244 3719 1432 3765 und Entstehungsort Paris, in das Leben eines Menschen eingegriffen.
249 3749 1432 3808 Eines Tages ging ein Mann in Budapest an einem Buchladen
245 3796 1423 3849 vorbei und wurde wie magisch zurückgezogen von einer Bücher¬
309 3855 1430 3939 *) In der ungarischen Uebersetzung „Professor Rond“, der Spitz¬
238 3916 536 3987 name „Ronda“,
1535 185 1857 429 ∆
1762 808 2325 896 Die jalsche Mme. Bovary.
1449 854 2624 932 Sie lebt in der Provence in Pertui als Besitzerin eines kleinen
1462 918 2627 973 Gasthauses und hat mit dem — bekannten und längst verstorbenen
1474 971 1510 997 —
1507 956 2626 999 wirklichen Original Flauberts nicht das geringste zu tun.
1459 988 2633 1042 Nichtsdestoweniger verehrt sie manchmal einem berorzugten
1452 1034 2631 1079 Sommergast die Volksausgabe von des Dichters Romon mit der
1515 1076 2576 1125 originellen Widmung „Souvenir de Ame. Bovarg'.
1932 1107 2614 1171 (Zeichnung von Rudolf Schlichter)
1452 1236 2644 1293 und Treffkraft analysiert, auch seinen Lebenslauf und den
1455 1291 2632 1342 seines Vaters hatte er in allen wesentlichen Wendungen nachgezeich¬
1457 1332 2632 1374 net. Wie war das möglich? Der Budapester Antiquitätenhändler
1463 1361 2634 1417 var niemals in Paris gewesen. Wie also konnte dieser Französe
1457 1409 2634 1458 ihn erraten? So vollständig erraten — bis in die vergeffenen
1458 1454 2644 1517 Regungen seiner Pubertätsjahre, bis in seine Worte und Gesten
1449 1500 1585 1561 hinein?
1510 1530 2644 1592 Mit seiner aufwühlenden Entdeckung und seiner quälenden Frage
1455 1579 2632 1638 rannte der Antiquitätenhändler zur Zeilung, zum Uebersetzer. Man
1452 1630 2633 1682 suchte ihn zu beruhigen; sprach von ewiger, unvermeidlicher Wieder¬
1450 1668 2641 1721 kehr des gleichen Leidenszuges in Judenschicksalen aller Zeiten und
1448 1719 2642 1764 Länder. Silbermann sah das ein. Was er nicht einsehen und
1464 1757 2647 1814 nicht zugeben konnte, war, daß es sich bei solch erstäunlich minu¬
1462 1796 2640 1863 tiöser Uebereinstimmung einer Reihe von Einzelheiten noch
1464 1853 2647 1901 im Zufall handeln könne. Er konnte einfach nicht glauben, daß
1450 1886 2640 1944 der Franzose ihn, Silbermann, nicht irgendwann, irgendwo persön¬
1462 1928 2640 1985 lich gekannt habe: er hätte sonst sein Geheimnis nicht dechiffrieren
1457 1976 2643 2028 können. Niemals, niemals habe er irgendeinem Menschen davon
1464 2014 2648 2075 gesprochen, wie er zu der Mutter seines Freundes gestanden
1461 2069 2648 2117 habe . . . und dieser Franzose sagte es klipp und klar. Auch sein
1459 2101 2637 2162 Gesicht, seine Erscheinung seien in seiner Jugend genau so gewesen,
1460 2157 2634 2208 wie de Lacretelle sie beschreibe; mit alten Lichtbildern könne er es
1458 2186 2644 2248 beweisen. Auf dem Gymnasium habe er in genau derselben Haltung
1463 2236 2634 2297 gegen die kompakte Majorität seiner Mitschüler kämpfen müssen,
1464 2289 2639 2340 wie der Held des Romans. Er habe die ungarischen Klassiker be¬
1469 2330 2649 2381 geistert und überzeugend deklamiert und habe ungarischer Schrift¬
1465 2372 2655 2425 steller werden wollen. Und aus denselben Erwägungen, die den Roman¬
1465 2423 2644 2467 helden in seine resignierte Wahl treiben, sei auch er nicht Schrift¬
1472 2451 2640 2509 teller, sondern Antiquitätenhändler geworden. Daß er damals
1470 2496 2651 2553 richtig gewählt, daran habe er bisweilen gezweifelt, nun aber, da
1468 2547 2651 2598 er sich als Romanfigur erblickt und erkannt, da er seine Motive von
1465 2592 2647 2641 damals, und zwar alle der Reihe nach, durchschaut und zerlegt und
1467 2626 2649 2682 gebilligt gefunden habe, nun bezweifle er nicht mehr, daß es
1471 2670 2649 2731 so habe kommen müssen. De Lacretelle habe ihn mit sich selbst
1468 2716 2488 2767 versöhnt: er helfe ihm nunmehr, sein Schicksal zu tragen.
1525 2747 2649 2811 Nie wird Silbermann, Antiquitätenhändler in Budapest, an
1469 2800 2644 2858 Zufall glauben. Er glaubt an Wiedergeburt und Seelenverwandt¬
1469 2848 1571 2919 schaft.
1931 2886 2191 2983 Dorsday.
1593 2959 2526 3046 Zu Arthur Schnitziers Roman „Fräulein Eise“.
1536 3062 2647 3157 „Dorsday! Sie haben früher auch anders geheißen!“ — sagt
1474 3110 2054 3202 Fräulein Else, Schnitzlers Heldin.
1531 3200 2649 3293 Damals wußte sie noch nicht, daß sie Geld von ihm brauchte,
1480 3271 2651 3333 daß sie für ihn Monna Vanna spielen sollte — damals wußte sie
1482 3315 2200 3371 noch nicht, daß sie darüber sterben würde.
1538 3413 2648 3463 Arthur Schnitzlers „Fräulein Else“ ist 1924 erschienen. Am
1472 3442 2655 3511 6. Februar 1926 brachte die Bukarester „Gimineaca“ folgende Notiz:
1571 3501 2645 3562 „Direktor Dorsday verhaftet. Im Zusammenhang mit
1513 3548 2641 3601 dem Selbstmord der Tänzerin E. H. wurde heute vormittag der
1519 3602 2659 3646 Kabarettdirektor Dorsday (Drechsler) verhaftet. Nach Aussage
1515 3639 2657 3694 der Kolleginnen hatte Direktor Dorsday sie gezwungen, nach Schluß
1521 3689 2640 3736 der Vorstellung vor einzelnen bevorzugten Gästen nackt aufzutreten.
1519 3727 2645 3774 Aus diesem Grunde kam es zwischen Fräulein H. und ihrem Ver¬
1525 3769 2640 3829 lobten zu einem Streit, der schließlich zu ihrem Selbstmord führte.“
2027 3811 2100 3877 IV.
1525 3848 2650 3937 Drechsler, Fräulein Else, Drechsler hat er früher geheißen!
2672 50 3151 119 Erzahler unserer Kunders
2677 95 3133 152 den Erdball umkreisen lief
2673 148 3169 203 heroischen Gardeoffizier, den
2739 187 3162 242 „Sie sind wohl nicht die
2680 233 3192 289 ich; doch mein neuer Bekannt
2729 270 3193 331 „Ich war es. — Ich war
2680 318 3153 370 mal den Roman von Jules
2678 361 3154 418 ich verschlang alle die i
2680 404 3133 453 Helden — der meinen Na
2680 439 3143 504 sal die Richtung. Ich hatt
2678 489 3149 548 der Kurier de Zaren zu
2687 532 3130 585 hatten das Buch gelesen;
2684 573 3152 630 Helden einer solchen Gest
2689 612 3147 676 pielten, war ich immer
2688 661 3167 721 meine kurzhosige Armee stet
2678 705 3151 764 Widerstand meines Vater
2684 748 3168 810 machen wollte. Ich wurde
2734 796 3138 851 Dann kam der Krieg¬
2687 830 3166 883 wirklichten sich: ich bin ein
2689 875 3184 935 der Kurier des Zaren gewo
2685 919 3185 972 Kriege und während der W
2686 964 3201 1014 ich mit vielen andern. Für
2684 1005 3164 1069 sondere Bedeutung. Für
2682 1057 3180 1115 Kämpfe, Gefahren, List und
2693 1098 3201 1158 all dies war ihnen ein Aus
2690 1137 3201 1195 Unglück. Ich nahm dies
2679 1183 3207 1245 meiner ursprünglich
2683 1224 3199 1298 hat Jules Berne richtig vo
2692 1272 2960 1343 geschildert.
2713 1294 3106 1379 : „Strogow!“ rief der
2756 1361 2890 1408 e
2737 1359 3214 1448 Jules Berne war in bi
2687 1424 3205 1489 Amerikaner Goldstrom reiste
2690 1480 3195 1526 und auch das eine konnte der
2691 1520 3180 1576 schlecht in seinen hervischen
2697 1562 3210 1616 des Zaren seine Laufbahn al
2696 1605 3135 1684 Lokal beschließen würde.
2898 1736 3217 1820 Zn Emile Zola
3148 1846 3210 1907 Ha
2751 1900 3196 1978 Der eine Souvarine ist
2700 1956 3207 2027 Zola schreibt im „Germinal“:
2791 1999 3224 2063 „Sonvarine war der jüc
2734 2044 3216 2109 Tula. In Sankt=Petersbur
2728 2093 3215 2152 sozialistische Strömung, die
2736 2136 3217 2190 fortgerissen, ihn dazu bewog
2737 2181 3201 2239 Mechanikers, zu erlernen,
2736 2223 3178 2284 kennenzulernen und ihm
2732 2262 3222 2323 Handwerk lebte er jetzt, nach
2738 2316 3207 2373 schlages auf das Leben de¬
2735 2352 3237 2408 Anschlag auszuführen, hatt#
2740 2398 3191 2457 eines Obsthändlers gelebt,
2742 2452 3201 2495 gelegt, Bomben geladen, in
2733 2482 3238 2552 Hause in die Luft zu fliegen
2753 2532 3194 2590 Der andere Souvarine
2697 2572 3208 2638 Weibe geboren. Boris S
2699 2614 3218 2687 Er floh vor der Gewaltherrf
2691 2668 3220 2723 wo er „unter das Volk“ gin
2692 2712 3209 2761 Pariser Kommunisten machten
2755 2757 3210 2811 Zolas Souvarine war kein
2796 2827 3193 2899 „Euer Karl Marx ist
2736 2872 3179 2940 Kräfte wirken lassen will.
2729 2930 3193 2988 wie? Alles ganz offen
2739 2972 3232 3031 erhöhungen? ... Laßt mt
2729 3012 3206 3077 Zündet die Städte an allen
2746 3062 3223 3111 rasieret alles weg, und wel
2739 3104 3166 3163 dieser verfaulten Welt,
2741 3150 2870 3209 stehen.“
2759 3186 3216 3250 Dieser Sonvarine ist Ana
2703 3235 3223 3304 Er lehnt Marx ab und alles
2775 3278 3206 3339 Propaganda der Tat —
2697 3287 2752 3342 die
2755 3321 3222 3373 Und der lebende Son##
2764 3361 3217 3423 Er wurde 1921 von der Pa
2707 3407 3214 3471 an anarchistischen Der
2705 3458 3188 3520 ihm nichts nachweisen, und
2706 3500 3216 3557 einigen Monaten aber schloß
2710 3541 3219 3603 weil er gegen die Lehre vor
2706 3583 3031 3650 sprach und schrieb.
2755 3627 3207 3698 Zola hat seinen Roman
2706 3673 3224 3736 Boris Souvarine war dama
2700 3721 3208 3769 Und heute stimmen sei
2706 3761 3223 3823 und Handlungen mi
2709 3806 3217 3858 überein. Ist das eine Wir
2711 3847 3216 3909 was man gemeinhin „Zufa
2789 3892 3221 3986 Verantwortlscher Redal
