3296 4224
151 152 1016 222 31. Fraeulein Else
771 548 1230 641 Gtete
720 538 786 687 —
515 1040 1115 1153 Freken Else
436 1179 1200 1252 Arthur Schnitzler: Froken Else. Oversat
513 1234 1156 1298 af Bodil Bech. (Jespersen & Pio.)
501 1287 1193 1343 Saa vidt vi ved, tilhorer Freken
434 1344 1193 1411 Eise Schnitzlers senere Forfatterskab
445 1390 1193 1471 — han er nu en aldre Mand, for langst
442 1455 1204 1534 ude over den Alder, hvor Skribenter
440 1515 1193 1581 vanligt evner at forny sig. Dobbelt
447 1566 1192 1638 forbavsende er det derfor at se, at han
449 1621 1195 1710 i sin hoje Alder har kunnet frembringe
455 1683 1190 1761 et Vark, der er et meget talentfuldt
439 1741 1194 1815 Udtryk for en af de sidste Moderet¬
646 2802 1012 2876 Arthur Schnitsler.
443 2852 1197 2949 ninger i den ny evropeiske Fortelle¬
448 2931 1008 3012 kunst: Den indre Monolog.
491 2994 1197 3070 Af alle de Arbejder af denne Art,
452 3046 1205 3133 wi har haft Lejlighed til at stifte
440 3103 1191 3184 Bekendtskab med, er Schnitzlers Fre¬
441 3165 1194 3234 den Else et af de mest overlegent
445 3230 1190 3306 gjorte. Saa overlegent, at Gladen
447 3283 1191 3355 under Liesningen fortrinsvis bliver al
440 3341 1193 3417 intellektuel Art: man gribes ikke neer
435 3414 1192 3476 saa meget umiddelbart af det, der fore¬
539 3565 1128 3678 TYSK POESI
581 3670 1093 3762 gennem Tusinde
764 3748 895 3832 Aar
574 3893 1094 3988 Udgivet af Professor, Dr. phil.
720 3956 934 4013 Carl Roos
1177 141 1525 238 box 5/5
1462 352 1693 456 O
1223 994 1996 1095 gaar, som man nyder at felge Digteren!
1219 1072 1977 1156 paa hans Opdagelsesreise i et ungt Pi¬
1221 1134 1364 1207 gesind.
1272 1183 1979 1274 Selve Grundlaget for denne psyko¬
1221 1249 1981 1330 logiske Opdagelsesreise er ikke sterlig
1218 1307 1970 1376 solidt. Erligt talt er de tre Hovedbe¬
1222 1369 1979 1439 givenheder alle sardeles omtvistelige:
1231 1426 1982 1504 Moderens Ben til Datteren om at faa
1226 1475 1973 1559 den rige Kunsthandler til at forstrek¬
1226 1542 1981 1617 ke Faderen med de 30,000 Gylden,
1222 1595 1983 1664 hvoraf dennes hele Position er af¬
1233 1660 1982 1730 angig — Kunsthandlerens Forlan¬
1231 1716 1981 1786 gende; til Gengald at faa Lov
1225 1777 1992 1843 til at betragte Else et Kvarter 1
1233 1838 1977 1906 hendes Nogenhed — Elses desperate
1226 1888 1980 1957 endelige Valg: at vise sig negen ikke
1223 1948 1989 2026 blot for ham, men for alle dem, der den
1215 2001 1969 2080 Aften er til Stede i Hall’en. Det sma¬
1216 2060 1982 2136 ger altsammen af Wiener-Sensation,
1229 2122 1974 2208 og naar ikke til at skabe dette
1223 2190 1976 2261 Fundament af spontant menneskelig
1230 2240 1980 2307 Ifteresse, som findes i den store Ro¬
1218 2305 1431 2378 mankunst.
1281 2353 1980 2434 Men har man akcepteret Forudsat¬
1224 2409 1980 2491 ningerne, er der Grund til st aner¬
1226 2465 1973 2548 kende den sjeldne intuitive Sans, hvor¬
1217 2532 1975 2608 med Digteren har eftersporet alle op¬
1232 2596 1983 2650 Jukkende Forestillinger, Felelser, Fan¬
1228 2642 1981 2708 tasier i Elses Indre. Man har virke¬
1227 2699 1984 2785 lig det Indtryk (som naturligvis er en
1226 2763 1983 2826 Illusion), at man felger hendes Tanker
1223 2830 1973 2901 fra Sekund til Sekund, at overhovedet
1231 2883 1975 2962 ikke en Skyggelaf en Forestilling strej¬
1224 2938 1981 3009 fer hendes Bevidsthed, som man ikke
1225 3002 1610 3069 bliver bekendt med.
1279 3052 1979 3137 Det er et forskrekkeligt Virvar,
1230 3127 1970 3184 men det intellektuelle Behag beror paa,
1232 3184 1967 3249 at man erkender en vis Nedvendighed,
1229 3231 1967 3303 en vis Folgestrenghed i denne ustand¬
1232 3285 1976 3351 selig opdukkende Strom af Tanke¬
1226 3352 1976 3423 bobler; dette viser ikke blot en psyko¬
1225 3414 1974 3469 logisk fantasifuld Forfatter, men Trem¬
1234 3469 1975 3535 for alt en skarpsindig mandlig Aand,
1226 3520 1979 3583 der overlegent holder hele det indfil¬
1228 3585 1981 3640 trede Traadenet i sin Haand, og ikke
1235 3633 1980 3714 ader en eneste Traad slippe les, forend
1231 3690 1971 3766 dens rette, dens eneste halve eller hele
1233 3760 1974 3824 Sekund er inde. En mandlig Forfat¬
1232 3809 1983 3880 ter er her dykket dybt ned i et kaotisk
1230 3876 1987 3942 Ungpigegemyt — men han behersker
1233 3918 1980 4004 det, han giver sig ikke blot et Ojeblik
1782 3980 1943 4052 Chr. R.
1224 3981 1613 4060 Lovlesheden i Vold.
2000 3067 2047 3119 ve
2001 3267 2058 3325 ta
2006 3315 2050 3376 911
2008 3412 2059 3455 O1
2004 3451 2049 3507 R
2008 3510 2059 3559 se1
2010 3554 2051 3619 1
2008 3615 2051 3669 e
2004 3714 2047 3761 90
2058 1228 2926 1326 Breslauer Neueste Nachrichten
2290 1361 2644 1471 3 0 Jan. 4096
2338 1450 2462 1493 Migen.
2174 1447 3128 1531 DostoiewskieAbend. Billi Buschhoff, der ##den
2119 1522 3141 1569 etzten Fahren der Ada Gorter dem Breslauer Schauspiel
2107 1560 3118 1606 angehörte, las für die Mitglieder der „Volksbühng¬
2106 1589 3121 1645 Dostojechskis Novelle „Die Sanfte.“ Aber Dostojewzkis
2117 1631 3117 1686 Geschichts von der Erschütterung eines Unzulänglichen,
2113 1673 3126 1718 von der Erkenntnis eines Vernagelten, von der Zerrüt¬
2113 1710 3123 1764 tung eines Mittelmäßigen, des großen ungeheuerlich
2108 1749 3122 1794 großen Schilderers Geschichte wurde von Herrn Buschhoff
2114 1785 3119 1832 nach Wien verpflaut. Er tat, als läse er Schnitzlers
2110 1823 3122 1867 Mernologe, den „Leutnant Guste“ oder „Fräulein Else“.
2102 1856 3116 1905 Dpstojewskis Werk ist aber keine „psychologische“ Skisze
2109 1897 3119 1944 „Fräulein Else“, wenn sie ihre Mernologe rebet, weiß, daß
2114 1935 3117 1981 sis sich beobachtet (in wollte es Schnitzker!). Sie spielt sich
2109 1975 3119 2019 selpst immerzu ein bißchen Komödie vor. Der Mann
2113 2002 3126 2058 der seine Frau in den Tod gehetzt hat, weiß aber an
2108 2046 3131 2096 ihrem Sarge nicht, daß er Monologe redet. Sondern er
2105 2082 3132 2139 redet zwangsläufig, er will irgend etwas ändern, irgend
2115 2121 3128 2172 etwas in sich klären — und denkt einfach laut. Herr
2112 2162 3121 2209 Buschoff zog Register (wie auf der Bühne), bald de
2106 2198 3137 2247 Intriganten, bald den Gramzerwühlten, den Othello, den
2107 2236 3134 2292 Moissi, den (schwachen) Oswald Alving, immer konnte
2114 2272 3122 2326 man Rollen oder Vorbilder erkennen. Herr Buschhoff
2104 2311 3126 2375 spielt Komödie, anstatt zu erzählen. Abgesehen davon sei
2110 2353 3124 2411 anerkannt, daß der Vortragende die Novelle frei
3034 2387 3161 2465 4
2106 2399 2261 2460 Lortrug.
