3248 4224
104 2467 147 2510 Wei
284 92 678 169 Fraeulei!
288 134 530 207 4 2 S — —
754 105 857 196 E1
1235 90 1445 185 & 5/1
816 1049 2244 1122 gehetzter Anwalt, bewirbt sich auf Veranlassung des Reichskanzlers, der in den
820 1104 2247 1175 einzelnen Parteien seine Freunde sitzen haben will, um ein Reichstagsmandat
820 1157 2236 1205 und spricht als frei-konservativer Abgeordneter bald über den „wesenlosen,
827 1204 2220 1267 verwirrenden und schwächenden Begriff der Freiheit, der politischen Freiheit
827 1264 2240 1321 und von der „Unvermeidbarkeit des kommenden Krieges, der das herrlichste
819 1300 2247 1354 Erlebnis unseres Volkes werden muss . Der Krieg! Graf Lannas betont immer:
827 1351 2246 1404 „Das Kaiserreich ist der Friede“, und hört sich selbstgefällig den „Staatsmann
820 1405 2197 1463 der Zivilisation“ nennen. Er gebärdet sich bürgerlich, nicht militaristisch
818 1456 2248 1510 die Flotte freilich muss ausgebaut werden, und im Reichstag rechnet er, großer
817 1500 2247 1555 Staatsmannn, mit England ab, mit englischer Hinterlist, die Deutschland in ein
824 1545 2238 1600 Bündnis locken will. Ein Skeptiker, der zäh um die Macht kämpft und sich für
820 1595 2248 1647 besonders schlau und gewandt hält, sieht er über das Land völlig klar: Erfolg
821 1644 2238 1702 ist die Losung, und wo man nicht dabei ist, ist es schon ein Misserfolg. Will
828 1694 2235 1761 er sich an der Macht halten, muss er Erfolge suchen, obwohl er die Konse¬
827 1738 2239 1796 quenzen voraussieht und fürchtet. Man fordert heraus und schreckt vor dem
822 1792 2246 1852 Ernstfall zurück: das ist das System Lannas. Unterstaatssekretär Mangolf darf
823 1840 2236 1899 sagen: „Unsere Politik? Keine Ahnung. Ihr Kurs wird immer planloser, je
821 1888 2239 1948 näher man steht. Ihr Geheimnis ist aber, dass sie kein Ziel hat. Wer dies heraus
822 1939 2240 1991 hat, den befördert mein Chef. Ein Ziel jedoch gibt es: jeder will sich an der
822 1988 2245 2049 Macht halten und immer mächtiger werden. Mangolf, lebensfroh sich gebend,
820 2038 2246 2096 aber innerlich von Machtrausch zerwühlt, ausgehöhlt von Ehrgeiz, scheuen
826 2090 2241 2146 Hass in den Augen, intrigiert, um Staatssekretär zu werden: welche ertötenden
823 2135 2245 2207 Berechnungen, Schmeicheleien, Hinterlisten! Er wird hinaufkriechen, wenn
829 2196 2235 2248 er sich nicht hinaufkämpfen kann. Und Terra? Terra, der einst dem Kriegs¬
828 2235 2247 2304 industriellen Knack zugerufen hat: „Sie verkaufen Ihre menschenfreundlichen
818 2284 2232 2339 Erzeugnisse mit gleicher Bereitwilligkeit an fremde Diplomate wie an inlän¬
828 2331 2240 2393 dische Generäle“, wird Syndikus der Unternehmungen Knacks und Leiter
822 2393 2239 2450 seines Spionage- und Bestechungsbureaus. „Das ist das Ende meiner Geistes¬
823 2430 2247 2491 kämpfe“, sagt er mit großem dramatischen Akzent, und „wir sind, was wir
819 2482 2212 2541 übrigens mit ihr vorhaben, Nutznießer der bestehenden Gesellschaftsordnung
824 2528 2240 2589 Diese Gesellschaftsordnung ist die militaristisch-schwerindustrielle, jene Ord¬
823 2585 2201 2637 nung, welche die Kinder- und Frauenarbeit nicht eingeschränkt wissen will
825 2626 2242 2702 aus Achtung vor der Selbstbestimmung des Menschen, welche die Ablehnung
824 2685 2218 2740 einer Militärvorlage im Reichstag ein „Versagen des nationalen Gewissens
828 2723 2245 2784 nennt und welcher der alldeutsche Verband den neuen deutschen Geist re¬
826 2769 2245 2842 präsentiert. Graf Lannas, herausfordernd und vor dem Ernstfall zurück¬
825 2828 2251 2886 schreckend, sieht, ohnmächtig und skeptisch, die Kriegsindustrie die Herrm
831 2875 2246 2924 des Staates werden. „Es ist eine junge Schichte“, sagt er zum Abgeordneten
838 2922 2247 2975 Terra. „Von unserer Skepsis hat sie noch nichts. Sie glaubt unbedingt an ihr
822 2965 2245 3023 Geld, — während wir schon nicht mehr ganz an unsere Macht glauben. Erweiß,
825 3022 2248 3080 übrigens nicht sonderlich berührt davon, dass der Feudalismus bald stürzen
830 3068 2245 3134 wird; aber was dann kommt, wird noch viel schrecklicher sein. (Was er vor¬
834 3118 2250 3171 aussagt, den „Industrie-Absolutismus, Demokratie genannt“, hat Heinrich
825 3166 2243 3221 Mann in der kürzlich veröffentlichten Groteske Kobes zum expressionistischen
821 3216 2249 3273 Bilde gezwungen. Er gibt dari, stark zusammengedrängt, den Mythos von den
826 3264 2251 3326 überlebensgroßen Wirtschaftshyänen, deren Wahl- und Wahrspruch lautet:
2151 3342 2252 3419 769
