3248 4384
332 140 454 222 31.
1348 131 1698 228 box 5/4
520 139 1176 213 Fraeulein Else
515 1090 1293 1257 Badgastem
540 1338 943 1431 Heilkräftigste
540 1402 1315 1522 Radiumtherme der Welt!
775 1514 1328 1602 Verlangen Sie Prospekte
788 1574 1320 1657 von der Kurkommission!
793 1738 1281 1882 „OBSERVER
801 1855 1338 1935 Erstes österreichisches be¬
793 1913 1344 1981 hördlich konzessioniertes
809 1975 1107 2038 Unternehmen
799 2011 1345 2096 für Zeitungsausschnitte
584 2087 824 2164 WIEN, I.,
579 2129 1356 2228 Wollzeile 11 4 Telephon R 23-0-43
578 2286 911 2363 Ausschnift aus
1297 2292 1484 2417 a. Wien
1028 2403 1256 2516 ADEZ.
582 2451 709 2502 vom
863 2575 1392 2666 „Fräulein Else“
801 2653 1487 2740 Theater in der Josefstadt
606 2718 1687 2784 Eine peinliche Affäre, diese Geschichte vom Fräulein Else,
564 2760 1686 2820 das sich dem Alterstrieb eines reichen Mannes opfert, um
572 2813 1694 2864 den Vater vor Gefängnis und Schande zu bewahren! Artur
572 2854 1682 2908 Schnitzler, der sie in seiner Novelle als einen einzigen,
572 2902 1685 2955 langatmigen Monolog des jungen Mädchens konstruiert hat,
577 2944 1686 2992 läßt die Begebenheiten aus der Sphäre und den Lebens¬
571 2988 1692 3049 anschauungen einer bestimmten Wiener Gesellschaftsschichte
573 3031 1691 3087 herauswachsen, deren Dichter er ja war und in der allein
584 3076 1683 3128 ie vielleicht möglich sind. Die Erzählung enthält zweifellos
576 3119 1687 3174 dramatische Akzente und das mag Ernst Lothar zur Bühnen¬
571 3156 1689 3208 bearbeitung bewogen haben. Ein rundes Drama ist nicht
575 3201 1705 3259 daraus geworden, nur die fast episch anmutende Aneinander¬
1722 1386 2851 1464 reihung bewegter Bilder, aus denen die Gestalten allerdings
1725 1451 2857 1493 in verschärften Umrissen hervortreten. Die Atmosphäre, in
1725 1492 2855 1546 der sie atmen, ist gleichwohl schlecht und stickig und Elses
1717 1532 2853 1592 Fall, „nackt“ ins grelle Bühnenlicht gerückt, bleibt schmierig
1725 1580 2848 1624 und schmutzig. Die geistige Haltung des novellistischen Ori¬
1728 1617 2843 1678 ginals wie die der Bühnenfassung mitsamt ihrer rücksichts¬
1726 1666 2850 1714 los entblößenden Psychologie sind uns im Innersten wesens¬
1724 1704 2851 1756 fremd, Erzählung und Stück typische Beispiele jener Kunst,
1723 1751 2555 1799 die wir entschieden ablehnen und bekämpfen.
1761 1789 2842 1856 Die Aufführung als solche und ihre Inszenierung durch
1725 1842 2853 1898 Hans Thimig ist rühmenswert. Daß etwas viel mit Briefen
1717 1889 2841 1941 hantiert und allzuviel telephoniert wird, darf wohl als
1724 1932 2852 1976 nicht völlig verarbeiteter Rückstand aus dem ursprünglichen
1717 1968 2848 2021 Monolog angesehen werden. Rose Stradner verleiht ihrer
1718 2014 2847 2064 Else einen Zug naiver Kindlichkeit, der durchaus sympathisch
1718 2062 2843 2122 und erfreulich wirkt, zumal auch der Gestalt die schwüle
1722 2098 2853 2143 Erotik der Novelle fern gehalten wird: ihre Liebe zum
1730 2139 2849 2198 ugendlichen Vetter Paul ist rein und natürlich. Auffassung
1719 2186 2849 2234 und Darstellung weisen ein paar große Momente auf, so im
1718 2228 2847 2280 eindrucksvollen stummen Spiel, in der nachtwandlerischen, wie
1724 2265 2843 2325 im Traum befangenen Haltung der letzten Szenen und ganz
1720 2310 2851 2369 besonders in der immer schwerer sich entringenden Sprache
1718 2352 2841 2398 des langsamen Sterbens. Kaspar Brandhofer, der den Gegen¬
1720 2392 2845 2439 spieler Dorsday gab, ist tatsächlich eine schauspielerische Ent¬
1719 2439 2848 2484 deckung; eine starke Begabung, etwas rauh, wohl noch nicht
1724 2483 2845 2545 völlig frei und gelöst, aber voll urwüchsiger Kraft und
1714 2519 2613 2571 Eigenart im Ausdruck der Mine und Gesten.
1767 2560 2845 2616 Die bedeutendste darstellerische Leistung verdankt der Abend
1713 2615 2846 2667 wieder einmal Albert Bassermann. Er hat die Figur von
1719 2647 2849 2699 Elses Vater, die durch Ernst Lothar erst ins Spiel ein¬
1716 2692 2837 2750 geführt wurde, den unwahrscheinlich unvorsichtigen Rechts¬
1722 2744 2841 2793 anwalt, der aus reinem Altruis.us sich blind ins Verderben
1730 2774 2846 2827 türzt, glaubhaft gemacht und zu einem erschütternden Bild
1724 2827 2843 2876 nenschlicher Güte gestaltet. Die Szene, in der das alternde
1718 2860 2837 2915 Elternpaar beim Abendtisch auf den entscheidenden Anruf
1716 2905 2837 2956 der Tochter wartet, wird durch Bassermanns grandioses Spiel
1721 2954 2843 3003 zum Drama im Drama. Genannt werden müssen noch
1721 2993 2842 3043 Adrienne Geßner, eine noble Cissy Mohr, Erik Frey als ihr
1720 3043 2842 3092 junger Freund Paul und Else Bassermann, eine köstlich be¬
1725 3074 2711 3130 chränkte und ergötzlich geschwätzige Tante Emma.
2711 3088 2758 3124 81
1720 3115 2838 3175 Publikum des Josefstädter Theaters, das auch das Lesepubli¬
1722 3164 2844 3218 kum Schnitzlers ist, klatschte Stück und Darstellung begeistert
1709 3200 1876 3265 Beifall:
2677 3210 2805 3271 E. H.
