3296 4256
389 103 1538 150 seinen Stil, ob er den einfachen, schwerfälligen Sibiriak spielt
379 145 1541 188 oder den aufgerüttelten betrunkenen Revolutionär mit tier¬
385 174 1537 223 haften Instinkten. Bis er wieder, bezwungen durch Tatjanas
390 218 1531 264 Edelmut, der alte treuergebene Pawel ward, der für sein „Mül¬
381 249 1536 297 terchen“ sein Leben läßt. Sehr sympathisch und ausdrucksreich
386 293 1545 338 ist Barbara Bedford als Tatjana, spielgewandt: Ricardo
385 325 1544 373 Cortez als Dimitri. Ein Vorprogramm mit sehr gutem Kul¬
378 364 1537 410 turfilm der Usa und einer lustigen amerikanischen Lausbuben¬
385 406 544 462 Groteske.
749 468 1175 530 Gefangene des Meeres.
791 513 1129 585 Marmorhaus.
461 564 1547 623 Ein deutsch=russischer Gemeinschaftsfilm, mit russischen Schau¬
1103 612 1547 670 Im übrigen aber eine
380 659 1548 702 Geschäfts= und Familienangelegenheit der Sowjets, die sich im
383 687 1551 740 großen und ganzen im Niveau unserer Unterhaltungsfilme be¬
391 730 1550 778 wegt und auf die Begeisterung für russische Filme spekuliert.
390 769 1540 815 Ein sehr unbeholfenes Manuskript, das Gelegenheiten gibt, edle
393 807 1540 851 Sowjetpatrioten von allen Seiten zu beleuchten, das die russische
380 844 1551 892 Kriegsmarine in ihrem harmlos schönen Dasein in Sewastopol
385 886 1547 934 zeigt, Spione, Verräter und geliebte Mädchen durcheinander
397 926 1550 967 nischt. Kurzum, eine recht gewöhnliche Affäre, die auf russische
384 956 1546 1000 Staatspropaganda hinausläuft im Gewande eines Kriminal¬
392 1000 1550 1043 stückes. Viele von denen, die sich gewohnheitsmäßig für solche
382 1034 1552 1082 russische Einfuhr begeistern, würden sehr erböst sein, wenn man
383 1069 1551 1116 eine ähnliche Propaganda für die deutsche Marine unternähme.
385 1107 1538 1156 Das beste an dem Film ist das diskrete und wenig gestellte
1467 1145 1512 1193 K.
391 1148 806 1215 Spiel der Schauspieler.
763 1198 1185 1280 Der lebende Leichnam.
575 1253 1363 1329 Ufa=Pavillon Nollendorfplatz.
472 1307 1564 1366 Der deutsch=russische Gemeinschaftsfilm „Der lebende Leich¬
392 1363 1551 1411 nam“ nach dem gleichnämigen Drama von Leo Tolstoi ist in das
389 1390 1557 1449 Repertoire der Ufa=Lichtspielhäuser ausgenommen und läuft
393 1439 1553 1485 augenblicklich im Ufa=Pavillon am Nollendorfplatz. Wie be¬
396 1474 1552 1520 kant, spielen Pudowkin (Fedja) und Maria Jacobini
386 1501 1555 1558 (Lisa) die Hauptrollen. Ozep führt Regie. Auch hier fand der
392 1547 1554 1610 Film, wie bei seiner Uraufführung im Capitol, sehr freundliche
393 1591 592 1653 Aufnahme.
711 1642 1236 1726 Durch das schöne Westfalen.
796 1707 1168 1769 Admiralskino.
475 1740 1559 1818 Ein ausgezeichneter Werbefilm des Westfälischen Ver¬
1366 1800 1553 1851 sehr guten
1287 1802 1360 1852 In
399 1788 1242 1849 kehrsverbandes e. V., Sitz Dortmund
391 1838 1549 1882 Bildern ersteht das Land der roten Erde und beweist dem Nicht¬
1505 1876 1551 1928 ist
399 1879 1500 1930 kenner, daß gerade Westfalen reich an landschaftlichen Reizen
398 1923 1566 1968 daß es sich lohnt, seine Ferien dort zu verbringen. Da ist der
403 1956 1553 2009 prächtige Teutoburger Wald, das liebliche Weserbergland, da ist
397 2004 1562 2043 das an Naturschönheiten reiche Sauerland, das fruchtbare Mün¬
403 2028 1564 2082 sterland, da ist das Industriegebiet, zu Unrecht als rauchig und
393 2071 1553 2118 russig verschrien. Wer Westfalen wirklich kennt, der liebt diese
395 2102 1562 2157 Provinz, die im Vergleich zu ihrer bevorzugten Nachbarin, der
407 2148 1562 2195 Rheinprovinz von Touristen und Feriengästen stiefmütterlich
397 2182 1560 2235 behandelt wird, wie Herr Oberbürgermeiste Eichhoff=Dort¬
1229 2220 1561 2280 Die Schönheiten
400 2225 1184 2271 mund in seiner Begrüßungsansprache beto
408 2261 1557 2312 einer Heimatprovinz schildert Herr Wagenfeld. Prächtige
402 2300 1565 2349 alte Städte finden wir in Westfalen: Münster mit Prinzipal¬
410 2337 1572 2389 markt und Dom, Dortmund mit dem ältesten Rathaus, das auf¬
403 2370 1564 2422 strebende Bochum, Bielefeld, die Stadt des guten Leinen, mit
401 2406 1569 2461 dem Leineweberdenkmal, Briol=Soest, Paderborn mit Dom.
402 2447 1561 2500 Dasteben die Kleinstädte mit ihren heimeligen Straßen und
411 2496 1567 2542 Plätzen, wohlhabende Dörfer, altertümliche, verträumte Wasser¬
410 2527 1575 2586 burgen, trutzige Burgen auf Bergeshöhen, landschaftlich schön
403 2555 1562 2625 gelegene Badeorte: Oennhausen, Salzuflen, Rothenfelde. Warum
416 2598 1562 2653 also in die Ferne schweifen und das Geld ins Ausland tragen?
409 2639 1564 2696 Schon vom volkswirtschaftlichen Standpunkte ist es bedauerlich,
409 2685 1565 2732 daß jä tlich beträchtliche Summen dem Auslande zugeführt wer¬
551 2714 1575 2774 mmen, die in unserer gegenwärtigen Notlage dem
417 2735 493 2779 den,
412 2759 1568 2804 Vate unde erhalten bleiben sollten. Leonhard Heinrich und
410 2800 1576 2847 Soner haben den Film stimmungsvoll musikalisch illustriert,
408 2828 1569 2887 Leitmotiv: „Land zwischen Rhein= und Weserstrand, o grüß dich
421 2878 797 2944 Hott, Westfalenland“.
689 2944 1292 3004 Deutsch=russische Alai=Expedition.
722 3008 1277 3067 Kunstgewerbemuseum.
497 3054 1577 3133 In der Gesellschaft für Erdkunde hielt Herr W.
422 3099 1573 3153 ichmer Rickmers=Bremen, einen Vortrag über die
424 3127 1576 3197 Zeutsch=russische Alai (Pamir) Expediton 1928. Sie bestand
418 3175 1581 3230 aus 11 deutschen und 11 russischen Teilnehmern, unternommen
427 3214 1579 3271 zum Zwecke. das wenig bekannte Hochland von Pamir mit sei¬
423 3249 1576 3312 nen Tälern. Gletschern und Gipfeln zu durchforschen Unter den
405 3280 1589 3363 größten Schwierigkeiten und Entbehrungen wurde fünf Monate
1818 131 2673 210 31. Fraeulein Else
2007 183 2427 239 „
1928 1485 2776 1540 Eine Anzahl guter Bilder zeigten den Weg
1599 1490 1901 1554 lang gearbeitet.
1609 1542 2768 1588 der Expedition und die Eigentümlichkeiten des Hochlandes, das
2680 1571 2738 1627 nn.
1614 1583 2078 1646 nur spärlich bevölkert ist.
2019 1651 2351 1723 Palais de Danse.
1806 1693 2583 1766 Ufa=Theater Kurfürstendamm.
1685 1751 2774 1820 Es war einmal ein armes Mädchen; das sehnsüchtig einer
1615 1805 2775 1865 glänzenden Auffahrt zu einer Wohltätigkeitsveranstaltung zu¬
1621 1838 2783 1893 chaute und wünschte, auch dabei sein zu dürfen. Der Wunsch
1621 1886 2773 1943 ging in Erfüllung, denn die Darstellerin des „Aschenbrödel“ er¬
1617 1920 2772 1969 krankte (just im rechten Moment! das arme Mädchen wurde
1621 1961 2783 2014 hereingeholt, spielte die Rolle, verliebte sich in einen Lord, er
1615 1998 2773 2048 natürlich und selbstverständlich auch in sie, die zudem die Ehre
1622 2037 2776 2095 einer Mutter rettete. Sie heirateten sich, und wenn sie nicht
1624 2066 2770 2134 gestorben sind, so leben sie heute neah! So ungefähr das Dreh¬
1616 2118 2775 2163 buch von John Longden nach einer Novelle von Jean Jay.
1612 2160 2777 2203 Maurice Elvey, der Regisseur, erbarmt sich dieser rührenden
1625 2190 2772 2243 Geschichte und bringt Tempo hinein, soweit, das nur möglich
1623 2239 2775 2280 ist. Sehr erfreulich ist Mabel Poulton als das arme Mäd¬
1617 2266 2781 2317 chen, natürlich, glaubhaft, reizvoll. Sympathisch ist Spiel und
1622 2303 2788 2355 Erscheinung Robin Irvine als edelmütiger Lord, gut Hilda
1618 2353 2777 2404 Moore als Ladymutter, während John Löngden den Er¬
1615 2386 2275 2442 presser in herkömmlicher Art spielt.
1836 2460 2564 2543 Ich hab' für Sie ein wenig Sympathie.
1960 2521 2426 2582 Tauentzien=Palast.
1702 2561 2778 2638 Laura la Plante macht wieder das Rennen, denn das
1626 2621 2774 2676 Manuskript von Beattice Van ist recht mäßig. Es handelt sich
1627 2666 2787 2717 da um eine Tanzlehrerin, einen Schlagerdichter einen geohr¬
2671 2709 2778 2747 unan¬
2365 2704 2671 2760 Verwicklungen,
1625 2702 2307 2756 feigten Verleger und seinen Sohn.
1617 2738 2782 2790 genehme Ueberraschungen, glückliches Ende. Flottes Tempo
1625 2775 2777 2826 (Regie: William A. Seiter), frisches Zusämmenspiel, vorab
1619 2816 2781 2864 Laura la Plante, immer die Situation beherrschend, von
1624 2850 2785 2905 herzerquickender Natürlichkeit und fröhlicher Unbekümmertheit,
1620 2900 2779 2951 äls angenehmer Partner: Joe Hill, der Schlagerdichter. Vor¬
1628 2929 2777 2983 aufgehend. „Die Wunder des Films“ ein interessanter Blick in
1622 2978 2696 3029 die Werkstatt des Films mit erläuterndem Vortrag von
1632 3017 2433 3078 Edgar Beyfuß, der reichen Beifall fand.
2018 3086 2408 3161 Die Zirkusprinzessin.
1795 3136 2614 3206 Titania=Palast, Primus=Palast.
1706 3194 2791 3252 Und so war es auch: Mister X war gar kein Zirkusreiter,
1636 3236 2784 3295 sondern ein feudaler Rittmeister und Prinz, so daß die Intrige
1634 3272 2795 3329 des abgeblitzten alternden Fürsten vorbeigelang und die hold¬
2843 128 3178 211 box 5/3
2826 1477 3299 1537 selige Prinzessin ihren Lie
2837 1532 3296 1582 n einer kleinen russischen
2825 1571 3279 1625 Jane Beß und Walter
2827 1599 3295 1662 der bekannten Kalmänsche
2826 1648 3295 1699 lichschön! Man feiert W
2826 1674 3291 1730 tionen, aber das Publiku
2821 1722 3295 1779 ist schließlich die Hauptsa
2834 1766 3301 1822 Regisseur, Harry Liodk
2830 1801 3299 1855 Ernft Verebes und M
2825 1836 3301 1893 ausdrucksvoll Hilda Ro
2830 1879 3268 1928 im Titania=Palast die 4
2832 1920 3299 1966 im Primus=Palast der er
2842 1959 3300 2009 eimnis des Ova=Nezept
2840 1987 3295 2052 nigen Berliner, den Täte
2833 2032 3154 2103 findig zu machen.
3115 2080 3294 2169 Aus der
2916 2191 3279 2266 Der Ring Deut
2832 2251 3288 2311 den ausgezeichneten Einfe
2841 2290 3300 2350 aus den Jahren 1900—1
2828 2330 3301 2385 Drum und Dran der da
2831 2366 3299 2421 führen. Selbst der Ansa
2835 2402 3300 2458 ven prachtvoll wiederge
2828 2449 3294 2497 die schauerlichen Dräinen
2831 2486 3293 2539 lachen, so denken wir gar
2835 2523 3284 2580 ration unsere jetzigen
2836 2556 3294 2607 vielleicht ebensosehr beläck
2836 2599 3294 2657 lungsfähig, die Gunst de
2836 2641 3301 2686 noch von den ersten Kin
2833 2682 3301 2735 Groteske von König Lec
2843 2708 3289 2768 ielleicht selbst bei der
2830 2752 3301 2804 Rührung unterdrückt, ge
2838 2792 3274 2844 Maskerade jener Jahre
2832 2821 3294 2888 achteten und bespöttelter
2839 2871 3288 2925 spieltheater geworden, d
2829 2895 3277 2972 abgelöst, aber, macht sich
2835 2944 3292 3003 im Lichtspieltheater brei
2841 2980 3300 3042 amerikanischen Grotesken
2841 3018 3300 3075 die damalige Ablehnung
2839 3068 3292 3116 Grotesken die deutsche r
2841 3102 3290 3155 ließ. Klavier= und Gra
2833 3139 3299 3199 alter Zeit die Stimmung
2836 3180 3134 3240 reicher Morgen.
2915 3262 3302 3334 Verantwortlich: Jon
