3392 4256
852 122 1081 199 Else
234 129 847 213 31. Fraeulein
1254 123 1601 210 box 5/3
1372 454 1583 541 Ne 24
653 556 1629 624 ARGUS SUISSE ET INTERNATIONAL!
868 615 1392 674 DE LA PRESSE S. 4.
769 662 1495 714 23, rue du Rhöne — Genéve
636 700 1623 759 Adr. télegr.: Coupures-Genève — Téléph. 44.005
636 801 1629 858 Bureau International de coupures de journaux
755 848 1503 895 Traductions de et en toutes langues
650 951 1607 1041 Correspondants dans toutes les grandes villes
633 1093 1048 1162 Extrait du Journal:
629 1108 1291 1270 Arene mister Reie in¬
632 1277 760 1364 Date:
665 1351 1787 1588 Immer Treu und Redlichkeit.
696 1606 1833 1697 Die Bergner war in Arthur Schnitzlers (heut nicht genug
657 1679 1821 1747 rkanntem) Seelenreich als „Fräülein Elss“ durch Trauer, An¬
648 1724 1175 1804 gnut, Adei etwas Haftendes.
706 1760 1833 1829 Diesen Film hat man auch in Breslau gestartet. Neulich,
649 1822 1838 1886 mit Gross-Anzeigen in Blättern, 20X20 cmy sämt Bild. Was
656 1855 1341 1922 wäre dawider einzuwenden? Nichts.
1239 1936 1830 2012 (das über den Bezirk der schle¬
704 1937 1228 2016 Höchstens das Folgende
659 1992 1827 2047 sischen, alten, hübschen, erinnerungsteuren Oderstadt hinaus¬
650 2045 757 2104 gebt).
705 2083 1833 2145 Anzeigen zur Empfehlung eines Films, eines Stückes werden
656 2131 1834 2184 kaum auszurotten sein. Das gehört zum Heut einer grossen
661 2170 1596 2224 Menschensiedlung. Spiessig, dagegen zu raunzen.
705 2219 1224 2277 Scheusslich ist es trotzdem.
715 2295 1833 2367 Denn erstens kann, was ein Kritiker gesagt hat, durch
648 2359 1832 2422 herausgerissene Stellen irgendeiner fremden Rezension ge¬
651 2411 1769 2451 schwächt .. vielmehr: der Versuch dazu gemacht werden.
713 2441 1841 2497 Zweitens wird bekanntlich durch Abdruck lobender Fetzen
662 2487 1839 2546 (und Verschweigung wichtigen Tadels) bequem Irreführung er¬
654 2540 1142 2609 zeugt. Drittens aber
1203 2545 1273 2632 IV.
710 2606 1840 2680 Die dritte Möglichkeit ist mir zugestossen: wenn das Inserat
654 2657 1838 2724 kurzweg eine Kritik in das Gegenteil fälscht. (Und so was in
651 2710 1194 2771 der eigenen Valerstadt, hal)
717 2753 1839 2806 Lehrreicher Fall. In der Kritik wurde der Film „Fräulein
665 2801 1834 2850 Else“ mit der Erzählung „Fräulein Else“ verglichen; zugunsten
656 2836 1830 2893 der Erzählung natürlich. Ich schrieb: „Sein (Schnitzlers) Werk
657 2888 1837 2951 ist unendlich reicher. Unendlich zwischenstufiger. Unendlich
650 2931 846 2990 heutiger“,
711 2947 1838 3022 Das Inserat lässt mich ausrüfen: „Der Film ist unendlich
654 3012 1752 3075 reicher. Unendlich zwischenstufiger. Unendlich heutiger“
663 3060 1226 3115 mit meinem Namen angeführt.
714 3099 1826 3154 Theodor Fontane hätte geäussert: „Ist es zu gläuben? Nein,
657 3156 1840 3212 es ist nicht zu glauben“. Doch! Es ist leider zu glauben. Hier
661 3188 1146 3253 duftet kein Einzelvorgang.
714 3222 1840 3282 Ein Freund schickte mir diesmal die Fälschung; doch wie oft
664 3276 1830 3339 geschieht Verwandtes im Dunkel des ausgedehnten Vaterlands,
666 3321 1339 3394 ohne dass man die Kerls erwischt?
1224 3371 1284 3419 V.
715 3413 1833 3474 Gleich tüchtig ist bloss noch ein Mitarbeiter der deutsch¬
655 3466 1839 3522 nationalen „München-Augsburger Abendzeitung“. Damals, nach
663 3501 1836 3570 dem „Kaufmann von Berlin“ war die Szene, wo der Leichnam
665 3548 1845 3619 eines Stahlhelmers auf den Müll geschleudert wird, in meiner
1870 1428 3049 1508 Kritik als „taktlos“ gerunelt worden; mit der Belfügung: „Hier
1879 1502 3048 1567 gab es Krach bei den Zuschauern. Mit Recht. Wollt ihr Kriegs¬
1872 1545 2631 1616 greuel ächten.. und seid nicht besser?“
1924 1581 3052 1638 Der deutschnationale Mitarbeiter schrieb daher folgerichtig
1874 1618 3046 1689 nach München-Augsburg, ich hätte für die „Leichenschändung“
1883 1671 3053 1729 „dankend quittiert“; ein „Herzenswunsch“ sei mir dadurch „er¬
1879 1721 2141 1795 füllt worden“.
1929 1736 3006 1830 Was ist gegen solche Burschen — dieser zeichnet mit „it“
1879 1810 2292 1875 zu tun? Arbeitshaus?
2444 1834 2505 1900 VI.
1932 1876 3052 1944 Und was bedeuten im Verhältnis dazu kleine Taten irgend¬
1883 1935 3051 1992 eines (sozialistischen?) Funk-Winkelkritikere obschon das
1872 1982 3049 2032 auch ganz nette Phänomenerln sind, die eine Betrachtung lohnen.
1932 2033 3056 2078 Der Spruch: „# immer Treu und Redlichkeit“ ist minder
1877 2079 2462 2139 pathetisch als das Jambenwort:
2063 2107 2855 2190 Stirb für die Wahrheit. Dieses ist ein Tod
2055 2174 2885 2250 Nicht für das Vaterland, nein: für die Welt.
1882 2241 2862 2303 Ah was — „stirb“? Leb für sie. Verdammt schwer.
2782 2273 3029 2349 Alfred Kers
1927 2280 2186 2353 Harte Zeiten.
3007 2370 3063 2429 In
1930 2371 2952 2450 X Kortner und das Theater am Schiffbauerdamm.
2980 2416 3069 2481 eit¬
