3296 4256
294 131 459 239 31.
1326 125 1677 221 box 5/3
484 125 1153 202 Fraeulein Else
490 185 1147 240 an K. Ka. — — 1 a 1. a  — — 49 1
1851 874 2740 946 Erlebnis ihn hier nach seinem Tode im Film
960 884 1769 1008 Der neue Bergner¬
1850 939 2739 992 zu sehen — drückt alles auf seinem verwit¬
1848 979 2736 1054 tertem Gesicht aus; eine Leistung, die bei der
1851 1026 2726 1104 heiklen Rolle besonders durch ihren Takt
1265 976 1485 1096 Film.
1853 1069 2002 1132 besticht.
974 1073 1741 1180 „Fräulein Else“ im Capitol.
1915 1111 2732 1181 So kann die Bergner sich ruhig dem Fluß
1848 1157 2732 1227 der Bewegungen, der Melodie ihres Körper¬
973 1145 1804 1226 Nach dem Geiger von Florenz“ nach
915 1190 1799 1266 „Liebe“ eine Besinnung. Eine Besinnung
1861 1213 2734 1272 piels überlassen. Und wenn sie sich nicht
916 1244 1797 1304 wenigstens auf die Art und Natur der Berg¬
1856 1249 2721 1314 manchmal wieder selbst über die Schulter
917 1307 1795 1363 ner. Der letzte Film, eine Kostümgeschichte,
1860 1296 2719 1363 ähe, wenn sie nicht manchmal die Wirkung
1855 1333 2729 1397 wieder ihrem seitwärts geneigten Kopf über¬
912 1344 1793 1397 war gegen den Körper, gegen die Glieder¬
913 1390 1804 1449 sprache der Bergner angelegt. Der neue Film,
1840 1389 2722 1455 ließe, wäre Fräulein Else ihren beste Rolle
1851 1434 2087 1496 seit Jahren.
913 1432 1804 1511 modern, geht den Bewegungen der Bergner
906 1480 1012 1553 nach.
1914 1458 2717 1537 Aber damit ist noch nicht alles erreicht.
978 1506 1802 1590 Die Bergner ist günstig hevausgestellt,
1851 1522 2718 1584 Elisabeth Bergner kann ihre Begabung nur
908 1571 1802 1637 kommt besser zur Geltung, weil sie, zweitens,
1844 1570 2728 1633 wieder „aufbauen“, wenn sie andere Sujets
919 1611 1806 1668 stärkere Gegenspieler hat. Eine Erfahrung
1846 1615 2715 1679 nimmt. „Fräulein Else“ bleibt im Thema
907 1667 1803 1709 und eine Lehre. Elisabeth Bergner kann nur
1846 1667 2730 1711 unlebendig. Die Novelle von Schnitzler ist der
908 1705 1791 1758 Star sein, wenn sie kein Star ist. Sie sollte
1847 1702 2727 1756 letzte Spätling einer psychologisierenden Er¬
911 1745 1798 1804 es auch auf der Bühne versuchen. „Kaufmann
1840 1755 2724 1818 zählungskunst, die sich selbst widerlegt. Neun¬
912 1797 1790 1858 von Venedig“ — das ist nicht das richtige, weil
1847 1799 2727 1864 zig Seiten Seelenmonolog über das Dilemma,
911 1842 1793 1893 Shylock und Porzia, zwei isolierte Rollen, nur
1839 1852 2729 1903 ob Freulein Else sich dem reichen Kunsthändler
918 1889 1787 1946 einmal zusammentreffen. Elisabeth Bergner
1844 1889 2717 1949 von Dorsday nackt zeigen soll oder nicht, da¬
904 1934 1796 1991 sollte zuerst wieder einfache Ensemblerollen
1839 1939 2733 1994 mit der Vater seine dreißigtausend Gulden
904 1982 1789 2039 geben, wie in ihren Berliner Anfängen:
1847 1979 2725 2041 Mündelgelder, die er unterschlagen hat, be¬
919 2010 1794 2083 „Vatermord“, „Kreis“, Herr „Tschu“, Figuren,
1841 2026 2718 2091 kommt oder nicht — das ist etwas viel und
903 2073 1796 2128 die möglichst auf Konversation und Humor ge¬
1843 2076 2714 2135 etwas überflüssig. Man ist unempfänglich ge¬
903 2115 1799 2188 stellt sind und so von unten auf ihr Talent
1846 2123 2630 2179 worden für konstruierte Privatprobleme,
2634 2121 2726 2174 die
908 2153 1281 2224 wieder „aufbauen“.
1843 2165 2721 2225 man schviftstellerisch zwar, wie Schnitzler, mit
971 2181 1795 2261 Im Film hat sie die Aufbauarbeit begon¬
1836 2213 2721 2272 allen Verästelungen nachzeichnen kann, die aber
908 2226 1788 2310 nen. Neben Bassermann und Steinrück
1845 2252 2725 2299 durch ästhetische Reize nicht wesentlicher
914 2296 1801 2354 konnte sie weniger Verlegenheitskunst machen,
1847 2298 2725 2357 werden. Der Film hilft sich durch Schau¬
911 2341 1635 2392 weniger private Umgehungsversuche.
1845 2342 2727 2393 plätze. Er verlegt das Geschehen vom Sommer
1631 2341 1802 2402 Elisa¬
905 2385 1790 2432 beth Bergner legt ihre zartesten Wir¬
1848 2395 2713 2444 in den Winter, von San Martino di Castrozza
907 2429 1794 2480 kungen immer noch in die Passagen.
1840 2440 2716 2491 nach dem populäreren St. Moritz und bringt
922 2465 1799 2537 Aber die Wirkungen sind hier legitim, weil
1840 2473 2717 2542 durch Wintersportaufnahmen eine „gesunde",
912 2519 1795 2571 die Gänge wirklich etwas sagen, weil sie dra¬
1837 2526 2723 2584 körperlich festere Gegenhandlung hinein. Man
911 2568 1791 2617 maturgisch eingebaut sind und gestützt werden
1843 2572 2716 2625 merkt den Einfluß des Operationsleiters Carl
912 2613 1798 2673 durch das kräftige, männliche Gegenspiel von
1841 2616 2721 2684 Freund. Unter diesem Einfluß wird Paul
916 2659 1788 2725 Steinrück und Bassermann. Bassermann als
1841 2664 2601 2729 Czinner ein klarerer Regisseur, dessen
2614 2664 2706 2737 Wir¬
918 2702 1802 2771 Fräulein Elses Vater ist von einer — im
1845 2708 2389 2772 kungen zu kontrollieren sind.
906 2751 1786 2808 Film — ungewohnten Leichtigkeit. Er gibt in
1908 2736 2717 2804 Aber: der Film ist eine junge Kunst. Müde
918 2798 1793 2860 seinen mimischen Andeutungen, mit spar¬
1834 2799 2709 2863 Themen aus einer späten, abgeklungenen Welt
915 2842 1799 2907 samen, gelockerten Mitteln, deu leichtsinnigen
1840 2842 2708 2918 sind seine Sache nicht; und sollen es nicht sein.
912 2895 1789 2948 und gutgläubigen Kasardeur. Nur wenn er
2355 2890 2681 2964 Herbert Ihering.
915 2933 1804 3000 die Hand ans Gesicht führt, wenn er sich an
1885 2952 2712 3001 Städtische Oper. Sonnabend. 19 Uhr: Neueinstudie¬
911 2978 1793 3038 die Stirn faßt, verwechselt er Film mit
1834 2984 2263 3037 rung „Der Wildschüt
2336 2987 2712 3034 nit den Damen Pfahl,
1831 3018 2707 3060 Marck, de Garmo und den Herren Guttmann. Jöken,
907 3018 1796 3099 Theater, Steinrück — ein erschreckendes
1830 3049 1944 3100 Kandl,
1947 3049 2709 3110 Steier. Musikalische Leitung: Dr. Stiedry a. G.
1068 3122 2538 3321 Dorzen - Ganek, K. Nate fera
