3296 4224
516 61 1086 144 Konuscane.
487 132 1099 214 Büro für Zeitungsausschnitte
300 192 565 269 BERLIN N4
846 202 1267 270 Teleion: Norden 3051
633 301 944 374 Ausschnitt aus:
513 354 1065 448 Berliner Tageblatt
664 513 996 606 h. Juli 1926
607 826 685 912 6
806 694 1926 934 manfiguren,
2011 837 2667 928 Riebel
577 983 1500 1090 Gestalten von Heinrich Mann,
1522 990 3076 1085 Arthur Schnitzler, Jules Verne, Emile Zola u. a.
1510 1129 2713 1210 pyramide, von deren Bänden ihn vielfach sein Name grüßte. De
679 1152 1142 1249 rofessor Anrat.
1516 1203 2700 1258 Lacretelles „Silbermann“ war ins Ungarische übersetzt worden.
1523 1241 2706 1295 Der jüdische Antiquitätenhändler Silbermann kaufte sich das Buch,
441 1234 1322 1315 Zu Heinrich Manns gleichnamigem Roman.
2833 1236 3123 1332 Zu Jules Vern
1526 1281 2705 1349 und indem er es, von Seite zu Seite fieberhafter erregt, verschlang,
1124 1305 1455 1385 [Nachdrück verbolen.]
1512 1329 2701 1378 machte er eine erschütternde Entdeckung. Es war sein Leben,
716 1346 1058 1436 Géza v. Cziffra.
1521 1371 2708 1431 das Leben des Budapester Antiquitätenhändlers
1514 1414 2699 1469 Silbermann, das der französische Autor beschrieb.
2805 1393 3044 1477 Das kleine
337 1417 1476 1496 In einer kleinen siebenbürgischen Stadt habe ich ihn getroffen.
1513 1459 2698 1531 Nicht nur seine Seele hatte de Lacretelle mit erschreckender Spür¬
283 1457 776 1537 Jemand hat ihn vorgestellt:
2750 1467 3013 1522 liert wir ware
346 1509 779 1570 „Herr Professor Rat.“)
2751 1505 3108 1568 bestellten Wodkas, st
2742 1546 3034 1619 Mein Begleiter
335 1546 1463 1623 Er sah meinem Gesicht die Ueberraschung an, verstand meinen
2827 1598 3027 1654 „Strogon
281 1587 1127 1658 Gedanken und nickte mit gezwungenem Lächeln:
2795 1632 3043 1697 Strogow? D
346 1621 1420 1708 „Ja, ja, Sie haben schon richtig gehört! Professor Unrat.“
2748 1680 3042 1749 suchte vergeblich
335 1689 1131 1739 Dann fuhr er nach einer kleinen Pause fort:
2801 1726 3022 1784 „Haben wir
345 1707 1479 1783 „Sie kennen wohl das Buch? Ich schätze Heinrich Mann sehr
276 1760 387 1831 hoch.“
2806 1772 3027 1827 „Mich wohl
2751 1810 3018 1879 Namensvetter
336 1788 1461 1877 Damit singen wir an, über das Buch zu sprechen. Der Held
2800 1855 3023 1913 Ah. nun wu
275 1852 1464 1908 des Romans sprach über den Dichter. Herr Rat ist Professor am
2749 1885 3056 1959 Erzähler unserer
279 1900 1459 1951 hiesigen Gymnasium; Professor der lateinischen Sprache. Er ist ein
2738 1943 3023 2007 den Erdball um
283 1949 1464 2001 kleines, gekrümmtes Männlein mit graumeliertem Spitzbart. Ich
2750 1990 3028 2057 hervischen Garde
270 1995 1467 2049 ging mit auf seine Wohnung, wo er mir seine Bibliothek zeigte;
2800 2032 3051 2091 „Sie sind wo
278 2040 1471 2105 auf einem der Regale standen dicht gedrängt fast hundert Exemplare
2740 2074 3028 2129 ich; doch mein n
278 2069 805 2130 von Heinrich Manns Roman.
2803 2116 3052 2181 „Ich wur es.
327 2111 1469 2186 „Meine Schüler haben mir diese Bücher geschickt. Jährlich
2737 2158 3065 2216 mal den Roman v
273 2149 1458 2213 bekomme ich einige Exemplare mit Randbemerkungen und Unter¬
1758 2171 1820 2237 2
2741 2207 3040 2270 ich verschlang a
275 2208 1460 2260 streichungen. Jeder hat etwas neues, einige Sätze oder gar Seiten,
2742 2246 3105 2307 Helden — der meine
279 2260 1468 2316 gesunden, die für mich besonders charakteristisch sein sollen. Als ich
2744 2288 3051 2354 sal die Richtung.
267 2295 1473 2353 das Buch zum ersten Male las, hat mich die Wut gepackt, und ich
2739 2335 3071 2395 der Kurier des 3
281 2339 1470 2387 warf es in die Ecke. Am nächsten Tag ging ich nervös in die
2742 2376 3124 2437 hatten das Buch gele
280 2381 1466 2445 Schule; ich habe die Gesichter meiner Schüler prüfend gemustert,
2751 2421 3104 2478 Helden einer solche
273 2429 1469 2476 um den Täter zu entdecken. Natürlich konnte ich ihn nicht fassen.
2741 2457 3102 2525 spielten, war ich in
270 2467 1475 2531 Eines abends, kurz nachher, rief jemand hinter mir: Unrat! Da
2753 2512 3127 2577 neine kurzhosige Arm
278 2517 1473 2569 habe ich beschlossen, mit meinem Direktor zu sprechen und das Buch¬
2738 2556 3101 2613 Widerstand meines
277 2561 1461 2612 in unserer Stadt verbieten zu lassen — doch habe ich mir das bald
2727 2597 3164 2662 machen wollte. Ich wil
273 2603 1453 2649 anders überlegt. Freilich hörte ich den Namen „Unrat“ an den
2794 2644 3181 2698 Dann kam der Krieg
279 2647 1455 2713 Abenden immer häufiger hinter mir herrufen, manchmal erklang
1812 2645 2386 2741 Die falsche Hme. Bovary.
2737 2682 3123 2748 wirklichten sicht ich bi
269 2681 1450 2743 er sogar in der Klasse. Erbittert suchte ich nach den Tätern; als
1510 2706 2697 2768 Sie lebt in der Provence in Pertai als Besitzerin eines kleinen
2745 2729 3189 2797 der Kurier des Zaren #
270 2733 1463 2790 ich aber in einer schlaflosen Nacht das verhaßte Buch noch einmal
1515 2760 2698 2812 Gasthauses und hat mit dem — bekannten und längst verstorbenen
2743 2770 3177 2835 Kriege und während der
265 2776 1465 2833 durchlas, entdeckte ich, daß die Aehnlichkeit zwischen
1573 2804 2697 2855 wirklichen Original Flauberts nicht das geringste zu tun.
2749 2821 3148 2879 sch mit vielen andern.
277 2822 1467 2870 mir und dem Helden immer größer wurde. Und als
1516 2840 2697 2892 Nichtsdestoweniger verehrt sie manchmal einem bevorengten
2751 2864 3099 2931 sondere Bedeutung.
269 2864 1455 2923 ich in blinder Gereiztheit einen meiner Schüler strafen wollte, fiel
1504 2883 2701 2929 Sommergast die Volksausgabe von des Dichters Romon mit der
2747 2900 3188 2975 Kämpfe, Gefahren, Listu
267 2913 1452 2962 mir Unrat ein, sein tyrannisches, rohes, verständnisloses Wesen —
1570 2923 2646 2979 originellen Widmung „Souvenir de Mme. Bovarg“.
2741 2950 3169 3006 all dies war ihnen ein
275 2949 1468 3010 und ich hielt inne. Seit dieser Zeit ist das Buch zu meinem besseren
1975 2968 2668 3023 (Zeiehnung von Rudoif Schlichter)
2747 2988 3159 3048 Unglück. Ich nahm d
278 2994 1453 3062 Gewissen geworden, zu einem Spiegel, der mir meine Fehler er¬
2743 3035 3183 3095 meiner ursprüngl
283 3039 1455 3093 kennen läßt. Ich habe mich bemüht, diese Fehler abzustreifen ...
2739 3078 3164 3139 hat Jules Berne richt
276 3078 1034 3146 und das ist mir auch weitgehend gelungen.“
1504 3090 2695 3140 und Treffkraft analysiert, auch seinen Lebenslauf und den
2733 3122 3015 3201 geschildert.
321 3116 1455 3180 Wir verabschiedeten uns. Und ich dachte bei mir: „Dieser Pro¬
1509 3130 2689 3180 seines Vaters hatte er in allen wesentlichen Wendungen nachgezeich¬
2749 3138 3190 3234 „Strogewi“ rief der
278 3168 1460 3224 fessor Unrat ist doch ein guter Schüler: Ob nicht auch der „aller¬
1500 3176 2696 3222 net. Wie war das möglich? Der Budapester Antiquitätenhändler
277 3208 1464 3262 höchste Kriegsherr“ in Heinrich Manns „Kopf“ einiges gelernt
1502 3220 2693 3272 war niemals in Paris gewesen. Wie also konnte dieser Franzose
2778 3217 3185 3301 Jules Berne war in
276 3246 1275 3322 hätte, wenn das Buch vor zehn Jahren erschienen wäre?“
1509 3257 2696 3313 ihn erraten? So vollständig erraten — bis in die vergeffenen
2737 3284 3194 3343 Amerikaner Goldstrom re
1502 3301 2697 3347 Regungen seiner Pubertätsjahre, bis in seine Worte und Gesten
2747 3332 3194 3394 und auch das eine konnte
1509 3341 1639 3399 hinein?
692 3325 1051 3420 Silbermann.
2741 3374 3190 3430 schlecht in seinen hervisch
1555 3379 2698 3442 Mit seiner aufwühlenden Entdeckung und seiner quälenden Frage
363 3398 1369 3481 3u Jacques de Lacrekelles gleichnamigem Roman.
2736 3415 3198 3479 des Zaren seine Laufbahr
1510 3417 2693 3485 rannte der Antiquitätenhändler zur Zeitung, zum Uebersetzer. Man
2739 3466 3180 3537 Lokal beschließen würde.
1513 3475 2683 3522 suchte ihn zu beruhigen; sprach von ewiger, unvermeidlicher Wieder¬
1107 3472 1438 3559 (Nachdruck verboten.]
1514 3522 2691 3574 kehr des gleichen Leidenszuges in Judenschicksalen aller Zeiten und
732 3523 1010 3607 Ernst Lorsy.
1504 3564 2686 3623 Länder. Silbermann sah das ein. Was er nicht einsehen und
553 3599 1454 3656 Jacques de Lacretelles „Silbermann“ war
1504 3607 2687 3655 nicht zugeben konnte, war, daß es sich bei solch erstämnlich minu¬
2950 3595 3196 3675 Zu Emile 3
496 3632 1458 3692 einer der größten französischen Romanerfolge der Nach¬
1504 3652 2701 3704 tiöser Uebereinstimmung einer Reihe von Einzelheiten noch
501 3679 1447 3727 kriegsjahre. Trotz einer guten deutschen Uebersetzung
1509 3696 2688 3744 um Zufall handeln könne. Er konnte einfach nicht glauben, daß
502 3722 1453 3764 ist das Buch in Deutschland über einen engen Kreis
1502 3737 2691 3793 der Franzose ihn, Silbermann, nicht irgendwann, irgendwo persön¬
509 3763 1452 3815 nicht hinausgedrungen. Die Geschichte der beiden Sil¬
2791 3751 3178 3829 Der eine Souparine
1512 3775 2684 3826 lich gekannt habe: er hätte sonst sein Geheimnis nicht dechiffrieren
496 3787 1456 3842 bermänner, die wir erzählen, ist aber viel zu merk¬
2736 3795 3191 3875 Zola schreibt im „Germin
1505 3824 2687 3872 können. Niemals, niemals habe er irgendeinem Menschen davon
499 3833 1452 3881 würdig, als daß wir sie unterdrücken wollten. Hier ist
2823 3852 3197 3915 „Souvarine war der
1513 3870 2692 3920 gesprochen, wie er zu der Mutter seines Freundes gestanden
501 3874 1456 3924 eine Romanfigur unserer Zeit in einem Menschen
2765 3895 3210 3964 Tula. In Sankt=Peters
498 3904 1461 3954 unserer Zeit nicht nur lebendig geworden, sondern hat
1509 3905 2686 3957 habe . . . und dieser Franzose sagte es klipp und klar. Auch sein
507 3946 1453 4000 auch auf das Leben dieses Menschen einen tiefen Ein¬
2773 3939 3186 4003 sozialistische Strömung,
1513 3956 2683 4002 Gesicht, seine Erscheinung seien in seiner Jugend genau so gewesen,
504 3979 707 4044 fluß geübt!
2775 3994 3195 4038 fortgerissen, ihn dazu be
1499 3998 2690 4041 wie de Lacretelle sie beschreibe; mit alten Lichtbildern könne er es
2775 4029 3197 4081 Mechanikers, zu erlerne
1509 4035 2686 4093 beweisen. Auf dem Gymnasium habe er in genau derselben Haltung
349 4030 1451 4094 Silbermann“ von Jacques de Lacretelle — aus dem Kreise
2772 4077 3202 4132 kennenzulernen und ihr
1506 4082 2685 4130 gegen die kompakte Majorität seiner Mitschüler kämpfen müssen,
276 4075 1461 4128 der „Nouvelle Revue Frangaise“ — spielt etwa in den Jahren 1894
2779 4115 3166 4160 Handwerk lebte er ietzt
1507 4124 2036 4161 wie der Geld des Romans.
278 4125 344 4166 bis
1383 4124 1448 4164 das
343 4125 1219 4174 1900 während der Prenius-ffane und fül
1305 4125 1361 4163 als
2029 4121 2358 4176 1 habe die ungür
2557 4124 2595 4165 7e
