3248 4256
39 193 905 261 31. Fraeulein Else
1053 188 1423 275 box 5/1
764 792 1294 879 ckenel 82 2
489 851 1388 978 SERVER, SUNDAY, MARCI
558 1032 1368 1112 NEW SCHNITZLER B00K
635 1184 1303 1249 STUDF OF A GIRL OF
810 1252 1115 1334 NINETEEN.
494 1338 559 1416 E
600 1371 1324 1437 (From Dur Dwn Correspondent.)
1163 1430 1329 1505 BERLIN.
596 1474 1365 1550 Imitators of“ La Gaxconne“ have been as
564 1529 1368 1588 many as her predegessors on German book¬
564 1579 1366 1628 stalls, pet a writer who needed no introduction
561 1615 1373 1664 to the public at all has achieved the distinction
563 1658 1366 1721 of interpreting the post-war young lady of
566 1700 1368 1749 Central Europe in a manner which implies
570 1738 1368 1792 finality. After“ Fräulein Else,?' by Arthur
566 1781 1373 1833 Schnitzler, there remains too small a field of
573 1822 1373 1866 analys's unexplored for angebing but genius to
576 1857 1366 1903 vehtelre in. It is even quite probabie that this
574 1889 1369 1939 verlr slort monologue, in which a man of sixty
578 1930 1369 1977 Wri### Miss Elsie, aged nineteen, is the best
579 1961 1374 2007 hing anv man has ever written about a girl.
568 1992 1381 2044 It is the historv, in one chapter, of her thoughts
577 2037 1377 2087 during sthe last six hours of her life, broken
501 2040 547 2118 he
578 2070 1369 2122 only by the italics of scraps of floatirg conver¬
570 2100 1367 2151 sation as they fall on her ears, and che mono¬
577 2139 1371 2190 syliables in which she happens to ret or reply
506 2148 549 2194 ne
573 2182 914 2227 to a direct question.
517 2189 558 2233 #t
603 2191 1374 2261 We meet Else, lovely, inscient, a fine tennis
503 2242 546 2280 50
572 2241 1366 2298 player, a good dancer, sitting on à scat out¬
514 2281 550 2331 30
578 2287 1380 2328 side the fashionable hetel in the Tyrol, where
572 2321 1380 2368 hie has been invited by a wealthy aunt to
510 2322 549 2374 ig
572 2364 1378 2406 spend a fortnight, watch the passers-by as she
504 2363 546 2408 118
572 2389 1371 2434 sums them up mentally in the egotistical
580 2424 1372 2478 ashion of youth. We are given to understand
576 2467 1377 2505 how the various men react upon her, all too
572 2490 1374 2541 cynically conscious of her youth, her beautv,
573 2537 1375 2580 and her three pairs of silk stockings, one with
569 2566 1374 2610 a ladder in it, and feel the horror of a dreades
516 2588 560 2637 „
569 2600 1372 2650 letter frem home which she has been expecting
515 2628 557 2670 10
780 2636 1373 2695 She has every right #ear it,
577 2643 784 2692 and fearing.
571 2679 1372 2724 as her well-leved papa is a brilliant lawyer,
516 2699 549 2739 t,
1315 2709 1381 2754 of
1104 2704 1313 2755 Shortness
580 2717 1096 2758 but an inveterate gambler.
573 2739 1381 2793 money in Else’s home has always implied that
522 2768 563 2813 0
570 2785 1388 2831 she must make a rich marriage some day to
512 2807 552 2851 .
1308 2808 1388 2857 But.
575 2819 1296 2866 escape from it and help her parents.
575 2850 1380 2899 thif letter is an unusual shock. Papa has usgé
578 2883 1381 2929 trut money to speculate with, and will be
574 2917 1385 2968 handed over to the police within twelve hours
511 2946 549 2991 h
582 2954 1373 3001 unless his daughter asks a wealthy and elderl,
580 2989 1381 3039 acquaintance, staying at the same hotel, for a
520 3021 562 3065 10
664 3024 1381 3071 Her weak, good-natured mother writes.
580 3057 1378 3124 and begs her to remain over 1ie weck-end.
576 3101 913 3154 Iwhatever hr #ens.
1346 3134 1388 3177 à
614 3115 1342 3179 But nothing happens save the desire of
581 3158 1379 3216 wealthy and elderly lover of beautiful things to
577 3206 1376 3255 see and admire Else as a living statue, in return
577 3238 1380 3285 for a loan, whiich, knowing papa all too well,
980 3268 1379 3322 But Else’s overwrought
587 3276 973 3334 be regards as a g#ft.
528 3293 561 3338 1
586 3308 1374 3367 nerves conceive dhe dreadful notion of not
522 3322 572 3373 6
584 3345 1372 3397 wasting herself, if waste she must, on cne cold
518 3364 562 3410 6
580 3378 1381 3427 sensualist alone. She goes to the public music¬
588 3409 1384 3471 rcom of the hotel as a second Monna Vanna,
579 3453 1385 3503 and after carrying out her scandalons intention
591 3485 1382 3536 takes sufficient veronal to make death quick
578 3532 736 3579 and easy.
511 3556 562 3599 rs
617 3536 1383 3611 The doctor in Schnitzler can describe an
588 3589 1380 3643 hysterical attack and the symptoms of poison¬
519 3624 558 3665 ie
585 3622 1384 3678 ing better than a mere novelist, and the artist
517 3660 558 3705 y
582 3666 1380 3714 in him ean render a morbid subject pathetic.
520 3698 559 3737 16
581 3691 1377 3751 Germanv has its literary sensation, and Strind¬
521 3733 563 3775 4
584 3728 1381 3788 berg’s Miss Julia, unique hitherto among the
585 3773 1382 3823 Frauleins of the Continent, has gained a serious
577 3817 677 3879 rival.
1397 3729 1431 3770 C
1395 1768 1440 1812 H
1397 1804 1438 1856 of
1393 1852 1436 1895 ar
1810 810 2413 887 Dr. Max Goldschmiet
1813 875 2398 942 Büro für Zeitungsausschnitte
1644 909 1896 978 BBRLIN N 4
2181 909 2596 979 Telefon: Norden 3051
1949 992 2270 1057 Husschnitt aus:
1752 1034 2461 1124 Yossische Zeitung, Berlin
2180 1181 2475 1274 8 Märr 1927
1643 1299 2629 1422 Schnitzlers „Fräulein Eise.
1827 1421 2454 1495 Ein Novellenmonolog.
1604 1469 2722 1564 Schnitzlers Rovelle, auf die wir bei ihrer ersten Veröffent¬
1563 1532 2729 1622 lichung in der „Neuen Rundschau“ bereits hingewiesen haben,
1563 1580 2729 1652 erscheint jetzt als ein schmales Buch in Paul Zsolnays Verlag,
1572 1645 1795 1704 Berlin=Wien.
1609 1649 2727 1748 Nichts ist schwerer, als die Wirkung eines Buches auf den Leser
1575 1711 2734 1780 vorauszusagen. Aber in diesem Falle wagt man nichts bei der
1579 1739 2730 1830 Prophezeiung, daß niemand den Band aus der Hand legt, bevor
1570 1788 2731 1862 er ihn zu Ende gelesen hat. Denn diese Novelle ist nicht bloß
1576 1833 2728 1909 äußerlich das Erperiment einer neuen Kunstform. Dramatisches
1581 1875 2736 1961 und Episches paart sich in ihr. „Fräulein Else“ ist nämlich nichts
1571 1922 2736 2001 anderes als ein einziger, großer Monolog, gesprochen von einer
1579 1968 2733 2040 neunzehnjährigen Wienerin von morgens bis mitternacht. Das
1576 2009 2732 2090 junge Mädchen, aus der Klasse der Menschen, die sich Luxus¬
1579 2058 2732 2127 reisen gestatten dürfen, ist als Gast einer reichen Tante für die
1576 2090 2747 2166 Sommerferien im Alpenhotel abgestiegen. San Martino di
1574 2146 2739 2211 Tastrozza bietet den Hintergrund, das Dasein in einer inter¬
1578 2184 2734 2261 nationalen Herberge der Reichen bezeichnet das Milieu. Mor¬
1582 2233 2744 2302 gens geht Fräulein Else nergnügt vom Tennisplatz heim, um
1585 2268 2741 2343 Mitternacht vergiftet sie sich mit Peronal. Dazwischen liegt ein
1586 2320 2746 2383 Erpreßbrief und ein Telegramm aus dem Elternhause. Der
1582 2354 2747 2427 Vater, Advolat in Wien, hat Mündelgelder an der Börse ver¬
1597 2391 2743 2473 pielt und fleht die Tochter um Rettung un. Ein reicher Lebe¬
1590 2451 2749 2514 mann, Kurgast in San Martino, soll die Summe vorstrecken, die
1585 2494 2747 2554 den armen Sünder in Wien vor dem S.eatsanwalt retten kann.
1585 2528 2745 2603 Fräulein Else ist schön und gut gewachsen. So verlangt der
1600 2573 2754 2644 Lebemann als Preis, daß sie sich vor ihm entkleide. Alles in
1588 2614 2748 2684 ihr bäumt sich degegen auf, ein wenig Scham und sehr viel Trotz.
1591 2656 2748 2730 Ihre Entschlüsse wechseln, ihre Verwirrung steigt. Bis sie schließ¬
1599 2701 2751 2765 lich die geforderte Enthüllung vor aller Augen im Musiksalon des
1591 2748 2658 2831 Hotels vollzieht Großer Skandal. Ohnmacht, Selbstmord.
1632 2785 2748 2875 Wenn diese Geschichte auf landläufige Weise erzählt würde,
1599 2838 2751 2901 so wäre sie eine Novelle mehr zu anderen Novellen. In
1595 2876 2762 2939 Schnitzlers neuer Form aber jagt sie den Leser im Galopp mit
1600 2918 2757 2989 sich. Denn Elses Monolog, in den die Stimmen der Außenwelt
1596 2971 2752 3028 nur von fern hineinklingen, überträgt ihr Gefühl und alle seine
1601 3008 2755 3076 Schwankungen hemmungslos auf den Leser. Aus dem einfachen
1596 3046 2757 3115 Grunde, weil Else wirklich mit sich selbst spricht, keinem Puhli¬
1604 3091 2762 3158 kum ins Ohr. All die kleine Gedankenflucht des Alltags, alle
1610 3138 2753 3206 Stoßseufzer, Gebete, Wetten mit dem Schicksal steigen aus einer
2410 3179 2441 3207 *
1597 3179 2754 3254 gehetzten Seele hervor. Else ist eine Großstadterin von heute,
1606 3226 2761 3286 also jedem heroischen Pathos meilenfern. Ein bißchen blasiert,
1607 3267 2752 3332 ein bißchen oberflächlich, ein bißchen verbittert. Wunderhübsch,
1610 3311 2762 3372 wie sie niemals aus der Rolle der jungen Salondame fällt.
1606 3358 2761 3422 Virtnos, wie alle unsichtbaren Gestalten ihres Dramas, wie der
1605 3398 2753 3458 leichtsinnige Pater und die beschränkte Mutter daheim allmählich
1607 3442 2762 3502 ihr Gesicht enthüllen. Diese Wienerin lebt leicht und stirbt leicht.
1606 3480 2756 3557 Aber ohne die Grenzen ihres Vorstellungskreises zu überschreiten,
1603 3526 2763 3601 predigt auch sie die Schnitzlersche Lebensweisheit: die Einsamkeit,
1610 3583 2137 3642 die Hilflosigkeit des Menschen
1640 3614 2756 3681 Man soll Vortragskünstler nicht reizen. Aber wenn ein Re¬
1611 3668 2758 3730 zitator sein Publikum geschwind packen und für eine halbe
1608 3708 2763 3767 Stunde fesseln will, so lese er nicht anderes als Fräulein Else¬
2620 3753 2723 3818 M. J.
1600 3763 1844 3829 Bekenntnisse.
