3248 4224
708 131 911 214 Else
51 128 706 227 31. Fraeulein
1072 126 1424 234 box 5/1
688 562 1117 708 # Kaue
1158 556 1309 770 0
969 709 1107 849 A
1273 1027 1912 1151 GERMAN LETTER
1868 1173 2279 1268 September, 102 5
854 1299 2330 1389 AM sorry to give Tux Diaz occasion to complain that its
824 1390 2329 1446 4 German contributor has been remiss. Since I last had the
812 1437 2322 1509 honour of reporting upon matters of cultural interest here, more
813 1490 2316 1573 months have passed than an intentionally thoughtful reserve would
819 1563 2315 1656 necessitate. I beg the indulgence of my readers, overwhelmed as
817 1619 2315 1700 I have been, with present obligations. Your correspondent has
818 1694 2272 1783 also been travelling more than is propitious to serious writing¬
814 1770 2309 1836 partly for pleasure and instruction; partly (as a delegate to Flor¬
814 1827 2311 1911 ence and Vienna for instance) in the interest of that highly im¬
809 1877 2315 1954 portant matter, general European intellectual association and
805 1941 1072 2028 intercourse.
859 1990 2311 2103 As for Florence, I need speak merely of an International Kaltur¬
811 2083 2313 2144 zoche, the notable feature of which was an exhibition of beautiful
809 2135 2304 2236 books from Italy, England, France, and Germany, shown in sepa¬
803 2203 2311 2302 rate national pavilions. A noble contest of craftsmanship in which
800 2279 2312 2338 gupreme works of the imagination have here a technically appro¬
798 2338 2306 2424 priate complement. My country, it may be said, honourably held
801 2400 2303 2469 its own. All our important publishing houses exerted themselves
805 2458 2302 2532 to display their best and most precious work—to outdo themselves
801 2521 2306 2612 in the matter of fine printing and well tooled, whole sets. Indeed,
790 2596 2307 2667 in our section there were so many examples of sound tastenless
795 2666 2307 2741 conservative than the French and English, yet by a safe margin
798 2723 2302 2793 avoiding eccentricity—that other countries seemed inclined to give
795 2784 2296 2876 German bookmaking, the prize. In connexion with the exhibition,
798 2857 2304 2924 moreover, there were lectures which happily attracted not only the
798 2922 2304 2987 various national colonies, but Italians as well. Your correspondent
793 2990 2301 3072 was honouringly placed in competition with a notable scientist and
794 3043 2292 3117 speaker of high attainments, the famous philologist and translator
793 3119 2288 3187 of ancient tragedies, His Excellency von Willamowitz-Möllendorf.
845 3169 2295 3256 Turning to Vienna—I was there, a guest of the P. E. N. Club.
787 3237 2289 3329 as I had been a year before, its guest in London. In London, John
794 3299 2296 3376 Galsworthy is at the head of this organization; in Vienna it is
786 3360 2296 3448 presided over by Arthur Schnitzler whose name is so well known
778 3431 2286 3511 to American readers—Pirid tlie g00d föffühé ät table, to be placed
