3248 4224
20 1028 81 1107 an
46 2027 93 2081 as
41 82 195 174 31.
220 84 894 157 Fraeulein Else
595 135 900 196 nee eene enten en
440 1062 477 1112 ie
301 1626 347 1685 118
408 1627 447 1696 de
207 1639 243 1683 in
210 1777 250 1837 tis
211 2018 250 2072 st
116 2214 157 2273 st
283 2264 469 2329 esen und
50 2264 185 2324 Tristan
252 2364 463 2425 ire kommen
273 2411 469 2471 sollte das
128 2419 184 2474 sC
210 2462 460 2526 d formstarker
266 2554 451 2625 s Gemisch
382 2610 452 2663 der
249 2612 314 2675 t,
59 2659 179 2715 ahnt
213 2654 467 2721 davon? Das
241 2702 461 2767 und höchst
16 2704 152 2771 termüc
57 2753 181 2815 olemtis
240 2755 467 2825 Wertungen
19 2803 458 2873 er die Operngeschichte,
20 2852 466 2921 telbares psychologisches
17 2901 466 2967 verwoben werden sollen
23 2947 462 3017 e Schwangerschaft nach
15 3000 457 3068 m das dreissigste Jahr“).
18 3049 455 3111 macht in der szenischen
17 3100 452 3157 durchaus überflüssige
13 3148 455 3222 möglicher Motive.) Der
1061 83 1400 183 box 5/1
971 1015 2390 1068 Dialog ist unerlebt, undifferenziert, farblos und ohne Haltung, Jargon der Gasse.
973 1067 2398 1124 Z. B.: „Ich für meine Person stehe auf dem Standpunkt, dass man einen Teil
974 1123 2393 1178 des ökonomisch-sozialen Gesamtlebens usw... Die Sprachverlumpung ist
981 1176 2394 1229 ganz unerträglich. „Das sogenannte Musikdrama ist die Rationalisierung einer
975 1218 2392 1269 über der Vernunft stehenden Form, deren Reiz in dem Augenblick verloren
982 1273 2393 1324 geht, wenn das Vorrecht der Musik bestritten und der psychologische Sinn
980 1311 2394 1370 des Stücks in den Vordergrund gedrängt wird. Ein echtes Kind des neun¬
976 1359 2386 1417 zehnten Jahrhunderts, ist dieses Musikdrama eine Frucht seiner biologischen,
972 1413 2382 1471 materialistischen, seiner kausalisierenden Tendenzen. Oder: „Jeder schöpferi¬
969 1458 2388 1518 sche Augenblick im Menschen ist eine Magnetisierung seiner geistig-sinnlichen
973 1508 2389 1563 Elemente, eine plötzliche Umordnung dieser Elemente zu übersinnlichem In¬
970 1568 2392 1621 stinkt“. Dergleichen ist jämmerlich und ekelhaft. Wie lächerlich die Vergleiche
971 1614 2396 1669 und Bilder: „Dominante und Grundton waren aus dem ganzen Stück wie durch
975 1654 2385 1708 Polizeigewalt verbannt“. Einmal kommt sogar eine „antiseptische Gewissen¬
969 1705 2347 1759 haftigkeit“ vor. Ein anderes Mal empfindelt der Autor: „Für sein Leben
975 1747 2394 1805 dies wenigstens tröstet — war gesorgt. Tröstet er sich? Oder will er den
975 1803 2385 1868 Leser trösten? Manchmal erläutert er seine Absichten: „Dies ist eine Parallele
977 1861 2399 1919 zu oder er ruft uns ein „Wohlgemerkt oder ein „Praktisch gesprochen zu
977 1898 2367 1961 oder er bemerkt tiefsinnig: „Wie es bei derartigen Beziehungen zu sein pflegt.
1462 1944 1499 1975 77
1015 1955 2161 2028 Kurzum: dieser „Verdi -Roman ist eine elendes Machwerk.
1027 2059 2391 2145 Fräulein Eise von Arthur Schnitzler') ist eine starke Novelle. Wie kann eine
968 2133 2387 2196 junge Menschenseele, in ein paar zusammengedrängten Stunden (die Erzählung
967 2192 2390 2248 gibt, wie der Leutnant Gustl, nur Monolog) aus dem Menschlichen geworfen,
977 2241 2397 2294 vom letzten Erdenleid durchschüttert, verwirrt und in den Tod getrieben
966 2281 2388 2342 werden! Else, neunzehnjährig, aus großbürgerlichem, aber zerrüttetem Hause,
978 2334 2390 2393 verbringt in Gesellschaft einer reichen Tante ein paar Ferienwochen in einem
975 2390 2387 2443 vornehmen Alpenhotel: ein gesellschaftlich erzogenes, leichtgemutes Mädchen,
969 2431 2381 2488 großstädtisch wach und ironisch, aber umschattet von der Unseligkeit im Eltern¬
975 2480 2392 2536 haus. Der Vater, ein bekannter Rechtsanwalt, hat sich schon einigemal dazu
971 2530 2390 2586 hinreißen lassen, fremde, ihm anvertraute Gelder zu unterschlagen, um sie an
964 2580 2390 2639 der Börse oder im Kartenspiel zu verlieren. Wurde der Schaden auch jedesmal
973 2639 2394 2692 von den reichen, skandaltürchtenden Verwandten im Stillen wieder gutgemacht,
964 2674 2382 2740 so lebt man doch (das geht so nun schon sieben Jahre) nur noch „als ob“, ge¬
968 2725 2389 2784 sellschaftlich sich verzweifelt haltend. .. Ein Eilbrief von der Mutter jagt die
965 2789 2382 2833 zu Tode erschrockene Else aus ihrer halben Ruhe auf: der Papa hat wieder
968 2823 2391 2885 Mündelgelder veruntreut; werde das Geld nicht binnen drei Tagen zurück¬
974 2871 2386 2934 erstattet, so sei seine Verhaftung unabwendbar. Else solle, da auf die Ver¬
975 2927 2391 2982 wandten nicht mehr zu rechnen ist, einen guten Bekannten ihres Vaters, der
978 2986 2383 3036 jetzt gerade in demselben Alpenhotel wohnt und ihrem Vater schon einmal ge¬
969 3019 2391 3075 holfen hat, um Hilfe angehen, — jenen älteren, ihr nicht sehr sympathischen
970 3069 2394 3125 Herrn, den sie eben erst ein wenig ironisch begrüßt hat. Innerst aufgewühlt,
976 3115 2386 3177 kann sie niemandem ins Auge sehen und flüchtet sich auf ihr Zimmer. Ihre
1042 3196 1424 3294 1) Paul Zsolnay, Verlag.
2297 3304 2403 3381 763
