3296 4320
92 172 252 257 31.
1120 160 1466 245 box 5/4
275 165 946 238 Fraeulein Else
271 217 941 278 #. a. — — 1  —  an   n
422 1026 1226 1154 „OBSERVER
504 1123 1178 1208 I. österr. behördl. konzessioniertes
484 1168 1204 1258 Unternehmen für Zeitungs-Ausschnitte
550 1227 1143 1327 WIEN, I., WOLLZELLE 11
620 1292 1089 1358 TELEPHON R-23-0-43
440 1435 801 1522 Ausschnitt aus:
743 1491 1105 1586 einge Valben
452 1626 1146 1746 vomz) 20. UAN. 1937
1131 1753 1388 1816 Mii
372 1816 807 1904 GERICHT.
353 1897 2068 2024 Der Schauspieler mit den vier Namen.
393 1990 2074 2074 Gestern wurde der Schauspieler Leo Reuß, der im Theater an der Josefstadt unter
399 2045 2082 2123 dem Namen „Kaspar Brandhofer“ aufgetreten ist, vom Bezirksgericht Hietzing
553 2085 1947 2162 wegen Falschmeldung zu 100 Schilling Geldstrafe bedingt verurteilt.
645 2157 1821 2238 Wie aus Leo Reuß ein Kaspar Altenberger wurde.
1251 2220 2079 2294 nicht auftreten und habe daher versucht, in
424 2236 1227 2312 Unter allen Anzeichen eines Sensations¬
1249 2276 2084 2335 Oesterreich unterzukommen. Als ihm das nicht
380 2291 1225 2355 prozesses ging gestern die Strafverhandlung
1246 2323 2086 2377 gelang, habe er sich vom Verwalter des Gutes
379 2331 1224 2391 gegen den Schauspieler Leo Reuß recte Reis,
1265 2358 2084 2414 Sonnberg“ Kaspar Altenberger, die
387 2370 1221 2431 dessen recht seltsam anmutendes Täuschungs¬
1259 2384 1837 2450 Personaldokumente geben lassen.
380 2413 1218 2468 manöver Publikum und Presse im Dezember
1287 2410 2085 2490 Da sich Reuß eien Bart zugelegt hatte,
388 2444 1218 2498 vorigen Jahres in außerordentlicher Weise be¬
1247 2472 2079 2523 konnte er, von seinen Berufskollegen un¬
398 2482 1230 2536 chäftigt hat, beim Bezirksgericht
1250 2508 2091 2559 erkannt, die Schauspielerprüfung beim Ring
384 2518 1220 2575 Hietzing vor sich. Der Verhandlungssaal
1257 2542 2087 2596 der Bühnenkünstler ablegen. Durch Empfehlung
392 2561 1224 2614 des Strafrichters Dr. Rauscher sah eine
1253 2592 2091 2643 Max Reinhardts, der ebenfalls durch den
385 2598 1220 2658 Menge Gäste: Pressevertreter, Photographen
1252 2622 2087 2680 „Tiroler Bart“ des Emigranten getäuscht
389 2637 1227 2690 und Neugierige. Die Affäre Brandhofer=Reuß
1260 2662 2092 2714 wurde, kam Reuß zu Direktor Lothar. Mittler¬
391 2675 1223 2728 ist eine der tollsten Komödien, die die Wirk¬
1260 2699 2090 2750 weile ergaben aber die Erhebungen, daß sich
387 2720 955 2777 lichkeit jemals geschrieben hat.
1255 2744 2093 2787 Reuß auch unter dem falschen Namen Alten¬
423 2748 1234 2811 Im Dezember vorigen Jahres brachte das
1252 2774 2089 2828 berger polizeilich gemeldet hatte, weshalb
391 2799 1223 2858 Theater in der Josefstadt die Dramatisierung
1258 2818 2088 2876 gegen ihn die Anklage nach § 320 g
388 2847 1224 2891 von Artur Schuitzlers Novelle „Fräulein
1260 2850 2094 2908 Str6. (Uebertretung der Meldevorschriften
394 2881 1228 2928 Else“ in der Bearbeitung von Hofrat Doktor
1262 2890 2092 2955 derjenigen, die sich eines fremden Ausweises
394 2912 1229 2965 Ernst Lothar heraus. Unter den Künstlern
1259 2941 1725 2994 bedienen) erhoben wurde.
398 2956 1230 3010 fiel der Darsteller der Rolle des Dorsay
601 2992 1234 3054 wie es hieß — neuer Schauspieler.
1293 2978 2053 3065 „Seelische Depression“ als Verant¬
399 3000 609 3050 auf, ein —
387 3030 1238 3082 Dieser Darsteller, der auf dem Theaterzettel
1583 3041 1787 3109 wortung.
394 3069 1179 3134 als „Kaspar Brandhofer“ aufschien,
1293 3081 2099 3146 Leo Reuß ist ein Mann mit dunklen Augen,
439 3110 1204 3165 wurde als Tiroler Bauer bezeichnet, der
1261 3125 2103 3182 blondem Vollbart und blondem, leicht an¬
437 3155 1210 3205 in Wirklichkeit Kaspar Altenberger heiße
1253 3156 2092 3225 gegrauten Haar. Vor dem Richter gab er an,
430 3189 1197 3263 und der zum erstenmal in seinem Leben
1259 3212 2097 3255 im Jahre 1891 in Dolina in Polen geboren
629 3234 1017 3297 auf der Bühne stehe.
1258 3242 2103 3294 und staatenlos zu sein. Wie wir erfahren, ist
395 3258 1236 3326 Brandhofer hatte einen blonden Voll¬
1262 3277 2101 3329 er der Sohn eines jüdischen Tierarztes, hat
395 3313 1234 3364 bart, den er um keinen Preis opfern wollte.
1268 3319 2100 3370 sich aber später in Wien taufen lassen. Reuß,
1263 3359 2100 3405 der mit drei Jahren nach Wien gekommen war,
437 3357 1238 3418 Kurz nach der Premiere aber gab es eine
2021 3394 2105 3441 Den
1278 3399 1993 3444 tudierte hier an der Kunstakademie.
395 3389 1236 3449 neue Sensation: In einem an den Präsidenten
1268 3438 2102 3489 Krieg machte er als Deutschmeisteroffizier
696 3442 1244 3495 der Bühnenkünstler, Hans
648 3450 692 3486 035
1264 3479 2110 3525 mit. Nach dem Kriege trat er in Wien in der
399 3481 1237 3528 Homma, gerichteten Briefe gab der „Tiroler
1269 3515 2091 3564 „Komödie“ und in der „Neuen Freien Bühne“
407 3512 1241 3563 Bauer“ zu, mit dem aus Deutschland emigrier¬
1267 3543 2110 3595 auf. Dann kam er nach Deutschland, wo seiner
401 3553 1243 3618 ten Berufsschauspieler Leo Reuß identisch
1268 3588 2107 3637 Bühnenkarriere die Nassengesetze des Dritten
392 3598 553 3659 zu sein.
1261 3628 1757 3688 Reiches ein Ende machten.
449 3614 1220 3687 Er habe sich, so gab er an, dieses Tricks
1300 3670 2028 3721 Richter: Heißen Sie Neis oder Reuß?
444 3680 1213 3746 bedient, um in Wien ein Engagement zu
1267 3714 2109 3760 Angekl. (leise): Reis. Aber mein Künstler¬
760 3720 893 3774 finden.
1275 3748 2107 3803 name ist Neuß. — Richter: Welches Einkom¬
412 3756 1251 3815 Jahrelang hatte er in Berlin gearbeitet, könne
1275 3787 2118 3837 men haben Sie? — Angekl.: 1000 Schilling
412 3801 1244 3848 aber jetzt im nationalsozialistischen Deutsch¬
1264 3818 2126 3891 im Monat. — Nichter: Wann sind Sie in den
412 3836 1257 3908 land infolge seiner semitischen Abstammung
2432 310 2875 385 Nr. 20 — Seite 9
2069 412 2918 480 Besitz der Dokumente des Herrn Altenheimer
2068 468 2921 518 gekommen? — Angekl.: Anfang 1936. Ich habe
2079 514 2913 560 sie aber nur beim Ring der Bühnenkünstler vor¬
2087 548 2858 598 gelegt Sonst habe ich sie nie verwendet.
2078 580 2916 645 Richter: Dort haben Sie die Schauspielerprü¬
2076 616 2759 697 fung abzulegen gehabt? — Angekl.:
2111 668 2890 736 Ja, diese Prüfung hasse ich als Allen¬
2354 709 2646 766 berger abgelegt.
2116 739 2934 809 Im weiteren Verlauf des Verhöres suchte
2083 787 2922 843 der Angeklagte seine Handlungsweise auf fol¬
2086 824 2861 881 gende Weise zu erklären: „Ich habe mich
2089 868 2923 920 Oesterreich bemüht, irgendeine Stellung, und
2092 904 2928 958 sei sie noch so gering, zu bekommen Es ist nir
2084 946 2929 993 ausnahmslos nicht gelungen. Ich bin in eine
2077 983 2930 1036 furchtbare seelische Depression
2084 1019 2924 1072 geraten. Ich bekam derartige Minderwertig¬
2092 1051 2931 1107 keitsgefühle, daß ich mir sagte, mein früherer
2082 1090 2929 1146 Erfolg war nur an meinen Namen geknüpft.
2087 1128 2930 1191 Ich habe daher diese Farce inszeniert, um
2084 1171 2927 1223 dahinter zu kommen, ob ich ein Schauspieler
2090 1209 2939 1263 bin oder nicht. Ich habe mir gedacht, ich werde
2080 1245 2929 1304 als unscheinbarer Landmann beim Ring
2087 1276 2926 1346 meine Prüfung machen. Da werde ich sehen,
2088 1322 2941 1385 ob man mich als Schausvieler anerkennt oder
2083 1366 2942 1420 nicht. Es wäre mir nichts daran gelegen, zu
2093 1399 2839 1473 verhungern, aber dann als Schauspieler.
2304 1447 2726 1520 Eine Selbstanzeige.
2130 1489 2935 1571 Der Verteidiger gab an, daß der Ange¬
2092 1548 2940 1606 klagte vor der Premiere im Theater an der
2097 1580 2946 1648 Josefstadt einen Brief bei ihm hinterlegt
2098 1620 2933 1683 habe, der erst nachher geöffnet werden sollte.
2097 1662 2940 1730 Der Schauspieler sei auch nach der Premiere
2096 1708 2933 1765 zu ihm in die Kanzlei gekommen und habe
2102 1738 2945 1807 ihm gestanden, wer er war. Dieser Brief wurde
2099 1775 2944 1843 dem Richter vorgelegt; der Nichter stellte fest,
2094 1822 2944 1876 daß der Angeklagte darin erklärte, daß er aus
2844 1856 2951 1908 ge¬
2101 1850 2839 1921 seelischer Depression zu diesem Mittel
2102 1889 2951 1962 griffen habe, um sich selbst zu beweisen, daß er
2101 1942 2474 1999 ein Schauspieler sei.
2139 1947 2942 2029 Nichter: „Sehen Sie ein, daß Sie unrichtig
2097 2011 2655 2089 gehandelt haben? — Angekl.
2134 2036 2915 2137 Ich sehe ein, daß ich trotz meiner schweren
2188 2092 2858 2154 Situation unrichtig gehandelt habe.
2109 2129 2946 2208 Ich möchte nur noch erwähnen, daß ich selbst
2109 2175 2953 2245 die Sache aufgedeckt habe und daß ich mich
2888 2218 2945 2260 —
2102 2215 2894 2279 unmittelbar danach sofort umgemeldet habe.
2109 2250 2952 2318 Damit war das Beweisverfahren geschlossen.
2107 2291 2955 2357 Der staatsanwaltschaftliche Funktionär bean¬
2108 2329 2888 2397 tragte die Bestrafung des Angeklagten,
2112 2360 2943 2433 durch seinen angeblichen seelischen Notstand
2111 2394 2949 2471 kein unwiderstehlicher Zwang im Sinne des
2117 2459 2477 2532 Gesetzes gegeben sei.
2402 2493 2673 2579 Das Urteil.
2147 2537 2957 2628 Der Richter erkannte Leo Reis im Sinne
2110 2596 2947 2664 der Anklage schuldig und verhängte über
2119 2624 2954 2700 ihn eine Geldstrafe von hundert
2111 2663 2957 2739 Schilling, im Nichteinbringungsfall eine
2110 2706 2953 2779 Arreststrafe von 48 Stunden. Mit Rücksicht auf
2111 2742 2963 2824 die bisherige Unbescholtenheit des Angeklagten
2115 2782 2958 2860 wurde die Strafe mit zweijähriger Bewäh¬
2107 2819 2967 2894 rungsfrist bedingt ausgesprochen. In der
2117 2860 2965 2944 Urteilsbegründung sagte der Richter, daß eine
2126 2898 2959 2978 eelische Depression nie so weit gehen dürfe,
2112 2942 2655 3030 daß ein Gesetz verletzt werde.
2151 2977 2969 3062 Reis hörte das Urteil ruhig und in stram¬
2120 3026 2974 3098 mer Haltung an. Er erklärte, die Strafe an¬
2115 3078 2516 3150 nehmen zu wollen.
