3392 4256
129 266 172 340 1
823 266 905 335 0
241 270 1303 373 Panphletsfprints
759 1094 875 1172 134
123 1186 1532 1276 verzehren muß, so glücklich als Symbol des dichterischen Willens,
133 1272 1515 1348 der der tötlichen analytischen Betrachtung in eine Welt des Ent¬
133 1313 1518 1402 schlusses und der Tat entlaufen möchte, daß eine starke, balladen¬
124 1368 1520 1456 artige Wirkung nicht ausbleiben kann. Das Wesen der Balladen¬
138 1431 1527 1522 wirkung aber ist es, aus einer starken menschlichen Handlung
128 1491 1536 1571 einen einheitlich lyrischen Stimmungston statt eines dramatischen
136 1564 1519 1633 Zweiklangs zu bilden. Und über diese Zwischenstufe zwischen
139 1624 1524 1708 dem lyrischen und dem dramatischen Gedicht, über die Balladen¬
136 1678 1511 1746 wirkung, ist im Grunde Hofmannsthal nicht hinausgekommen —
138 1724 1530 1802 denn es gelingt ihm, sich für den aktiven, den wollenden Men¬
143 1785 1532 1865 schen zu begeistern, aber nicht ihn ganz zu erfüllen, ihn darzu¬
144 1860 1531 1935 stellen. Er gibt die Stimmung einer Handlung, nicht die Hand¬
147 1902 1542 1994 lung selbst. Dies wird dann in seinen folgenden dramatischen
145 1963 1534 2055 Versuchen, die nicht über einem so glücklich konzentrierten Bal¬
146 2044 1546 2104 ladenmotiv wie die Elektra komponiert sind, hemmend bemerk¬
142 2086 1540 2158 bar: lyrische Stimmungsmalerei überwuchert und erdrückt den
153 2157 1548 2229 dramatischen Dialog; nur hin und wieder gewinnen ein paar
143 2227 1543 2307 balladeske Situationen anschauliche Kraft. In der Wendung, die
155 2275 1547 2346 das Stoffliche dieser Dramen fast unbewußt nimmt, symbolisiert
147 2317 1556 2401 sich Hofmannsthals nur sehnsüchtiges Verhältnis zur Welt der Tat
158 2381 1536 2456 und des Willens aufs merkwürdigste: Im „geretteten Venedig“
153 2463 1552 2525 soll die verhängnisvolle Freundschaft eines Tapferen und eines
146 2498 1549 2570 aus übermäßiger Sensibilität Feigen das Hauptmotiv abgeben.
157 2557 1547 2643 In Odipas und die Sphina wird Odipus, der ahnenlos nur „in
163 2616 1552 2695 seinen Taten wohnen“ will, mit Creon, dem das Ubermaß der
149 2677 1559 2758 Erkenntnis die Möglichkeit zum Handeln genommen hat und in
160 2753 1548 2829 dessen Mund Hebbels Wort „man kann sich auch mit Taten
164 2789 1554 2880 schminken“ auflebt, kontrastiert. Aber in jedem Fall überwiegt
155 2855 1563 2939 in des Dichters Anteil und Darstellungsfähigkeit das Element
165 2933 1557 2991 des Tatunfähigen, bedenkenvoll Gelähmten so sehr, daß auch
167 2975 1558 3066 für unser Gefühl wieder der alte Hofmannsthalsche Thor mit
169 3030 1570 3119 seinen tragischen Monologen das Stück beherrscht. Und in seinen
174 3107 1561 3176 folgenden Bühnenarbeiten, die sich mit immer krampfhafterer
176 3147 1568 3239 Bemühung dem leichten, in sinnlicher Kraft entfalteten Leben
176 3235 1556 3297 zuwenden, wird der Effekt immer mehr ein spielerischer, äußer¬
169 3268 1563 3352 licher; ohne rechte eigene Tragkraft, nur noch als allgemeine
169 3327 1573 3406 Stimmungsauslösungen wirksam, werden diese Kompositionen von
180 3387 1574 3476 selbst zu bloßen szenischen und musikalischen Partituren, werden
177 3444 1568 3542 mit Grund zu Operntexten. (Von denen erst wieder die Ariadne
1454 256 1925 356 box 36/5
2328 1068 2467 1146 135
1704 1170 3087 1242 auf Nawos eine dichterische, freilich ganz undramatische Schön¬
1694 1256 3091 1302 heit und ernsten Sinn zeigt.) Die minderen Talente aber, die
1698 1291 3102 1364 in großer Zahl den Spuren Hofmannsthals folgten (Vollmöller und
1693 1372 3083 1419 Ernst Hardt sind durch ihre Erfolge hier am bekanntesten ge¬
1703 1416 3096 1479 worden), kommen zu einem bunten, aller inneren Notwendigkeit
1702 1473 3085 1536 barem Theaterstück, dem sie mit dem Sprachstil von Hofmanns¬
1701 1530 3102 1589 thals melancholischer Lyrik ein literarisches Air zu geben suchen.
1702 1598 3090 1660 In Wahrheit aber gelangen sie auf diesem Umweg ganz zu jenem
1699 1654 3094 1713 epigonischen, aus der literarischen Einfühlung gewachsenen, von
1695 1704 3102 1765 keiner inneren Not gerechtfertigten Kostümspiel, von denen sich
1703 1776 3097 1837 wenige Jahrzehnte zuvor unsere literarische Jugend so stürmisch
2182 1823 3099 1902 — Mußte selbst Gerhart Hauptmanns Stil,
1699 1835 2097 1900 losgerissen hatte.
1706 1882 3091 1949 der aus der Liebe zum Menschen, aber nur zum passiven Men¬
1697 1965 3087 2007 schen erwuchs, eine fühlbare Kluft zwischen sich und der eigent¬
1694 2018 3105 2071 lichen Anforderung des Dramas lassen, so kann vollends keine
1704 2066 3087 2125 stilistische Anspannung die Unmöglichkeit verdecken, aus Hof¬
1705 2137 3097 2202 mannsthals skeptischen, ja fast nihilistischen Verhältnisse zum
1708 2196 3100 2245 Menschen heraus ein Drama zu dichten. Der Weg ist hier so weit,
1705 2244 3098 2309 daß die seelische Kraft allmählich erlahmt und ein bloßes Spiel
1709 2311 3100 2374 an die Stelle tritt. Wie indessen von dem Hauptmannschen Drama
1703 2351 3104 2411 eine neue Kunst transparenter Menschendarstellung, so wird als
1709 2424 3095 2487 ein bescheidenerer aber nic ganz zu verachtender Gewinn vom
1712 2476 3102 2537 Hofmannsthalschen Vers dies neue Pathos des staunenden, er¬
1714 2528 3101 2602 schreckten und verwirrten Menschen in der Entwicklungsgeschichte
1703 2599 2173 2671 des Dramas bleiben.
1828 2645 3095 2720 Haben wir bisher in zwei wesentlichen Typen die Drama¬
1716 2722 3106 2780 tiker betrachtet, denen jener naturalistische Aufschwung, mit dem
1715 2782 3106 2833 die Geschichte der gegenwärtigen Kunst beginnt, im wesentlichen
1719 2825 3108 2893 die Auslieferung des Menschen an die Natur bedeutete, so ist
1713 2894 3113 2945 nun von denen zu reden, die die Wogen der neuen Zeit zu einem
1714 2957 3112 3012 Gefühl von Naturherrschaft, von der Kraft und vom Recht der
1711 3012 3103 3066 menschlichen Individualität trugen. Es ist ohne weiteres klar,
1709 3054 3110 3114 daß von solcher Empfindung ein unmittelbarer und gerader Weg
1708 3137 3110 3193 zum Drama gegeben ist, den ein großer Dichter wie Hauptmann,
1712 3176 3107 3243 ein feiner Künstler wie Hofmannsthal nicht besitzen. In der Tat,
1720 3243 3106 3303 wenn man das Erstlingswerk Frank Wedekinds ansieht, wenn
1716 3301 3109 3371 man einzelne Szenen von Frühlings-Ertachen auf sich wirken
1713 3357 3124 3421 läßt, so atmet man reinere dramatische Luft, als in irgend einem
1720 3432 3128 3489 anderen Werk der letzten deutschen Epoche. Hier ist alles
1704 3766 1936 3877 SR
2647 3870 2702 3925 8
2589 3864 2640 3924 2
2391 3869 2589 3942 S
2908 3983 2952 4057 8
2355 3997 2762 4067 S
2472 4050 2753 4120 I
2387 4115 2630 4175 T
