<?xml version="1.0" encoding="UTF-8" standalone="yes"?>
<PcGts xmlns="http://schema.primaresearch.org/PAGE/gts/pagecontent/2013-07-15" xmlns:xsi="http://www.w3.org/2001/XMLSchema-instance" xsi:schemaLocation="http://schema.primaresearch.org/PAGE/gts/pagecontent/2013-07-15 http://schema.primaresearch.org/PAGE/gts/pagecontent/2013-07-15/pagecontent.xsd">
    <Metadata>
        <Creator>prov=University of Rostock/Institute of Mathematics/CITlab/Gundram Leifert/gundram.leifert@uni-rostock.de:name=ONB_Newseye_GT_M1+(htr_id=10810)::::v=2.4.2
prov=University of Rostock/Institute of Mathematics/CITlab/Tobias Gruening/tobias.gruening@uni-rostock.de:name=de.uros.citlab.module.baseline2polygon.B2PSeamMultiOriented:v=2.4.2
prov=University of Rostock/Institute of Mathematics/CITlab/Tobias Gruening/tobias.gruening@uni-rostock.de:name=/mnt/transkribus/LA/DEA/URO/LA_news_onb_att.pb:de.uros.citlab.segmentation.CITlab_LA_ML:v=2.4.2
Transkribus</Creator>
        <Created>2019-10-07T15:15:20.383+02:00</Created>
        <LastChange>2019-10-09T03:37:17.810+02:00</LastChange>
        <TranskribusMetadata docId="224207" pageId="9514994" pageNr="13" tsid="16620262" status="IN_PROGRESS" userId="40391" imgUrl="https://files.transkribus.eu/Get?id=YHFYOCGMVCFHTSVQIKIFAFET&amp;fileType=view" xmlUrl="https://files.transkribus.eu/Get?id=NFLVMOXAZVJWKABXHJTUNUTZ" imageId="6203228"/>
    </Metadata>
    <Page imageFilename="224207_0013.jpeg" imageWidth="3392" imageHeight="4256">
        <ReadingOrder>
            <OrderedGroup id="ro_1711443685699" caption="Regions reading order">
                <RegionRefIndexed index="0" regionRef="r1"/>
                <RegionRefIndexed index="1" regionRef="r2"/>
                <RegionRefIndexed index="2" regionRef="r3"/>
            </OrderedGroup>
        </ReadingOrder>
        <TextRegion orientation="0.0" id="r1" custom="readingOrder {index:0;}">
            <Coords points="142,237 142,388 200,388 200,237"/>
            <TextLine id="r1l1" custom="readingOrder {index:0;}">
                <Coords points="134,359 164,363 181,345 192,347 197,352 210,350 210,299 181,299 166,289 134,291"/>
                <Baseline points="142,337 171,338 200,337"/>
                <TextEquiv>
                    <Unicode>1</Unicode>
                </TextEquiv>
            </TextLine>
            <TextEquiv>
                <Unicode>1</Unicode>
            </TextEquiv>
        </TextRegion>
        <TextRegion orientation="0.0" id="r2" custom="readingOrder {index:1;}">
            <Coords points="231,199 231,4177 3142,4177 3142,199"/>
            <TextLine id="r2l1" custom="readingOrder {index:0;}">
                <Coords points="1858,246 2043,246 2119,282 2198,245 2377,258 2376,195 2331,217 1857,215"/>
                <Baseline points="1867,238 1892,238 1917,239 1942,239 1967,239 1992,239 2017,239 2042,239 2067,239 2092,239 2118,239 2143,238 2168,237 2193,236 2218,236 2243,235 2268,234 2293,233 2318,231 2343,230 2369,228"/>
                <TextEquiv>
                    <Unicode>—.—</Unicode>
                </TextEquiv>
            </TextLine>
            <TextLine id="r2l2" custom="readingOrder {index:1;}">
                <Coords points="849,348 872,348 880,343 881,345 892,335 906,337 909,293 897,293 889,296 888,294 881,295 870,291 867,293 863,289 853,288"/>
                <Baseline points="859,338 897,340"/>
                <TextEquiv>
                    <Unicode>0</Unicode>
                </TextEquiv>
            </TextLine>
            <TextLine id="r2l3" custom="readingOrder {index:2;}">
                <Coords points="1452,356 1496,342 1512,356 1540,346 1618,362 1670,344 1725,366 1759,348 1799,368 1833,354 1878,371 1928,365 1928,301 1870,278 1727,283 1695,299 1648,286 1593,304 1568,290 1540,300 1510,279 1452,307"/>
                <Baseline points="1461,344 1486,343 1511,343 1537,343 1562,343 1588,343 1613,344 1639,344 1664,344 1690,345 1715,345 1740,345 1766,345 1791,345 1817,345 1842,345 1868,344 1893,343 1919,342"/>
                <TextEquiv>
                    <Unicode>box 36/5</Unicode>
                </TextEquiv>
            </TextLine>
            <TextLine id="r2l4" custom="readingOrder {index:3;}">
                <Coords points="255,366 1085,388 1284,375 1318,315 964,281 851,348 664,282 256,294"/>
                <Baseline points="265,356 317,356 369,356 421,356 473,356 525,356 577,357 630,357 682,357 734,358 786,358 838,358 890,359 942,359 995,360 1047,360 1099,360 1151,360 1203,360 1255,360 1308,359"/>
                <TextEquiv>
                    <Unicode>Panphlets „fprints</Unicode>
                </TextEquiv>
            </TextLine>
            <TextLine id="r2l5" custom="readingOrder {index:4;}">
                <Coords points="2316,1142 2331,1137 2357,1141 2367,1152 2383,1145 2406,1150 2418,1145 2425,1151 2440,1143 2476,1153 2479,1099 2457,1103 2437,1092 2426,1093 2420,1085 2404,1086 2383,1077 2319,1089"/>
                <Baseline points="2326,1125 2354,1131 2382,1133 2411,1134 2439,1133 2468,1135"/>
                <TextEquiv>
                    <Unicode>— 129</Unicode>
                </TextEquiv>
            </TextLine>
            <TextLine id="r2l6" custom="readingOrder {index:5;}">
                <Coords points="794,1133 850,1143 882,1161 900,1150 935,1159 946,1152 954,1161 967,1155 984,1167 999,1157 1013,1159 1012,1113 987,1117 958,1102 922,1108 879,1095 821,1119 795,1112"/>
                <Baseline points="803,1133 828,1135 853,1136 878,1137 904,1139 929,1141 954,1142 979,1143 1005,1144"/>
                <TextEquiv>
                    <Unicode>— 128</Unicode>
                </TextEquiv>
            </TextLine>
            <TextLine id="r2l7" custom="readingOrder {index:6;}">
                <Coords points="1720,1261 3051,1255 3125,1247 3125,1200 1719,1211"/>
                <Baseline points="1729,1243 1798,1241 1867,1241 1937,1240 2006,1239 2076,1239 2145,1238 2214,1238 2284,1238 2353,1238 2423,1238 2492,1238 2561,1238 2631,1238 2700,1238 2770,1238 2839,1237 2908,1237 2978,1237 3047,1236 3117,1236"/>
                <TextEquiv>
                    <Unicode>großstädtischen Mörder für einen Augenblick die „Seele“ frei¬</Unicode>
                </TextEquiv>
            </TextLine>
            <TextLine id="r2l8" custom="readingOrder {index:7;}">
                <Coords points="223,1248 1600,1261 1636,1193 223,1197"/>
                <Baseline points="231,1243 300,1243 370,1243 440,1244 510,1244 580,1245 649,1246 719,1246 789,1247 859,1247 929,1248 998,1248 1068,1249 1138,1249 1208,1249 1278,1249 1347,1248 1417,1248 1487,1247 1557,1246 1627,1244"/>
                <TextEquiv>
                    <Unicode>mann so oft und falsch nachgesagt hat, besitzt der Dichter der</Unicode>
                </TextEquiv>
            </TextLine>
            <TextLine id="r2l9" custom="readingOrder {index:8;}">
                <Coords points="1719,1303 3084,1314 3128,1307 3128,1252 1719,1270"/>
                <Baseline points="1727,1301 1796,1300 1866,1300 1935,1299 2005,1299 2075,1298 2144,1298 2214,1298 2283,1298 2353,1298 2423,1298 2492,1298 2562,1297 2631,1297 2701,1297 2771,1297 2840,1296 2910,1296 2979,1295 3049,1294 3119,1293"/>
                <TextEquiv>
                    <Unicode>zumachen — die durch kein äußeres Schicksal zu verwirkende</Unicode>
                </TextEquiv>
            </TextLine>
            <TextLine id="r2l10" custom="readingOrder {index:9;}">
                <Coords points="242,1304 1550,1329 1637,1269 242,1267"/>
                <Baseline points="251,1300 319,1301 388,1303 457,1304 526,1305 595,1306 664,1307 732,1307 801,1307 870,1307 939,1307 1008,1307 1077,1307 1146,1307 1214,1307 1283,1307 1352,1307 1421,1307 1490,1307 1559,1308 1628,1309"/>
                <TextEquiv>
                    <Unicode>M’eber nicht. Ihm kommt es immer nur darauf an, unter dem</Unicode>
                </TextEquiv>
            </TextLine>
            <TextLine id="r2l11" custom="readingOrder {index:10;}">
                <Coords points="1725,1365 2875,1379 3085,1368 3123,1327 1725,1333"/>
                <Baseline points="1733,1360 1802,1359 1871,1358 1940,1358 2009,1357 2078,1357 2147,1357 2216,1357 2285,1358 2354,1358 2424,1358 2493,1358 2562,1358 2631,1358 2700,1358 2769,1357 2838,1357 2907,1356 2976,1354 3045,1353 3115,1351"/>
                <TextEquiv>
                    <Unicode>Fähigkeit des Menschen sich liebend, fühlend, ahnend über die</Unicode>
                </TextEquiv>
            </TextLine>
            <TextLine id="r2l12" custom="readingOrder {index:11;}">
                <Coords points="237,1381 1648,1371 1648,1336 1425,1316 238,1341"/>
                <Baseline points="246,1361 315,1363 385,1364 455,1366 524,1367 594,1367 664,1368 733,1369 803,1369 873,1369 943,1369 1012,1369 1082,1369 1152,1369 1221,1369 1291,1369 1361,1368 1430,1368 1500,1368 1570,1367 1640,1367"/>
                <TextEquiv>
                    <Unicode>größten äußeren Druck die letzte seelische Freiheit des Einzelnen</Unicode>
                </TextEquiv>
            </TextLine>
            <TextLine id="r2l13" custom="readingOrder {index:12;}">
                <Coords points="1732,1432 3035,1431 3128,1413 3128,1374 1731,1395"/>
                <Baseline points="1740,1420 1812,1419 1885,1418 1957,1417 2030,1416 2102,1416 2175,1416 2248,1416 2320,1416 2393,1416 2465,1416 2538,1416 2610,1416 2683,1416 2756,1416 2828,1415 2901,1415 2973,1413 3046,1412 3119,1410"/>
                <TextEquiv>
                    <Unicode>eigene sinnliche Existenz zu erheben. — Weil er aber so an die</Unicode>
                </TextEquiv>
            </TextLine>
            <TextLine id="r2l14" custom="readingOrder {index:13;}">
                <Coords points="235,1438 1630,1442 1630,1398 1558,1380 235,1389"/>
                <Baseline points="244,1423 312,1423 381,1423 450,1424 519,1425 588,1425 657,1426 726,1427 795,1428 864,1428 933,1429 1001,1429 1070,1430 1139,1430 1208,1430 1277,1429 1346,1429 1415,1428 1484,1426 1553,1425 1622,1423"/>
                <TextEquiv>
                    <Unicode>zu zeigen, die untilgbar ist: „ein jeder Mensch hat halt a Sehn¬</Unicode>
                </TextEquiv>
            </TextLine>
            <TextLine id="r2l15" custom="readingOrder {index:14;}">
                <Coords points="1719,1502 3124,1479 3085,1421 2515,1460 1719,1436"/>
                <Baseline points="1727,1479 1796,1478 1865,1477 1935,1476 2004,1475 2074,1475 2143,1475 2212,1475 2282,1475 2351,1476 2421,1476 2490,1476 2559,1476 2629,1476 2698,1476 2768,1475 2837,1475 2906,1474 2976,1472 3045,1471 3115,1468"/>
                <TextEquiv>
                    <Unicode>Zauberkraft der Seele glaubt, die er noch zum Ziele seiner</Unicode>
                </TextEquiv>
            </TextLine>
            <TextLine id="r2l16" custom="readingOrder {index:15;}">
                <Coords points="234,1497 303,1500 324,1491 345,1493 356,1502 372,1488 414,1495 415,1444 400,1446 390,1439 341,1443 320,1436 304,1452 275,1454 258,1446 235,1457"/>
                <Baseline points="244,1479 270,1480 297,1479 324,1478 351,1478 378,1479 405,1484"/>
                <TextEquiv>
                    <Unicode>sucht.“</Unicode>
                </TextEquiv>
            </TextLine>
            <TextLine id="r2l17" custom="readingOrder {index:16;}">
                <Coords points="1735,1543 3087,1547 3131,1488 1735,1507"/>
                <Baseline points="1743,1536 1812,1535 1881,1535 1950,1534 2019,1534 2088,1533 2157,1533 2226,1533 2295,1533 2364,1534 2433,1534 2502,1534 2571,1534 2640,1534 2709,1534 2778,1533 2847,1533 2916,1532 2985,1532 3054,1531 3123,1530"/>
                <TextEquiv>
                    <Unicode>dunkelsten Tragödien macht, so ist es kein Widerspruch, sondern</Unicode>
                </TextEquiv>
            </TextLine>
            <TextLine id="r2l18" custom="readingOrder {index:17;}">
                <Coords points="346,1553 774,1570 815,1539 1128,1584 1204,1544 1632,1553 1632,1514 1558,1494 347,1500"/>
                <Baseline points="355,1541 418,1541 481,1541 545,1541 608,1542 672,1542 735,1542 798,1542 862,1543 925,1543 989,1543 1052,1543 1115,1544 1179,1544 1242,1544 1306,1544 1369,1545 1432,1545 1496,1545 1559,1545 1623,1545"/>
                <TextEquiv>
                    <Unicode>Wie in Hannele aus dem Todeskampf des armen, elenden</Unicode>
                </TextEquiv>
            </TextLine>
            <TextLine id="r2l19" custom="readingOrder {index:18;}">
                <Coords points="1736,1605 3023,1613 3132,1594 3132,1550 1736,1559"/>
                <Baseline points="1745,1599 1813,1597 1882,1595 1951,1594 2020,1593 2089,1592 2158,1592 2227,1591 2296,1591 2365,1591 2434,1591 2502,1591 2571,1592 2640,1592 2709,1592 2778,1593 2847,1593 2916,1593 2985,1593 3054,1593 3123,1593"/>
                <TextEquiv>
                    <Unicode>eine einfache Konsequenz seiner innersten Natur, daß dieser</Unicode>
                </TextEquiv>
            </TextLine>
            <TextLine id="r2l20" custom="readingOrder {index:19;}">
                <Coords points="222,1603 1649,1620 1649,1572 1505,1551 223,1538"/>
                <Baseline points="232,1598 302,1599 372,1600 443,1600 513,1601 584,1601 654,1601 724,1602 795,1602 865,1602 936,1602 1006,1603 1076,1603 1147,1603 1217,1603 1288,1603 1358,1603 1428,1603 1499,1603 1569,1603 1640,1603"/>
                <TextEquiv>
                    <Unicode>Dorfkindes der Traum aufsteigt, in dem die Seele göttlich frei</Unicode>
                </TextEquiv>
            </TextLine>
            <TextLine id="r2l21" custom="readingOrder {index:20;}">
                <Coords points="1737,1667 3008,1671 3133,1614 1737,1618"/>
                <Baseline points="1745,1658 1817,1657 1890,1656 1962,1655 2035,1654 2107,1653 2180,1652 2253,1652 2325,1652 2398,1651 2470,1651 2543,1651 2615,1651 2688,1651 2761,1651 2833,1651 2906,1651 2978,1651 3051,1651 3124,1651"/>
                <TextEquiv>
                    <Unicode>Naturalist zugleich ein Märchendichter ist. Daß er zuweilen</Unicode>
                </TextEquiv>
            </TextLine>
            <TextLine id="r2l22" custom="readingOrder {index:21;}">
                <Coords points="236,1672 1634,1658 1562,1619 236,1617"/>
                <Baseline points="245,1658 314,1659 383,1659 452,1660 521,1661 590,1661 659,1662 728,1662 797,1662 866,1663 935,1663 1004,1663 1073,1663 1142,1663 1211,1663 1280,1662 1349,1662 1418,1661 1487,1661 1556,1660 1625,1659"/>
                <TextEquiv>
                    <Unicode>zum Himmel fährt, so bricht aus dem Dunkel Hauptmannscher</Unicode>
                </TextEquiv>
            </TextLine>
            <TextLine id="r2l23" custom="readingOrder {index:22;}">
                <Coords points="1731,1734 3101,1727 3127,1671 1731,1691"/>
                <Baseline points="1739,1715 1808,1713 1877,1712 1946,1711 2015,1710 2084,1710 2153,1709 2222,1709 2291,1709 2360,1709 2429,1709 2498,1709 2567,1709 2636,1710 2705,1710 2774,1710 2843,1711 2912,1711 2981,1711 3050,1711 3119,1711"/>
                <TextEquiv>
                    <Unicode>phantastische Idyllen schafft, in denen nicht aus blutigen Kämpfen,</Unicode>
                </TextEquiv>
            </TextLine>
            <TextLine id="r2l24" custom="readingOrder {index:23;}">
                <Coords points="239,1725 1647,1729 1647,1689 1511,1674 240,1677"/>
                <Baseline points="249,1718 318,1718 387,1719 457,1719 526,1719 596,1720 665,1720 735,1720 804,1721 874,1721 943,1721 1012,1721 1082,1722 1151,1722 1221,1722 1290,1722 1360,1722 1429,1722 1499,1722 1568,1722 1638,1722"/>
                <TextEquiv>
                    <Unicode>Milieudarstellung immer wieder jener Strom göttlichen Lichts,</Unicode>
                </TextEquiv>
            </TextLine>
            <TextLine id="r2l25" custom="readingOrder {index:24;}">
                <Coords points="1739,1783 3110,1786 3131,1737 1739,1741"/>
                <Baseline points="1748,1775 1816,1773 1885,1772 1954,1771 2022,1770 2091,1770 2160,1770 2228,1769 2297,1770 2366,1770 2435,1770 2503,1770 2572,1770 2641,1771 2709,1771 2778,1771 2847,1771 2915,1770 2984,1770 3053,1769 3122,1768"/>
                <TextEquiv>
                    <Unicode>sondern in leichtem göttlichen Spiel die erdüberwindende Seele</Unicode>
                </TextEquiv>
            </TextLine>
            <TextLine id="r2l26" custom="readingOrder {index:25;}">
                <Coords points="235,1781 1644,1774 1454,1729 235,1735"/>
                <Baseline points="245,1778 314,1778 384,1777 453,1777 523,1777 592,1777 662,1777 731,1778 801,1778 870,1778 940,1779 1010,1779 1079,1780 1149,1780 1218,1780 1288,1780 1357,1780 1427,1780 1496,1780 1566,1779 1636,1778"/>
                <TextEquiv>
                    <Unicode>um dessentwillen dieser Dichter im Grunde allein schafft. Das</Unicode>
                </TextEquiv>
            </TextLine>
            <TextLine id="r2l27" custom="readingOrder {index:26;}">
                <Coords points="1740,1853 2996,1846 3123,1835 3123,1784 1740,1790"/>
                <Baseline points="1749,1831 1817,1831 1885,1831 1953,1831 2022,1831 2090,1831 2158,1830 2226,1830 2295,1830 2363,1829 2431,1829 2499,1829 2568,1828 2636,1828 2704,1828 2772,1828 2841,1828 2909,1828 2977,1828 3045,1828 3114,1829"/>
                <TextEquiv>
                    <Unicode>triumphierend erhebt. „Hannele“, in dem aus der Milieutragödie</Unicode>
                </TextEquiv>
            </TextLine>
            <TextLine id="r2l28" custom="readingOrder {index:27;}">
                <Coords points="227,1839 1636,1861 1636,1805 1513,1790 227,1804"/>
                <Baseline points="237,1836 306,1836 376,1836 445,1836 515,1836 584,1836 654,1836 723,1836 793,1836 862,1837 932,1837 1002,1837 1071,1837 1141,1837 1210,1837 1280,1837 1349,1838 1419,1838 1488,1838 1558,1838 1628,1838"/>
                <TextEquiv>
                    <Unicode>Gôttliche dieser letzten Seelenmacht beweist sich eben darin,</Unicode>
                </TextEquiv>
            </TextLine>
            <TextLine id="r2l29" custom="readingOrder {index:28;}">
                <Coords points="1731,1903 3069,1908 3129,1885 3129,1834 1731,1856"/>
                <Baseline points="1739,1893 1808,1892 1877,1891 1946,1890 2015,1889 2084,1888 2153,1888 2222,1887 2291,1887 2360,1887 2430,1887 2499,1886 2568,1886 2637,1886 2706,1886 2775,1886 2844,1886 2913,1886 2982,1886 3051,1886 3121,1885"/>
                <TextEquiv>
                    <Unicode>unmittelbar das Märchenspiel erwächst, ist recht der Schlüssel</Unicode>
                </TextEquiv>
            </TextLine>
            <TextLine id="r2l30" custom="readingOrder {index:29;}">
                <Coords points="236,1897 1533,1922 1645,1900 1646,1863 237,1859"/>
                <Baseline points="245,1896 314,1895 384,1895 453,1895 523,1895 592,1895 662,1895 731,1895 801,1895 870,1895 940,1896 1010,1896 1079,1896 1149,1896 1218,1897 1288,1897 1357,1897 1427,1897 1496,1897 1566,1896 1636,1896"/>
                <TextEquiv>
                    <Unicode>daß sie nicht vertilgbar ist durch alle die Außenmächte, die in</Unicode>
                </TextEquiv>
            </TextLine>
            <TextLine id="r2l31" custom="readingOrder {index:30;}">
                <Coords points="1729,1948 3029,1967 3129,1945 3129,1904 1729,1920"/>
                <Baseline points="1737,1951 1806,1949 1875,1948 1944,1947 2013,1947 2083,1946 2152,1946 2221,1947 2290,1947 2359,1948 2429,1948 2498,1949 2567,1949 2636,1950 2705,1950 2775,1950 2844,1950 2913,1949 2982,1949 3051,1948 3121,1946"/>
                <TextEquiv>
                    <Unicode>seines Gesamtwerkes. Ein Wunderglauben, der Glaube an den</Unicode>
                </TextEquiv>
            </TextLine>
            <TextLine id="r2l32" custom="readingOrder {index:31;}">
                <Coords points="231,1964 1641,1977 1641,1921 1469,1907 231,1922"/>
                <Baseline points="239,1952 308,1953 378,1953 447,1954 517,1954 587,1954 656,1954 726,1954 796,1954 865,1954 935,1954 1005,1954 1074,1954 1144,1954 1214,1954 1283,1955 1353,1955 1423,1955 1492,1955 1562,1956 1632,1957"/>
                <TextEquiv>
                    <Unicode>den Menschen hineinwirken, und daß alle diese Geschöpfe, vom</Unicode>
                </TextEquiv>
            </TextLine>
            <TextLine id="r2l33" custom="readingOrder {index:32;}">
                <Coords points="1735,2032 3059,2026 3138,1966 1734,1969"/>
                <Baseline points="1743,2015 1812,2013 1881,2011 1950,2010 2020,2009 2089,2008 2158,2008 2228,2008 2297,2008 2366,2007 2436,2008 2505,2008 2574,2008 2643,2008 2713,2008 2782,2008 2851,2007 2921,2007 2990,2006 3059,2005 3129,2004"/>
                <TextEquiv>
                    <Unicode>heiligen, aller irdischen Bindung spottenden Geist, durchzieht</Unicode>
                </TextEquiv>
            </TextLine>
            <TextLine id="r2l34" custom="readingOrder {index:33;}">
                <Coords points="234,2012 1645,2032 1553,1969 234,1971"/>
                <Baseline points="243,2012 312,2012 382,2013 451,2013 521,2013 591,2013 660,2013 730,2013 800,2013 869,2013 939,2014 1009,2014 1078,2014 1148,2014 1218,2014 1287,2014 1357,2014 1427,2014 1496,2013 1566,2013 1636,2013"/>
                <TextEquiv>
                    <Unicode>Fuhrmann Henschel bis zum Maler Gabriel Schilling lieber den</Unicode>
                </TextEquiv>
            </TextLine>
            <TextLine id="r2l35" custom="readingOrder {index:34;}">
                <Coords points="1726,2087 1891,2069 1988,2091 2088,2074 2127,2091 2377,2085 2398,2081 2398,2026 1954,2040 1725,2023"/>
                <Baseline points="1735,2071 1767,2070 1800,2069 1833,2068 1865,2067 1898,2066 1931,2066 1963,2066 1996,2065 2029,2065 2062,2065 2094,2065 2127,2065 2160,2065 2192,2064 2225,2064 2258,2064 2290,2063 2323,2062 2356,2062 2389,2061"/>
                <TextEquiv>
                    <Unicode>jedes Haupmannsche Drama.</Unicode>
                </TextEquiv>
            </TextLine>
            <TextLine id="r2l36" custom="readingOrder {index:35;}">
                <Coords points="227,2089 1631,2076 1587,2030 227,2038"/>
                <Baseline points="235,2070 304,2071 373,2072 442,2072 512,2073 581,2073 650,2074 720,2074 789,2075 858,2075 928,2075 997,2075 1066,2075 1135,2075 1205,2075 1274,2075 1343,2075 1413,2074 1482,2074 1551,2073 1621,2072"/>
                <TextEquiv>
                    <Unicode>Tod des Leibes wählen, ehe sie die Reinheit dessen, was sie</Unicode>
                </TextEquiv>
            </TextLine>
            <TextLine id="r2l37" custom="readingOrder {index:36;}">
                <Coords points="1842,2142 3134,2135 3022,2075 1842,2105"/>
                <Baseline points="1851,2125 1914,2125 1978,2125 2042,2125 2105,2124 2169,2124 2233,2124 2296,2124 2360,2123 2424,2123 2488,2123 2551,2123 2615,2122 2679,2122 2742,2122 2806,2122 2870,2121 2933,2121 2997,2121 3061,2121 3125,2120"/>
                <TextEquiv>
                    <Unicode>Freilich, wenn Hauptmanns künstlerische Orginalität darin</Unicode>
                </TextEquiv>
            </TextLine>
            <TextLine id="r2l38" custom="readingOrder {index:37;}">
                <Coords points="231,2153 1645,2132 1449,2087 231,2105"/>
                <Baseline points="239,2133 308,2132 378,2132 448,2131 518,2131 588,2130 658,2130 727,2131 797,2131 867,2131 937,2132 1007,2132 1077,2132 1147,2133 1216,2133 1286,2134 1356,2134 1426,2134 1496,2134 1566,2134 1636,2134"/>
                <TextEquiv>
                    <Unicode>als das Wichtigste in sich empfinden, preisgeben. So geht schon</Unicode>
                </TextEquiv>
            </TextLine>
            <TextLine id="r2l39" custom="readingOrder {index:38;}">
                <Coords points="1744,2210 3130,2193 3130,2154 3045,2135 1744,2143"/>
                <Baseline points="1752,2187 1820,2186 1888,2186 1957,2185 2025,2185 2094,2184 2162,2184 2231,2184 2299,2183 2368,2183 2436,2183 2504,2183 2573,2183 2641,2182 2710,2182 2778,2182 2847,2182 2915,2182 2984,2182 3052,2182 3121,2182"/>
                <TextEquiv>
                    <Unicode>besteht, daß er in einem vorher nicht gekannten Grade, diesem,</Unicode>
                </TextEquiv>
            </TextLine>
            <TextLine id="r2l40" custom="readingOrder {index:39;}">
                <Coords points="235,2199 1584,2212 1640,2158 235,2165"/>
                <Baseline points="243,2191 312,2190 381,2190 451,2189 520,2189 590,2189 659,2190 729,2190 798,2191 868,2191 937,2191 1006,2192 1076,2192 1145,2192 1215,2193 1284,2193 1354,2193 1423,2192 1493,2192 1562,2191 1632,2190"/>
                <TextEquiv>
                    <Unicode>Florian Geyer in den Tod, weil er nach einer göttlichen keiner</Unicode>
                </TextEquiv>
            </TextLine>
            <TextLine id="r2l41" custom="readingOrder {index:40;}">
                <Coords points="1730,2261 3056,2257 3133,2237 3133,2195 1730,2218"/>
                <Baseline points="1739,2246 1808,2245 1877,2245 1946,2245 2016,2244 2085,2244 2154,2244 2224,2244 2293,2244 2362,2244 2432,2244 2501,2244 2570,2243 2639,2243 2709,2242 2778,2242 2847,2241 2917,2240 2986,2238 3055,2237 3125,2235"/>
                <TextEquiv>
                    <Unicode>nicht in menschlicher Handlung zentralisierten, Weltbild echt</Unicode>
                </TextEquiv>
            </TextLine>
            <TextLine id="r2l42" custom="readingOrder {index:41;}">
                <Coords points="233,2253 1624,2249 1563,2200 233,2213"/>
                <Baseline points="241,2250 309,2249 378,2249 447,2249 515,2248 584,2248 653,2249 721,2249 790,2249 859,2249 928,2250 996,2250 1065,2250 1134,2251 1202,2251 1271,2251 1340,2251 1408,2251 1477,2251 1546,2251 1615,2251"/>
                <TextEquiv>
                    <Unicode>irdischen Sache mehr dienen will. Das Walten dieser erdüber¬</Unicode>
                </TextEquiv>
            </TextLine>
            <TextLine id="r2l43" custom="readingOrder {index:42;}">
                <Coords points="1741,2315 2992,2321 3126,2266 1741,2269"/>
                <Baseline points="1750,2307 1818,2305 1886,2304 1955,2304 2023,2303 2091,2303 2160,2303 2228,2303 2296,2303 2365,2303 2433,2303 2501,2303 2570,2303 2638,2303 2706,2303 2775,2303 2843,2302 2911,2301 2980,2300 3048,2299 3117,2297"/>
                <TextEquiv>
                    <Unicode>dramatischen Ausdruck schaffen konnte, indem er die außer¬</Unicode>
                </TextEquiv>
            </TextLine>
            <TextLine id="r2l44" custom="readingOrder {index:43;}">
                <Coords points="242,2313 1639,2305 1526,2261 243,2269"/>
                <Baseline points="251,2309 320,2309 389,2309 458,2309 527,2309 596,2309 665,2309 734,2309 803,2309 872,2309 941,2309 1010,2309 1079,2309 1148,2310 1217,2310 1286,2310 1355,2310 1424,2310 1493,2310 1562,2310 1631,2310"/>
                <TextEquiv>
                    <Unicode>windenden seelischen Macht aber kündet sich in Hauptmanns</Unicode>
                </TextEquiv>
            </TextLine>
            <TextLine id="r2l45" custom="readingOrder {index:44;}">
                <Coords points="1730,2385 2991,2376 3137,2366 3137,2322 1730,2325"/>
                <Baseline points="1739,2364 1808,2364 1877,2363 1947,2363 2016,2363 2086,2363 2155,2362 2225,2362 2294,2362 2364,2362 2433,2362 2502,2362 2572,2362 2641,2362 2711,2362 2780,2361 2850,2361 2919,2360 2989,2360 3058,2359 3128,2358"/>
                <TextEquiv>
                    <Unicode>menschlichen Gewalten doch im Menschen selber sichtbar zu</Unicode>
                </TextEquiv>
            </TextLine>
            <TextLine id="r2l46" custom="readingOrder {index:45;}">
                <Coords points="237,2382 1630,2376 1611,2324 237,2327"/>
                <Baseline points="245,2366 313,2366 382,2367 451,2367 520,2367 589,2367 657,2368 726,2368 795,2368 864,2368 933,2369 1001,2369 1070,2369 1139,2369 1208,2369 1277,2369 1345,2369 1414,2369 1483,2369 1552,2368 1621,2368"/>
                <TextEquiv>
                    <Unicode>dramatischer Sprache an durch einen heimlichen Vers, eine</Unicode>
                </TextEquiv>
            </TextLine>
            <TextLine id="r2l47" custom="readingOrder {index:46;}">
                <Coords points="1730,2438 3064,2443 3132,2428 3132,2379 1730,2384"/>
                <Baseline points="1739,2423 1808,2422 1877,2421 1946,2421 2016,2421 2085,2420 2154,2420 2223,2420 2293,2419 2362,2419 2431,2419 2500,2418 2570,2418 2639,2418 2708,2418 2777,2417 2847,2417 2916,2417 2985,2416 3054,2416 3124,2416"/>
                <TextEquiv>
                    <Unicode>machen verstand — ein letzter Widerspruch zwischen der Haupt¬</Unicode>
                </TextEquiv>
            </TextLine>
            <TextLine id="r2l48" custom="readingOrder {index:47;}">
                <Coords points="241,2432 1643,2430 1580,2379 241,2383"/>
                <Baseline points="250,2426 319,2426 388,2427 457,2427 526,2427 596,2427 665,2427 734,2427 803,2427 872,2427 942,2427 1011,2427 1080,2427 1149,2427 1218,2427 1288,2427 1357,2427 1426,2427 1495,2428 1564,2428 1634,2428"/>
                <TextEquiv>
                    <Unicode>innerliche Musik, die sehr bald alle Naturalismen dieser Sprache</Unicode>
                </TextEquiv>
            </TextLine>
            <TextLine id="r2l49" custom="readingOrder {index:48;}">
                <Coords points="1740,2493 3020,2497 3122,2475 3122,2431 1740,2449"/>
                <Baseline points="1749,2483 1817,2482 1885,2481 1953,2480 2021,2479 2090,2479 2158,2478 2226,2478 2294,2478 2362,2477 2431,2477 2499,2477 2567,2477 2635,2477 2703,2476 2772,2476 2840,2476 2908,2475 2976,2475 3044,2474 3113,2473"/>
                <TextEquiv>
                    <Unicode>mannschen Stiltendenz und dem eigentlichen Willen der dra¬</Unicode>
                </TextEquiv>
            </TextLine>
            <TextLine id="r2l50" custom="readingOrder {index:49;}">
                <Coords points="241,2486 1636,2491 1520,2438 241,2445"/>
                <Baseline points="249,2485 317,2486 386,2486 455,2486 524,2486 593,2486 662,2486 731,2486 800,2486 869,2486 938,2486 1006,2486 1075,2486 1144,2486 1213,2486 1282,2487 1351,2487 1420,2487 1489,2488 1558,2488 1627,2489"/>
                <TextEquiv>
                    <Unicode>durchzieht. Spätestens von „Kollege Krampton“ an ist dieser</Unicode>
                </TextEquiv>
            </TextLine>
            <TextLine id="r2l51" custom="readingOrder {index:50;}">
                <Coords points="1739,2551 3092,2557 3139,2497 1739,2507"/>
                <Baseline points="1747,2541 1816,2541 1885,2541 1954,2540 2023,2540 2093,2540 2162,2539 2231,2539 2300,2538 2369,2538 2439,2537 2508,2537 2577,2537 2646,2536 2715,2536 2785,2535 2854,2535 2923,2535 2992,2534 3061,2534 3131,2534"/>
                <TextEquiv>
                    <Unicode>matischen Form muß fühlbar bleiben. Denn das Drama will</Unicode>
                </TextEquiv>
            </TextLine>
            <TextLine id="r2l52" custom="readingOrder {index:51;}">
                <Coords points="243,2556 1642,2560 1642,2523 1519,2499 244,2501"/>
                <Baseline points="253,2543 322,2544 391,2544 460,2544 529,2545 598,2545 667,2545 736,2545 805,2545 874,2545 943,2545 1012,2545 1081,2545 1150,2545 1219,2545 1288,2545 1357,2546 1426,2546 1495,2546 1564,2547 1633,2548"/>
                <TextEquiv>
                    <Unicode>Vers in Hauptmanns Dramen so deutlich, daß man ihn leicht</Unicode>
                </TextEquiv>
            </TextLine>
            <TextLine id="r2l53" custom="readingOrder {index:52;}">
                <Coords points="1738,2622 3117,2618 3136,2558 1738,2571"/>
                <Baseline points="1746,2600 1815,2599 1884,2599 1953,2599 2022,2598 2091,2598 2160,2598 2229,2598 2298,2597 2367,2597 2436,2597 2505,2597 2574,2597 2643,2597 2712,2597 2781,2597 2850,2597 2919,2596 2988,2596 3057,2596 3127,2595"/>
                <TextEquiv>
                    <Unicode>nicht nur den in seiner Sprache lebendig bewegten Meuschen,</Unicode>
                </TextEquiv>
            </TextLine>
            <TextLine id="r2l54" custom="readingOrder {index:53;}">
                <Coords points="235,2621 1436,2633 1637,2613 1637,2561 235,2575"/>
                <Baseline points="243,2604 312,2605 381,2605 450,2605 520,2605 589,2605 658,2605 727,2605 797,2605 866,2605 935,2605 1004,2605 1074,2604 1143,2604 1212,2604 1281,2604 1351,2604 1420,2605 1489,2605 1558,2605 1628,2606"/>
                <TextEquiv>
                    <Unicode>metrisch nachzeichnen kann. Und es nimmt nicht Wunder, wenn</Unicode>
                </TextEquiv>
            </TextLine>
            <TextLine id="r2l55" custom="readingOrder {index:54;}">
                <Coords points="1739,2672 3058,2677 3130,2662 3130,2615 1739,2630"/>
                <Baseline points="1747,2661 1815,2660 1884,2659 1953,2658 2021,2657 2090,2657 2159,2656 2227,2656 2296,2655 2365,2655 2434,2655 2502,2655 2571,2654 2640,2654 2708,2654 2777,2654 2846,2654 2914,2654 2983,2654 3052,2653 3121,2653"/>
                <TextEquiv>
                    <Unicode>es will auch die in antithetischer Sprache gegeneinander ge¬</Unicode>
                </TextEquiv>
            </TextLine>
            <TextLine id="r2l56" custom="readingOrder {index:55;}">
                <Coords points="233,2662 1638,2681 1638,2642 1559,2624 233,2632"/>
                <Baseline points="242,2660 311,2662 380,2663 450,2664 519,2665 589,2665 658,2665 727,2665 797,2665 866,2665 936,2664 1005,2664 1074,2664 1144,2663 1213,2663 1283,2663 1352,2663 1421,2664 1491,2665 1560,2666 1630,2668"/>
                <TextEquiv>
                    <Unicode>man dann sicht, daß sein trochäischer Fall bei größerer Beweg¬</Unicode>
                </TextEquiv>
            </TextLine>
            <TextLine id="r2l57" custom="readingOrder {index:56;}">
                <Coords points="1734,2726 3092,2734 3141,2675 1734,2694"/>
                <Baseline points="1742,2720 1811,2719 1881,2718 1950,2717 2020,2716 2089,2715 2159,2715 2228,2714 2298,2714 2367,2714 2437,2714 2507,2714 2576,2714 2646,2714 2715,2715 2785,2715 2854,2715 2924,2715 2993,2715 3063,2715 3133,2715"/>
                <TextEquiv>
                    <Unicode>stellten Menschen, es will den Kampf, die Handlung. Hauptmann</Unicode>
                </TextEquiv>
            </TextLine>
            <TextLine id="r2l58" custom="readingOrder {index:57;}">
                <Coords points="232,2730 1644,2736 1605,2679 232,2674"/>
                <Baseline points="240,2720 309,2721 379,2722 449,2723 519,2723 589,2723 658,2724 728,2724 798,2723 868,2723 938,2723 1007,2723 1077,2723 1147,2722 1217,2722 1287,2722 1356,2722 1426,2722 1496,2723 1566,2723 1636,2724"/>
                <TextEquiv>
                    <Unicode>lichkeit doch die stärkste musikalische Verwandtschaft mit dem</Unicode>
                </TextEquiv>
            </TextLine>
            <TextLine id="r2l59" custom="readingOrder {index:58;}">
                <Coords points="1739,2787 3124,2773 3044,2721 1739,2763"/>
                <Baseline points="1749,2779 1817,2778 1885,2777 1953,2776 2022,2775 2090,2775 2158,2774 2227,2774 2295,2774 2363,2774 2432,2773 2500,2773 2568,2773 2636,2773 2705,2773 2773,2772 2841,2772 2910,2771 2978,2771 3046,2770 3115,2769"/>
                <TextEquiv>
                    <Unicode>aber hat selbst bekannt, daß ihn „nicht Konflikte, sondern Si¬</Unicode>
                </TextEquiv>
            </TextLine>
            <TextLine id="r2l60" custom="readingOrder {index:59;}">
                <Coords points="245,2792 1503,2800 1599,2795 1637,2742 245,2737"/>
                <Baseline points="253,2782 321,2782 390,2782 459,2782 527,2782 596,2782 665,2782 733,2782 802,2782 871,2782 940,2782 1008,2782 1077,2782 1146,2782 1214,2782 1283,2782 1352,2783 1420,2783 1489,2783 1558,2784 1627,2785"/>
                <TextEquiv>
                    <Unicode>Vers des Calderon hat — des großen Spaniers, der schon ein¬</Unicode>
                </TextEquiv>
            </TextLine>
            <TextLine id="r2l61" custom="readingOrder {index:60;}">
                <Coords points="1734,2826 3133,2837 3088,2781 1734,2805"/>
                <Baseline points="1743,2837 1812,2836 1881,2835 1950,2835 2019,2834 2088,2834 2157,2833 2226,2833 2295,2832 2364,2832 2433,2832 2502,2832 2571,2831 2640,2831 2709,2831 2778,2831 2847,2831 2916,2830 2985,2830 3054,2830 3123,2829"/>
                <TextEquiv>
                    <Unicode>tuationen“ reizen. Der Kampf der Menschen miteinander ist für</Unicode>
                </TextEquiv>
            </TextLine>
            <TextLine id="r2l62" custom="readingOrder {index:61;}">
                <Coords points="231,2863 1434,2854 1450,2803 231,2810"/>
                <Baseline points="240,2838 300,2839 360,2839 420,2840 480,2840 540,2840 600,2840 660,2840 720,2840 780,2840 841,2840 901,2840 961,2840 1021,2841 1081,2841 1141,2841 1201,2841 1261,2842 1321,2842 1381,2843 1442,2843"/>
                <TextEquiv>
                    <Unicode>mal ein Drama von christlichem Grundklang versuchte.</Unicode>
                </TextEquiv>
            </TextLine>
            <TextLine id="r2l63" custom="readingOrder {index:62;}">
                <Coords points="1735,2898 3089,2912 3133,2852 1735,2859"/>
                <Baseline points="1743,2899 1812,2896 1881,2895 1950,2893 2019,2892 2088,2891 2157,2891 2226,2891 2295,2891 2364,2891 2434,2891 2503,2891 2572,2891 2641,2891 2710,2891 2779,2891 2848,2891 2917,2891 2986,2890 3055,2890 3125,2888"/>
                <TextEquiv>
                    <Unicode>ihn niemals letztes Symbol des Weltgeschehens, es kommt ihm</Unicode>
                </TextEquiv>
            </TextLine>
            <TextLine id="r2l64" custom="readingOrder {index:63;}">
                <Coords points="355,2914 1634,2918 1634,2866 1543,2856 355,2856"/>
                <Baseline points="364,2897 427,2898 490,2899 553,2899 616,2900 679,2900 742,2900 805,2900 868,2901 931,2901 995,2901 1058,2901 1121,2901 1184,2901 1247,2901 1310,2901 1373,2902 1436,2902 1499,2902 1562,2902 1626,2903"/>
                <TextEquiv>
                    <Unicode>Und auf den Wellen dieser Musik wird nun Hauptmanns</Unicode>
                </TextEquiv>
            </TextLine>
            <TextLine id="r2l65" custom="readingOrder {index:64;}">
                <Coords points="1745,2969 3110,2966 3126,2910 1745,2922"/>
                <Baseline points="1753,2956 1821,2955 1889,2954 1957,2953 2025,2953 2094,2952 2162,2951 2230,2951 2298,2951 2366,2950 2435,2950 2503,2950 2571,2950 2639,2950 2707,2950 2776,2950 2844,2951 2912,2951 2980,2952 3048,2952 3117,2953"/>
                <TextEquiv>
                    <Unicode>darauf an, was mit den Menschen geschieht, was sie von höherer</Unicode>
                </TextEquiv>
            </TextLine>
            <TextLine id="r2l66" custom="readingOrder {index:65;}">
                <Coords points="228,2975 1624,2981 1639,2920 228,2917"/>
                <Baseline points="236,2957 305,2957 375,2957 445,2958 514,2958 584,2958 654,2959 723,2959 793,2960 863,2960 933,2960 1002,2961 1072,2961 1142,2961 1211,2961 1281,2961 1351,2961 1420,2961 1490,2960 1560,2960 1630,2959"/>
                <TextEquiv>
                    <Unicode>Kunst getragen zu der Gestaltung jener Augenblicke, in denen</Unicode>
                </TextEquiv>
            </TextLine>
            <TextLine id="r2l67" custom="readingOrder {index:66;}">
                <Coords points="1755,3020 3141,3016 3141,2977 3023,2960 1755,2971"/>
                <Baseline points="1764,3017 1832,3015 1900,3014 1969,3012 2037,3011 2106,3011 2174,3010 2242,3010 2311,3009 2379,3009 2448,3009 2516,3009 2584,3009 2653,3009 2721,3010 2790,3010 2858,3010 2926,3011 2995,3011 3063,3012 3132,3012"/>
                <TextEquiv>
                    <Unicode>Macht erleiden. Und daher schreibt sich denn das passivische,</Unicode>
                </TextEquiv>
            </TextLine>
            <TextLine id="r2l68" custom="readingOrder {index:67;}">
                <Coords points="231,3019 1343,3045 1648,2997 232,2975"/>
                <Baseline points="240,3016 309,3016 379,3017 449,3017 519,3018 589,3018 659,3018 729,3018 799,3018 869,3019 939,3019 1008,3019 1078,3019 1148,3019 1218,3019 1288,3019 1358,3018 1428,3018 1498,3018 1568,3019 1638,3019"/>
                <TextEquiv>
                    <Unicode>ihm nun aus dem unfreien Menschendasein untilgbar frei die</Unicode>
                </TextEquiv>
            </TextLine>
            <TextLine id="r2l69" custom="readingOrder {index:68;}">
                <Coords points="1744,3093 3075,3086 3137,3078 3137,3034 1744,3041"/>
                <Baseline points="1753,3073 1821,3073 1890,3072 1959,3072 2028,3072 2096,3071 2165,3071 2234,3070 2303,3070 2371,3069 2440,3069 2509,3068 2578,3068 2646,3067 2715,3067 2784,3067 2853,3067 2921,3067 2990,3067 3059,3067 3128,3067"/>
                <TextEquiv>
                    <Unicode>das handlungsarme, das in einem letzten Sinn „undramatische“,</Unicode>
                </TextEquiv>
            </TextLine>
            <TextLine id="r2l70" custom="readingOrder {index:69;}">
                <Coords points="238,3089 1613,3095 1638,3048 238,3050"/>
                <Baseline points="247,3081 316,3081 385,3080 454,3079 523,3079 592,3079 661,3079 730,3078 799,3078 868,3078 938,3078 1007,3078 1076,3078 1145,3078 1214,3078 1283,3078 1352,3078 1421,3078 1490,3078 1559,3078 1629,3078"/>
                <TextEquiv>
                    <Unicode>göttliche Seele aufleuchtet. In dem Feuer des Todes oder der</Unicode>
                </TextEquiv>
            </TextLine>
            <TextLine id="r2l71" custom="readingOrder {index:70;}">
                <Coords points="1748,3151 2961,3146 3141,3133 3141,3083 1748,3095"/>
                <Baseline points="1756,3135 1824,3134 1893,3132 1962,3131 2031,3130 2100,3129 2168,3128 2237,3128 2306,3127 2375,3127 2444,3127 2512,3127 2581,3126 2650,3126 2719,3126 2788,3126 2856,3126 2925,3126 2994,3126 3063,3125 3132,3125"/>
                <TextEquiv>
                    <Unicode>was man doch mit Recht der Hauptmannschen Form des Dramas</Unicode>
                </TextEquiv>
            </TextLine>
            <TextLine id="r2l72" custom="readingOrder {index:71;}">
                <Coords points="235,3161 1461,3164 1648,3142 1648,3105 235,3107"/>
                <Baseline points="245,3139 314,3139 384,3139 454,3138 524,3138 593,3138 663,3138 733,3138 803,3138 872,3138 942,3138 1012,3138 1082,3139 1151,3139 1221,3138 1291,3138 1361,3138 1430,3138 1500,3137 1570,3137 1640,3136"/>
                <TextEquiv>
                    <Unicode>Liebe glüht sich die menschliche Seele rein und zeigt ihren</Unicode>
                </TextEquiv>
            </TextLine>
            <TextLine id="r2l73" custom="readingOrder {index:72;}">
                <Coords points="1750,3202 2985,3202 3139,3149 1750,3155"/>
                <Baseline points="1758,3196 1826,3194 1895,3191 1963,3189 2032,3188 2101,3187 2169,3186 2238,3186 2307,3186 2375,3186 2444,3186 2513,3186 2581,3186 2650,3187 2719,3187 2787,3186 2856,3186 2925,3185 2993,3184 3062,3183 3131,3181"/>
                <TextEquiv>
                    <Unicode>nachgesagt hat. Fast überall, wo Hauptmann versucht hat, wirk¬</Unicode>
                </TextEquiv>
            </TextLine>
            <TextLine id="r2l74" custom="readingOrder {index:73;}">
                <Coords points="246,3204 1646,3203 1572,3145 246,3156"/>
                <Baseline points="255,3195 324,3195 393,3195 462,3196 531,3196 600,3196 669,3197 739,3197 808,3197 877,3198 946,3198 1015,3198 1084,3198 1153,3198 1223,3198 1292,3198 1361,3197 1430,3197 1499,3196 1568,3195 1638,3194"/>
                <TextEquiv>
                    <Unicode>wahren ihren ewigen Gehalt. Die Größe Hauptmanns, das was ihn</Unicode>
                </TextEquiv>
            </TextLine>
            <TextLine id="r2l75" custom="readingOrder {index:74;}">
                <Coords points="1749,3267 3098,3258 3139,3202 1749,3208"/>
                <Baseline points="1758,3250 1826,3250 1895,3249 1963,3249 2032,3248 2101,3248 2169,3247 2238,3247 2307,3247 2375,3247 2444,3246 2513,3246 2581,3246 2650,3246 2719,3246 2787,3246 2856,3246 2925,3246 2993,3245 3062,3245 3131,3245"/>
                <TextEquiv>
                    <Unicode>lich aktive, heldische Menschen in den Mittelpunkt seiner Dramen</Unicode>
                </TextEquiv>
            </TextLine>
            <TextLine id="r2l76" custom="readingOrder {index:75;}">
                <Coords points="241,3276 1562,3277 1646,3230 241,3233"/>
                <Baseline points="249,3254 318,3255 387,3256 457,3257 526,3258 596,3258 665,3258 735,3258 804,3258 874,3258 943,3258 1012,3257 1082,3257 1151,3256 1221,3256 1290,3255 1360,3255 1429,3255 1499,3255 1568,3255 1638,3255"/>
                <TextEquiv>
                    <Unicode>so haushoch über viele zeitgenössische, sehr subtile Schilderer des</Unicode>
                </TextEquiv>
            </TextLine>
            <TextLine id="r2l77" custom="readingOrder {index:76;}">
                <Coords points="1754,3326 3068,3322 3144,3315 3144,3276 1754,3285"/>
                <Baseline points="1764,3310 1832,3309 1901,3309 1969,3308 2038,3307 2107,3307 2175,3306 2244,3306 2312,3305 2381,3305 2450,3304 2518,3304 2587,3304 2655,3304 2724,3304 2793,3304 2861,3304 2930,3304 2998,3304 3067,3305 3136,3306"/>
                <TextEquiv>
                    <Unicode>zu stellen (die Weber und auch der Florian Geyer sind ja im</Unicode>
                </TextEquiv>
            </TextLine>
            <TextLine id="r2l78" custom="readingOrder {index:77;}">
                <Coords points="239,3320 1649,3319 1595,3270 239,3276"/>
                <Baseline points="248,3312 317,3313 387,3314 456,3315 526,3316 596,3316 665,3317 735,3317 804,3318 874,3318 944,3318 1013,3318 1083,3318 1152,3318 1222,3317 1292,3317 1361,3316 1431,3316 1500,3315 1570,3314 1640,3313"/>
                <TextEquiv>
                    <Unicode>blos nervösen, unfreien Menschentums erhebt, ist seine geniale</Unicode>
                </TextEquiv>
            </TextLine>
            <TextLine id="r2l79" custom="readingOrder {index:78;}">
                <Coords points="1764,3382 3143,3393 3143,3326 3053,3313 1764,3325"/>
                <Baseline points="1773,3365 1841,3366 1909,3366 1977,3366 2045,3367 2113,3367 2181,3367 2249,3367 2317,3367 2385,3367 2454,3367 2522,3367 2590,3366 2658,3366 2726,3365 2794,3365 2862,3364 2930,3364 2998,3363 3066,3362 3135,3361"/>
                <TextEquiv>
                    <Unicode>Grunde nur erleidende), hat er Schiffbruch gelitten; der forciert</Unicode>
                </TextEquiv>
            </TextLine>
            <TextLine id="r2l80" custom="readingOrder {index:79;}">
                <Coords points="241,3393 1610,3395 1650,3341 241,3344"/>
                <Baseline points="250,3371 319,3372 389,3373 458,3374 528,3375 598,3376 667,3377 737,3377 806,3377 876,3378 946,3378 1015,3378 1085,3378 1154,3378 1224,3378 1294,3378 1363,3377 1433,3377 1502,3377 1572,3376 1642,3376"/>
                <TextEquiv>
                    <Unicode>Spürkraft für Seelen, seine Fähigkeit durch irgend eine Wendung</Unicode>
                </TextEquiv>
            </TextLine>
            <TextLine id="r2l81" custom="readingOrder {index:80;}">
                <Coords points="1750,3431 3127,3421 3062,3370 1750,3385"/>
                <Baseline points="1759,3424 1827,3425 1895,3426 1963,3426 2031,3427 2099,3427 2167,3427 2235,3428 2303,3428 2371,3427 2439,3427 2507,3427 2575,3426 2643,3426 2711,3425 2779,3424 2847,3423 2915,3422 2983,3420 3051,3419 3119,3417"/>
                <TextEquiv>
                    <Unicode>heroische Literat Loth in dem Erstlingswerk, der nervös schwäch¬</Unicode>
                </TextEquiv>
            </TextLine>
            <TextLine id="r2l82" custom="readingOrder {index:81;}">
                <Coords points="239,3446 1642,3457 1642,3401 1544,3381 239,3401"/>
                <Baseline points="248,3431 317,3433 386,3434 455,3435 525,3436 594,3437 663,3438 733,3438 802,3438 871,3438 941,3438 1010,3438 1079,3437 1148,3437 1218,3436 1287,3435 1356,3434 1426,3434 1495,3433 1564,3432 1634,3431"/>
                <TextEquiv>
                    <Unicode>noch in den Letzten und Geringsten, in dem fast verblödeten</Unicode>
                </TextEquiv>
            </TextLine>
            <TextLine id="r2l83" custom="readingOrder {index:82;}">
                <Coords points="1748,3490 3151,3476 3065,3427 1748,3442"/>
                <Baseline points="1757,3484 1826,3485 1895,3487 1964,3488 2034,3489 2103,3489 2172,3489 2241,3489 2311,3489 2380,3488 2449,3488 2518,3487 2588,3487 2657,3486 2726,3485 2795,3485 2865,3484 2934,3483 3003,3483 3072,3483 3142,3483"/>
                <TextEquiv>
                    <Unicode>liche Revolutionär Vockerat in den Einsamen Menschen, der</Unicode>
                </TextEquiv>
            </TextLine>
            <TextLine id="r2l84" custom="readingOrder {index:83;}">
                <Coords points="236,3501 1645,3492 1619,3450 1478,3441 236,3452"/>
                <Baseline points="244,3489 313,3492 383,3495 452,3498 522,3499 592,3501 661,3501 731,3502 800,3502 870,3502 940,3502 1009,3501 1079,3500 1148,3499 1218,3498 1288,3497 1357,3496 1427,3495 1496,3494 1566,3493 1636,3492"/>
                <TextEquiv>
                    <Unicode>Korbflechter, wie in dem mißgeschaffenen Maler und selbst im</Unicode>
                </TextEquiv>
            </TextLine>
            <TextLine id="r2l85" custom="readingOrder {index:84;}">
                <Coords points="1976,3919 1988,3915 2000,3921 2004,3917 2014,3923 2021,3921 2041,3937 2058,3938 2060,3825 2048,3823 2032,3832 2009,3817 1977,3817"/>
                <Baseline points="1985,3906 2017,3909 2050,3907"/>
                <TextEquiv>
                    <Unicode></Unicode>
                </TextEquiv>
            </TextLine>
            <TextLine id="r2l86" custom="readingOrder {index:85;}">
                <Coords points="2225,4126 2338,4126 2357,4112 2406,4132 2467,4117 2463,4068 2430,4068 2398,4090 2372,4079 2352,4086 2327,4066 2296,4072 2274,4064 2255,4067 2235,4085 2223,4082"/>
                <Baseline points="2234,4122 2261,4117 2289,4113 2317,4110 2345,4108 2373,4107 2401,4107 2429,4106 2457,4105"/>
                <TextEquiv>
                    <Unicode></Unicode>
                </TextEquiv>
            </TextLine>
            <TextLine id="r2l87" custom="readingOrder {index:86;}">
                <Coords points="2297,4172 2314,4174 2327,4167 2339,4176 2353,4169 2379,4171 2379,4114 2355,4121 2339,4109 2328,4114 2316,4113 2307,4120 2297,4120"/>
                <Baseline points="2306,4164 2338,4162 2370,4164"/>
                <TextEquiv>
                    <Unicode>6810</Unicode>
                </TextEquiv>
            </TextLine>
            <TextEquiv>
                <Unicode>—.—
0
box 36/5
Panphlets „fprints
— 129
— 128
großstädtischen Mörder für einen Augenblick die „Seele“ frei¬
mann so oft und falsch nachgesagt hat, besitzt der Dichter der
zumachen — die durch kein äußeres Schicksal zu verwirkende
M’eber nicht. Ihm kommt es immer nur darauf an, unter dem
Fähigkeit des Menschen sich liebend, fühlend, ahnend über die
größten äußeren Druck die letzte seelische Freiheit des Einzelnen
eigene sinnliche Existenz zu erheben. — Weil er aber so an die
zu zeigen, die untilgbar ist: „ein jeder Mensch hat halt a Sehn¬
Zauberkraft der Seele glaubt, die er noch zum Ziele seiner
sucht.“
dunkelsten Tragödien macht, so ist es kein Widerspruch, sondern
Wie in Hannele aus dem Todeskampf des armen, elenden
eine einfache Konsequenz seiner innersten Natur, daß dieser
Dorfkindes der Traum aufsteigt, in dem die Seele göttlich frei
Naturalist zugleich ein Märchendichter ist. Daß er zuweilen
zum Himmel fährt, so bricht aus dem Dunkel Hauptmannscher
phantastische Idyllen schafft, in denen nicht aus blutigen Kämpfen,
Milieudarstellung immer wieder jener Strom göttlichen Lichts,
sondern in leichtem göttlichen Spiel die erdüberwindende Seele
um dessentwillen dieser Dichter im Grunde allein schafft. Das
triumphierend erhebt. „Hannele“, in dem aus der Milieutragödie
Gôttliche dieser letzten Seelenmacht beweist sich eben darin,
unmittelbar das Märchenspiel erwächst, ist recht der Schlüssel
daß sie nicht vertilgbar ist durch alle die Außenmächte, die in
seines Gesamtwerkes. Ein Wunderglauben, der Glaube an den
den Menschen hineinwirken, und daß alle diese Geschöpfe, vom
heiligen, aller irdischen Bindung spottenden Geist, durchzieht
Fuhrmann Henschel bis zum Maler Gabriel Schilling lieber den
jedes Haupmannsche Drama.
Tod des Leibes wählen, ehe sie die Reinheit dessen, was sie
Freilich, wenn Hauptmanns künstlerische Orginalität darin
als das Wichtigste in sich empfinden, preisgeben. So geht schon
besteht, daß er in einem vorher nicht gekannten Grade, diesem,
Florian Geyer in den Tod, weil er nach einer göttlichen keiner
nicht in menschlicher Handlung zentralisierten, Weltbild echt
irdischen Sache mehr dienen will. Das Walten dieser erdüber¬
dramatischen Ausdruck schaffen konnte, indem er die außer¬
windenden seelischen Macht aber kündet sich in Hauptmanns
menschlichen Gewalten doch im Menschen selber sichtbar zu
dramatischer Sprache an durch einen heimlichen Vers, eine
machen verstand — ein letzter Widerspruch zwischen der Haupt¬
innerliche Musik, die sehr bald alle Naturalismen dieser Sprache
mannschen Stiltendenz und dem eigentlichen Willen der dra¬
durchzieht. Spätestens von „Kollege Krampton“ an ist dieser
matischen Form muß fühlbar bleiben. Denn das Drama will
Vers in Hauptmanns Dramen so deutlich, daß man ihn leicht
nicht nur den in seiner Sprache lebendig bewegten Meuschen,
metrisch nachzeichnen kann. Und es nimmt nicht Wunder, wenn
es will auch die in antithetischer Sprache gegeneinander ge¬
man dann sicht, daß sein trochäischer Fall bei größerer Beweg¬
stellten Menschen, es will den Kampf, die Handlung. Hauptmann
lichkeit doch die stärkste musikalische Verwandtschaft mit dem
aber hat selbst bekannt, daß ihn „nicht Konflikte, sondern Si¬
Vers des Calderon hat — des großen Spaniers, der schon ein¬
tuationen“ reizen. Der Kampf der Menschen miteinander ist für
mal ein Drama von christlichem Grundklang versuchte.
ihn niemals letztes Symbol des Weltgeschehens, es kommt ihm
Und auf den Wellen dieser Musik wird nun Hauptmanns
darauf an, was mit den Menschen geschieht, was sie von höherer
Kunst getragen zu der Gestaltung jener Augenblicke, in denen
Macht erleiden. Und daher schreibt sich denn das passivische,
ihm nun aus dem unfreien Menschendasein untilgbar frei die
das handlungsarme, das in einem letzten Sinn „undramatische“,
göttliche Seele aufleuchtet. In dem Feuer des Todes oder der
was man doch mit Recht der Hauptmannschen Form des Dramas
Liebe glüht sich die menschliche Seele rein und zeigt ihren
nachgesagt hat. Fast überall, wo Hauptmann versucht hat, wirk¬
wahren ihren ewigen Gehalt. Die Größe Hauptmanns, das was ihn
lich aktive, heldische Menschen in den Mittelpunkt seiner Dramen
so haushoch über viele zeitgenössische, sehr subtile Schilderer des
zu stellen (die Weber und auch der Florian Geyer sind ja im
blos nervösen, unfreien Menschentums erhebt, ist seine geniale
Grunde nur erleidende), hat er Schiffbruch gelitten; der forciert
Spürkraft für Seelen, seine Fähigkeit durch irgend eine Wendung
heroische Literat Loth in dem Erstlingswerk, der nervös schwäch¬
noch in den Letzten und Geringsten, in dem fast verblödeten
liche Revolutionär Vockerat in den Einsamen Menschen, der
Korbflechter, wie in dem mißgeschaffenen Maler und selbst im


6810</Unicode>
            </TextEquiv>
        </TextRegion>
        <TextRegion orientation="0.0" id="r3" custom="readingOrder {index:2;}">
            <Coords points="1714,3757 1714,3911 1745,3911 1745,3757"/>
            <TextLine id="r3l1" custom="readingOrder {index:0;}">
                <Coords points="1700,3894 1710,3897 1716,3894 1719,3898 1736,3898 1748,3902 1764,3778 1754,3776 1740,3787 1734,3782 1724,3788 1714,3785"/>
                <Baseline points="1714,3857 1745,3861"/>
                <TextEquiv>
                    <Unicode>*</Unicode>
                </TextEquiv>
            </TextLine>
            <TextEquiv>
                <Unicode>*</Unicode>
            </TextEquiv>
        </TextRegion>
    </Page>
</PcGts>
