<?xml version="1.0" encoding="UTF-8" standalone="yes"?>
<PcGts xmlns="http://schema.primaresearch.org/PAGE/gts/pagecontent/2013-07-15" xmlns:xsi="http://www.w3.org/2001/XMLSchema-instance" xsi:schemaLocation="http://schema.primaresearch.org/PAGE/gts/pagecontent/2013-07-15 http://schema.primaresearch.org/PAGE/gts/pagecontent/2013-07-15/pagecontent.xsd">
    <Metadata>
        <Creator>prov=University of Rostock/Institute of Mathematics/CITlab/Gundram Leifert/gundram.leifert@uni-rostock.de:name=ONB_Newseye_GT_M1+(htr_id=10810)::::v=2.4.2
prov=University of Rostock/Institute of Mathematics/CITlab/Tobias Gruening/tobias.gruening@uni-rostock.de:name=de.uros.citlab.module.baseline2polygon.B2PSeamMultiOriented:v=2.4.2
prov=University of Rostock/Institute of Mathematics/CITlab/Tobias Gruening/tobias.gruening@uni-rostock.de:name=/mnt/transkribus/LA/DEA/URO/LA_news_onb_att.pb:de.uros.citlab.segmentation.CITlab_LA_ML:v=2.4.2
Transkribus</Creator>
        <Created>2019-10-07T15:15:15.785+02:00</Created>
        <LastChange>2019-10-09T03:31:12.190+02:00</LastChange>
        <TranskribusMetadata docId="224207" pageId="9514953" pageNr="4" tsid="16620214" status="IN_PROGRESS" userId="40391" imgUrl="https://files.transkribus.eu/Get?id=MEVMYNUEPTKQYBVVPGVUYAXQ&amp;fileType=view" xmlUrl="https://files.transkribus.eu/Get?id=DBRARYNRBFWEEKINRPSSYNRC" imageId="6203187"/>
    </Metadata>
    <Page imageFilename="224207_0004.jpeg" imageWidth="3392" imageHeight="4256">
        <ReadingOrder>
            <OrderedGroup id="ro_1711443681081" caption="Regions reading order">
                <RegionRefIndexed index="0" regionRef="r1"/>
                <RegionRefIndexed index="1" regionRef="r2"/>
                <RegionRefIndexed index="2" regionRef="r3"/>
                <RegionRefIndexed index="3" regionRef="r4"/>
            </OrderedGroup>
        </ReadingOrder>
        <TextRegion orientation="0.0" id="r1" custom="readingOrder {index:0;}">
            <Coords points="267,267 267,430 1428,430 1428,267"/>
            <TextLine id="r1l1" custom="readingOrder {index:0;}">
                <Coords points="258,374 748,412 1437,388 1417,314 1062,294 922,361 699,306 450,305 382,353 258,316"/>
                <Baseline points="267,370 325,371 383,372 441,373 499,374 557,375 615,376 673,377 731,378 789,379 847,379 905,380 963,380 1021,380 1079,379 1137,378 1195,377 1253,375 1311,373 1369,371 1428,367"/>
                <TextEquiv>
                    <Unicode>1. Panphlets, öffprints</Unicode>
                </TextEquiv>
            </TextLine>
            <TextEquiv>
                <Unicode>1. Panphlets, öffprints</Unicode>
            </TextEquiv>
        </TextRegion>
        <TextRegion orientation="0.0" id="r2" custom="readingOrder {index:1;}">
            <Coords points="1357,239 1357,3875 2805,3875 2805,239"/>
            <TextLine id="r2l1" custom="readingOrder {index:0;}">
                <Coords points="2138,315 2196,308 2204,299 2233,307 2273,290 2324,302 2407,289 2406,243 2372,235 2330,249 2298,241 2251,252 2222,244 2207,253 2178,240 2136,246"/>
                <Baseline points="2145,271 2170,272 2195,272 2220,272 2245,271 2271,270 2296,269 2321,269 2346,267 2371,267 2397,267"/>
                <TextEquiv>
                    <Unicode>—.—</Unicode>
                </TextEquiv>
            </TextLine>
            <TextLine id="r2l2" custom="readingOrder {index:1;}">
                <Coords points="1593,375 1721,369 1765,387 1792,361 1943,387 1973,366 2003,382 2061,375 2061,335 1970,297 1938,325 1905,305 1870,319 1852,303 1801,343 1745,313 1593,311"/>
                <Baseline points="1601,367 1626,365 1651,365 1676,364 1701,364 1726,364 1751,364 1776,365 1801,365 1827,366 1852,367 1877,367 1902,368 1927,368 1952,368 1977,368 2002,368 2027,367 2053,365"/>
                <TextEquiv>
                    <Unicode>box 36/5</Unicode>
                </TextEquiv>
            </TextLine>
            <TextLine id="r2l3" custom="readingOrder {index:2;}">
                <Coords points="1432,1620 2669,1603 2668,1552 2470,1527 1431,1564"/>
                <Baseline points="1441,1607 1501,1605 1562,1604 1623,1602 1684,1601 1745,1599 1806,1598 1867,1597 1928,1596 1989,1595 2050,1594 2110,1594 2171,1592 2232,1591 2293,1590 2354,1589 2415,1588 2476,1587 2537,1585 2598,1584 2659,1582"/>
                <TextEquiv>
                    <Unicode>Die Stiltendenzen im deutschen Drama</Unicode>
                </TextEquiv>
            </TextLine>
            <TextLine id="r2l4" custom="readingOrder {index:3;}">
                <Coords points="1804,1675 1890,1694 1938,1672 2054,1697 2218,1688 2258,1670 2287,1682 2323,1663 2322,1624 2183,1629 2144,1614 2069,1637 1980,1614 1949,1641 1857,1620 1803,1645"/>
                <Baseline points="1812,1673 1837,1673 1862,1674 1887,1674 1912,1674 1937,1673 1962,1673 1988,1673 2013,1672 2038,1672 2063,1671 2088,1670 2113,1670 2138,1669 2164,1668 2189,1667 2214,1667 2239,1666 2264,1665 2289,1664 2315,1663"/>
                <TextEquiv>
                    <Unicode>der Gegenwart</Unicode>
                </TextEquiv>
            </TextLine>
            <TextLine id="r2l5" custom="readingOrder {index:4;}">
                <Coords points="1788,1764 1920,1784 1941,1767 1978,1781 2012,1759 2112,1779 2205,1749 2334,1739 2333,1714 2280,1701 2001,1723 1787,1712"/>
                <Baseline points="1797,1750 1823,1750 1849,1750 1876,1749 1902,1749 1929,1749 1955,1749 1981,1748 2008,1748 2034,1747 2061,1747 2087,1746 2113,1746 2140,1746 2166,1745 2193,1745 2219,1744 2245,1744 2272,1743 2298,1743 2325,1743"/>
                <TextEquiv>
                    <Unicode>Refera von Julius Bah</Unicode>
                </TextEquiv>
            </TextLine>
            <TextLine id="r2l6" custom="readingOrder {index:5;}">
                <Coords points="1476,1866 2760,1837 2746,1791 2291,1810 2152,1769 2069,1813 1475,1815"/>
                <Baseline points="1484,1852 1547,1851 1610,1850 1674,1849 1737,1847 1800,1846 1864,1844 1927,1843 1990,1841 2054,1839 2117,1838 2180,1836 2244,1835 2307,1834 2370,1833 2434,1832 2497,1831 2560,1831 2624,1831 2687,1832 2751,1833"/>
                <TextEquiv>
                    <Unicode>Die Betrachtung, die ich vor Ihnen zu führen gedenke, hat</Unicode>
                </TextEquiv>
            </TextLine>
            <TextLine id="r2l7" custom="readingOrder {index:6;}">
                <Coords points="1347,1907 2762,1899 2761,1851 2616,1842 1347,1885"/>
                <Baseline points="1357,1914 1426,1913 1496,1911 1566,1910 1636,1908 1705,1907 1775,1905 1845,1904 1915,1902 1984,1901 2054,1900 2124,1898 2194,1897 2263,1895 2333,1894 2403,1893 2473,1892 2542,1891 2612,1890 2682,1889 2752,1888"/>
                <TextEquiv>
                    <Unicode>zu ihrer ersten Voraussetzung die Annahme, daß die Haupt¬</Unicode>
                </TextEquiv>
            </TextLine>
            <TextLine id="r2l8" custom="readingOrder {index:7;}">
                <Coords points="1361,1971 2771,1951 2770,1912 2672,1903 1360,1932"/>
                <Baseline points="1369,1970 1438,1969 1508,1968 1578,1967 1647,1966 1717,1965 1787,1963 1856,1962 1926,1961 1996,1960 2066,1958 2135,1957 2205,1955 2275,1954 2344,1953 2414,1951 2484,1950 2553,1949 2623,1948 2693,1947 2763,1946"/>
                <TextEquiv>
                    <Unicode>formen der Kunst, wie sie der Asthetiker abgrenzend zu charak¬</Unicode>
                </TextEquiv>
            </TextLine>
            <TextLine id="r2l9" custom="readingOrder {index:8;}">
                <Coords points="1364,2047 2700,2023 2765,1979 1363,1996"/>
                <Baseline points="1372,2030 1441,2029 1510,2028 1579,2027 1649,2026 1718,2024 1787,2023 1856,2022 1926,2020 1995,2019 2064,2018 2133,2016 2203,2015 2272,2014 2341,2013 2410,2011 2480,2010 2549,2009 2618,2008 2687,2007 2757,2006"/>
                <TextEquiv>
                    <Unicode>terisieren sucht, nicht die leeren Produkte willkürlicher Abstraktion</Unicode>
                </TextEquiv>
            </TextLine>
            <TextLine id="r2l10" custom="readingOrder {index:9;}">
                <Coords points="1367,2103 2776,2070 2724,2020 1366,2062"/>
                <Baseline points="1376,2094 1445,2092 1515,2090 1584,2088 1654,2087 1723,2085 1793,2083 1862,2082 1932,2080 2001,2078 2071,2077 2141,2075 2210,2074 2280,2073 2349,2071 2419,2070 2488,2069 2558,2068 2627,2067 2697,2066 2767,2065"/>
                <TextEquiv>
                    <Unicode>aus den in Wahrheit allein lebendigen Einzelkunstwerken sind.</Unicode>
                </TextEquiv>
            </TextLine>
            <TextLine id="r2l11" custom="readingOrder {index:10;}">
                <Coords points="1367,2146 2183,2161 2725,2143 2772,2100 1366,2120"/>
                <Baseline points="1376,2148 1445,2147 1514,2146 1584,2144 1653,2143 1722,2142 1792,2141 1861,2140 1930,2138 2000,2137 2069,2136 2138,2135 2208,2134 2277,2133 2346,2132 2416,2130 2485,2130 2554,2128 2624,2127 2693,2127 2763,2126"/>
                <TextEquiv>
                    <Unicode>Vielmehr ist die Anschauung, von der ich ausgehe, die, daß so</Unicode>
                </TextEquiv>
            </TextLine>
            <TextLine id="r2l12" custom="readingOrder {index:11;}">
                <Coords points="1372,2222 2738,2197 2767,2145 1371,2178"/>
                <Baseline points="1381,2213 1449,2211 1518,2209 1587,2206 1656,2204 1725,2202 1794,2200 1863,2198 1932,2197 2001,2195 2070,2193 2138,2192 2207,2191 2276,2189 2345,2188 2414,2187 2483,2186 2552,2186 2621,2185 2690,2185 2759,2185"/>
                <TextEquiv>
                    <Unicode>gewiß wie jedes spezielle Kunstwerk irgendeinem individuellen</Unicode>
                </TextEquiv>
            </TextLine>
            <TextLine id="r2l13" custom="readingOrder {index:12;}">
                <Coords points="1369,2272 2743,2263 2776,2224 1368,2239"/>
                <Baseline points="1377,2269 1446,2268 1516,2266 1585,2264 1655,2263 1724,2261 1794,2259 1863,2258 1933,2256 2002,2255 2072,2253 2141,2252 2211,2250 2280,2249 2350,2248 2419,2247 2489,2246 2558,2245 2628,2244 2697,2244 2767,2244"/>
                <TextEquiv>
                    <Unicode>Lebensbedürfnis, so jede von der Asthetik erkannte Kunstgattung</Unicode>
                </TextEquiv>
            </TextLine>
            <TextLine id="r2l14" custom="readingOrder {index:13;}">
                <Coords points="1362,2339 2743,2320 2775,2266 1361,2296"/>
                <Baseline points="1371,2327 1440,2326 1510,2325 1580,2323 1650,2322 1720,2320 1789,2318 1859,2317 1929,2315 1999,2313 2069,2311 2138,2310 2208,2308 2278,2307 2348,2305 2418,2304 2487,2303 2557,2302 2627,2301 2697,2301 2767,2300"/>
                <TextEquiv>
                    <Unicode>auf ein allgemeines, typisches Bedürfnis der Menschheit antwortet.</Unicode>
                </TextEquiv>
            </TextLine>
            <TextLine id="r2l15" custom="readingOrder {index:14;}">
                <Coords points="1378,2393 2785,2367 2720,2313 1377,2354"/>
                <Baseline points="1386,2385 1455,2384 1525,2383 1594,2381 1664,2380 1733,2377 1803,2376 1872,2375 1942,2373 2011,2371 2081,2370 2150,2368 2220,2366 2289,2365 2359,2364 2428,2363 2498,2362 2567,2361 2637,2361 2706,2360 2776,2360"/>
                <TextEquiv>
                    <Unicode>So wie der Anatom und der Antbropologe von einer allgemein</Unicode>
                </TextEquiv>
            </TextLine>
            <TextLine id="r2l16" custom="readingOrder {index:15;}">
                <Coords points="1367,2450 2753,2421 2736,2374 1366,2401"/>
                <Baseline points="1375,2448 1443,2445 1511,2442 1580,2440 1648,2438 1717,2436 1785,2434 1854,2433 1922,2432 1991,2430 2059,2429 2127,2428 2196,2427 2264,2426 2333,2425 2401,2423 2470,2421 2538,2420 2607,2417 2675,2415 2744,2413"/>
                <TextEquiv>
                    <Unicode>gültigen Form des menschlichen Gesichtes sprechen dürfen —</Unicode>
                </TextEquiv>
            </TextLine>
            <TextLine id="r2l17" custom="readingOrder {index:16;}">
                <Coords points="1369,2509 2782,2488 2754,2443 2611,2428 1369,2486"/>
                <Baseline points="1378,2505 1447,2502 1517,2500 1587,2498 1656,2496 1726,2495 1796,2493 1865,2491 1935,2490 2005,2488 2075,2487 2144,2486 2214,2485 2284,2483 2353,2482 2423,2481 2493,2480 2562,2478 2632,2477 2702,2476 2772,2474"/>
                <TextEquiv>
                    <Unicode>die ja auch Ausdruck für das tatsächlich vorhandene Mindest¬</Unicode>
                </TextEquiv>
            </TextLine>
            <TextLine id="r2l18" custom="readingOrder {index:17;}">
                <Coords points="1375,2548 2563,2558 2744,2546 2782,2495 1375,2522"/>
                <Baseline points="1385,2559 1454,2558 1523,2557 1593,2555 1662,2554 1732,2553 1801,2551 1870,2549 1940,2548 2009,2546 2079,2545 2148,2543 2217,2542 2287,2540 2356,2539 2426,2537 2495,2536 2564,2535 2634,2533 2703,2532 2773,2531"/>
                <TextEquiv>
                    <Unicode>maß gleichartiger Lebensvorgänge bei allen Menschen ist — und</Unicode>
                </TextEquiv>
            </TextLine>
            <TextLine id="r2l19" custom="readingOrder {index:18;}">
                <Coords points="1378,2637 2781,2595 2780,2556 2600,2541 1377,2586"/>
                <Baseline points="1386,2619 1455,2617 1524,2616 1594,2614 1663,2613 1732,2611 1802,2610 1871,2608 1940,2607 2010,2606 2079,2604 2148,2602 2218,2601 2287,2600 2356,2598 2426,2597 2495,2595 2564,2594 2634,2593 2703,2591 2773,2590"/>
                <TextEquiv>
                    <Unicode>wie trotzdem in der Wirklichkeit nur individuelle Gesichter</Unicode>
                </TextEquiv>
            </TextLine>
            <TextLine id="r2l20" custom="readingOrder {index:19;}">
                <Coords points="1373,2670 2648,2676 2775,2661 2774,2615 1372,2644"/>
                <Baseline points="1382,2676 1451,2675 1520,2673 1589,2672 1658,2670 1728,2669 1797,2668 1866,2666 1935,2665 2004,2664 2074,2662 2143,2661 2212,2659 2281,2658 2350,2657 2420,2656 2489,2654 2558,2653 2627,2652 2696,2651 2766,2649"/>
                <TextEquiv>
                    <Unicode>existieren, die alle nach verschiedener Richtung um einen mini¬</Unicode>
                </TextEquiv>
            </TextLine>
            <TextLine id="r2l21" custom="readingOrder {index:20;}">
                <Coords points="1378,2739 2727,2730 2778,2719 2777,2661 1377,2714"/>
                <Baseline points="1386,2736 1455,2735 1524,2734 1593,2732 1662,2731 1731,2729 1800,2728 1870,2726 1939,2724 2008,2722 2077,2721 2146,2719 2215,2718 2284,2716 2354,2715 2423,2714 2492,2713 2561,2712 2630,2711 2699,2710 2769,2710"/>
                <TextEquiv>
                    <Unicode>malen Grad von Normalgesicht abweichen — so existiert auch</Unicode>
                </TextEquiv>
            </TextLine>
            <TextLine id="r2l22" custom="readingOrder {index:21;}">
                <Coords points="1375,2805 2788,2777 2787,2731 2704,2719 1374,2749"/>
                <Baseline points="1384,2792 1453,2792 1523,2791 1593,2790 1663,2789 1732,2788 1802,2787 1872,2785 1942,2783 2011,2782 2081,2780 2151,2779 2221,2777 2290,2776 2360,2774 2430,2773 2500,2772 2569,2771 2639,2771 2709,2770 2779,2770"/>
                <TextEquiv>
                    <Unicode>im Geistigen als sehr bedeutsame Wirklichkeit die Kunstform,</Unicode>
                </TextEquiv>
            </TextLine>
            <TextLine id="r2l23" custom="readingOrder {index:22;}">
                <Coords points="1381,2860 2496,2855 2746,2840 2776,2785 1380,2834"/>
                <Baseline points="1389,2853 1458,2852 1527,2850 1596,2849 1665,2847 1734,2846 1803,2845 1872,2843 1941,2842 2010,2841 2079,2840 2148,2838 2217,2837 2286,2836 2355,2834 2424,2832 2493,2831 2562,2829 2631,2827 2700,2825 2769,2822"/>
                <TextEquiv>
                    <Unicode>z. B. die allgemein dichterische und die speziell lyrische oder</Unicode>
                </TextEquiv>
            </TextLine>
            <TextLine id="r2l24" custom="readingOrder {index:23;}">
                <Coords points="1388,2915 2771,2908 2787,2834 1387,2876"/>
                <Baseline points="1397,2909 1466,2910 1535,2909 1604,2909 1673,2908 1742,2907 1811,2906 1881,2904 1950,2902 2019,2901 2088,2899 2157,2897 2226,2896 2295,2894 2365,2892 2434,2891 2503,2889 2572,2888 2641,2887 2710,2886 2780,2886"/>
                <TextEquiv>
                    <Unicode>dramatische, wenn auch in den künstlerischen Werken immer</Unicode>
                </TextEquiv>
            </TextLine>
            <TextLine id="r2l25" custom="readingOrder {index:24;}">
                <Coords points="1380,2965 2516,2965 2529,2912 2082,2927 2020,2898 1379,2940"/>
                <Baseline points="1389,2967 1445,2967 1502,2966 1558,2965 1615,2964 1672,2963 1728,2962 1785,2961 1841,2960 1898,2959 1955,2957 2011,2956 2068,2955 2124,2954 2181,2953 2238,2952 2294,2951 2351,2951 2407,2950 2464,2949 2521,2949"/>
                <TextEquiv>
                    <Unicode>nur Variationen dieser Grundform realisiert werden.</Unicode>
                </TextEquiv>
            </TextLine>
            <TextLine id="r2l26" custom="readingOrder {index:25;}">
                <Coords points="1494,3043 2783,3014 2772,2960 1494,2997"/>
                <Baseline points="1503,3024 1566,3023 1630,3022 1693,3021 1757,3020 1821,3019 1884,3018 1948,3017 2011,3016 2075,3015 2139,3014 2202,3012 2266,3011 2329,3010 2393,3009 2457,3008 2520,3006 2584,3005 2647,3004 2711,3002 2775,3000"/>
                <TextEquiv>
                    <Unicode>Drücken aber so die im Wandel bleibenden Formen das</Unicode>
                </TextEquiv>
            </TextLine>
            <TextLine id="r2l27" custom="readingOrder {index:26;}">
                <Coords points="1394,3095 2588,3083 2786,3037 1393,3058"/>
                <Baseline points="1402,3087 1470,3086 1539,3085 1608,3084 1677,3083 1745,3081 1814,3080 1883,3078 1952,3077 2020,3075 2089,3074 2158,3072 2227,3071 2295,3069 2364,3068 2433,3067 2502,3066 2570,3065 2639,3065 2708,3064 2777,3064"/>
                <TextEquiv>
                    <Unicode>ewige unwandelbare Wesen menschlichen Lebens aus, so be¬</Unicode>
                </TextEquiv>
            </TextLine>
            <TextLine id="r2l28" custom="readingOrder {index:27;}">
                <Coords points="1383,3147 2628,3143 2793,3102 2693,3069 1382,3113"/>
                <Baseline points="1392,3144 1461,3145 1531,3145 1600,3144 1670,3143 1740,3142 1809,3141 1879,3139 1949,3137 2018,3136 2088,3134 2158,3132 2227,3130 2297,3128 2367,3126 2436,3125 2506,3124 2576,3123 2645,3123 2715,3123 2785,3123"/>
                <TextEquiv>
                    <Unicode>deuten die Stile, von denen uns die Kunstgeschichte berichtet,</Unicode>
                </TextEquiv>
            </TextLine>
            <TextLine id="r2l29" custom="readingOrder {index:28;}">
                <Coords points="1397,3227 2720,3200 2786,3147 1396,3172"/>
                <Baseline points="1406,3209 1474,3208 1543,3206 1611,3205 1680,3203 1748,3201 1817,3199 1885,3198 1954,3196 2022,3193 2091,3192 2160,3190 2228,3188 2297,3187 2365,3185 2434,3184 2502,3183 2571,3182 2639,3181 2708,3181 2777,3181"/>
                <TextEquiv>
                    <Unicode>die immer noch überpersönlichen, aber bereits vom Geiste ge¬</Unicode>
                </TextEquiv>
            </TextLine>
            <TextLine id="r2l30" custom="readingOrder {index:29;}">
                <Coords points="1391,3263 2628,3268 2793,3254 2793,3206 1391,3234"/>
                <Baseline points="1401,3266 1470,3264 1539,3263 1608,3261 1677,3260 1747,3258 1816,3257 1885,3255 1954,3254 2023,3252 2093,3251 2162,3250 2231,3249 2300,3247 2369,3246 2439,3245 2508,3244 2577,3243 2646,3242 2715,3241 2785,3240"/>
                <TextEquiv>
                    <Unicode>schichtlicher Kulturepochen individuell bestimmten Lebenstendenzen,</Unicode>
                </TextEquiv>
            </TextLine>
            <TextLine id="r2l31" custom="readingOrder {index:30;}">
                <Coords points="1397,3325 2792,3307 2704,3254 1396,3292"/>
                <Baseline points="1405,3323 1473,3323 1542,3322 1611,3321 1680,3320 1749,3319 1818,3318 1887,3317 1956,3315 2025,3314 2094,3312 2162,3311 2231,3309 2300,3307 2369,3306 2438,3304 2507,3303 2576,3301 2645,3299 2714,3298 2783,3297"/>
                <TextEquiv>
                    <Unicode>die eine bestimmte Kunstform ihrem Sinne dienstbar machen</Unicode>
                </TextEquiv>
            </TextLine>
            <TextLine id="r2l32" custom="readingOrder {index:31;}">
                <Coords points="1401,3385 2796,3373 2735,3311 2558,3341 2509,3307 1400,3350"/>
                <Baseline points="1410,3385 1478,3384 1547,3383 1616,3381 1685,3380 1754,3379 1823,3378 1891,3377 1960,3376 2029,3374 2098,3373 2167,3371 2236,3369 2305,3368 2373,3366 2442,3364 2511,3362 2580,3359 2649,3357 2718,3355 2787,3352"/>
                <TextEquiv>
                    <Unicode>möchten. Eine Betrachtung über die Stiltendenzen im deutschen</Unicode>
                </TextEquiv>
            </TextLine>
            <TextLine id="r2l33" custom="readingOrder {index:32;}">
                <Coords points="1389,3451 2104,3462 2243,3421 2763,3429 2813,3384 1388,3395"/>
                <Baseline points="1397,3444 1467,3444 1537,3443 1608,3442 1678,3440 1749,3439 1819,3438 1889,3436 1960,3435 2030,3433 2101,3431 2171,3429 2241,3428 2312,3426 2382,3424 2453,3422 2523,3421 2593,3419 2664,3417 2734,3416 2805,3415"/>
                <TextEquiv>
                    <Unicode>Drama der Gegenwart kann also für das innerste Wesen des</Unicode>
                </TextEquiv>
            </TextLine>
            <TextLine id="r2l34" custom="readingOrder {index:33;}">
                <Coords points="1919,3786 1932,3789 1939,3793 1941,3791 1950,3793 1963,3733 1932,3726"/>
                <Baseline points="1932,3767 1946,3770"/>
                <TextEquiv>
                    <Unicode>*</Unicode>
                </TextEquiv>
            </TextLine>
            <TextLine id="r2l35" custom="readingOrder {index:34;}">
                <Coords points="1650,3817 1675,3820 1685,3809 1703,3820 1723,3819 1752,3841 1797,3830 1820,3837 1815,3730 1778,3732 1753,3724 1728,3743 1713,3737 1647,3743"/>
                <Baseline points="1658,3802 1683,3799 1708,3797 1733,3796 1758,3796 1783,3795 1809,3793"/>
                <TextEquiv>
                    <Unicode>P</Unicode>
                </TextEquiv>
            </TextLine>
            <TextLine id="r2l36" custom="readingOrder {index:35;}">
                <Coords points="2017,3817 2025,3816 2034,3820 2043,3814 2057,3815 2066,3809 2081,3809 2078,3731 2067,3732 2046,3720 2039,3726 2035,3724 2030,3728 2021,3723 2012,3724"/>
                <Baseline points="2025,3803 2073,3801"/>
                <TextEquiv>
                    <Unicode>1</Unicode>
                </TextEquiv>
            </TextLine>
            <TextLine id="r2l37" custom="readingOrder {index:36;}">
                <Coords points="2245,3883 2261,3886 2270,3879 2277,3882 2281,3878 2297,3881 2303,3790 2294,3789 2290,3792 2270,3777 2265,3780 2252,3777"/>
                <Baseline points="2256,3859 2289,3861"/>
                <TextEquiv>
                    <Unicode></Unicode>
                </TextEquiv>
            </TextLine>
            <TextEquiv>
                <Unicode>—.—
box 36/5
Die Stiltendenzen im deutschen Drama
der Gegenwart
Refera von Julius Bah
Die Betrachtung, die ich vor Ihnen zu führen gedenke, hat
zu ihrer ersten Voraussetzung die Annahme, daß die Haupt¬
formen der Kunst, wie sie der Asthetiker abgrenzend zu charak¬
terisieren sucht, nicht die leeren Produkte willkürlicher Abstraktion
aus den in Wahrheit allein lebendigen Einzelkunstwerken sind.
Vielmehr ist die Anschauung, von der ich ausgehe, die, daß so
gewiß wie jedes spezielle Kunstwerk irgendeinem individuellen
Lebensbedürfnis, so jede von der Asthetik erkannte Kunstgattung
auf ein allgemeines, typisches Bedürfnis der Menschheit antwortet.
So wie der Anatom und der Antbropologe von einer allgemein
gültigen Form des menschlichen Gesichtes sprechen dürfen —
die ja auch Ausdruck für das tatsächlich vorhandene Mindest¬
maß gleichartiger Lebensvorgänge bei allen Menschen ist — und
wie trotzdem in der Wirklichkeit nur individuelle Gesichter
existieren, die alle nach verschiedener Richtung um einen mini¬
malen Grad von Normalgesicht abweichen — so existiert auch
im Geistigen als sehr bedeutsame Wirklichkeit die Kunstform,
z. B. die allgemein dichterische und die speziell lyrische oder
dramatische, wenn auch in den künstlerischen Werken immer
nur Variationen dieser Grundform realisiert werden.
Drücken aber so die im Wandel bleibenden Formen das
ewige unwandelbare Wesen menschlichen Lebens aus, so be¬
deuten die Stile, von denen uns die Kunstgeschichte berichtet,
die immer noch überpersönlichen, aber bereits vom Geiste ge¬
schichtlicher Kulturepochen individuell bestimmten Lebenstendenzen,
die eine bestimmte Kunstform ihrem Sinne dienstbar machen
möchten. Eine Betrachtung über die Stiltendenzen im deutschen
Drama der Gegenwart kann also für das innerste Wesen des
*
P
1
</Unicode>
            </TextEquiv>
        </TextRegion>
        <TextRegion orientation="0.0" id="r3" custom="readingOrder {index:2;}">
            <Coords points="2834,3863 2834,3961 2887,3961 2887,3863"/>
            <TextLine id="r3l1" custom="readingOrder {index:0;}">
                <Coords points="2826,3896 2836,3895 2862,3911 2876,3910 2862,3706 2846,3706 2839,3713 2832,3707 2813,3712"/>
                <Baseline points="2834,3891 2866,3889"/>
                <TextEquiv>
                    <Unicode></Unicode>
                </TextEquiv>
            </TextLine>
            <TextLine id="r3l2" custom="readingOrder {index:1;}">
                <Coords points="2833,3959 2842,3959 2850,3953 2858,3959 2873,3953 2876,3956 2887,3953 2896,3954 2899,3920 2890,3920 2885,3917 2881,3921 2871,3911 2864,3908 2859,3910 2849,3902 2839,3901"/>
                <Baseline points="2843,3944 2887,3948"/>
                <TextEquiv>
                    <Unicode>1</Unicode>
                </TextEquiv>
            </TextLine>
            <TextEquiv>
                <Unicode>
1</Unicode>
            </TextEquiv>
        </TextRegion>
        <TextRegion orientation="0.0" id="r4" custom="readingOrder {index:3;}">
            <Coords points="3321,4070 3321,4223 3359,4223 3359,4070"/>
            <TextLine id="r4l1" custom="readingOrder {index:0;}">
                <Coords points="3312,4169 3322,4170 3327,4166 3333,4171 3349,4175 3369,4173 3361,4089 3353,4090 3340,4082 3328,4088 3323,4094 3313,4086 3305,4087"/>
                <Baseline points="3321,4173 3359,4170"/>
                <TextEquiv>
                    <Unicode></Unicode>
                </TextEquiv>
            </TextLine>
            <TextEquiv>
                <Unicode></Unicode>
            </TextEquiv>
        </TextRegion>
    </Page>
</PcGts>
