3392 4256
1172 261 1325 332 nts
851 257 962 331 of
490 260 708 330 hlet
144 268 1327 367 1. Panp.1
834 1054 966 1141 138
182 1175 1601 1246 der mit schwärmerischer Liebesfülle, mit entzückter Leidenschaft
186 1242 1587 1294 hunderterlei Dinge dieser Welt anzuschauen vermag, und der
192 1298 1599 1371 deshalb im einzelnen immer Schönes und Lebensvolles bieten
190 1356 1590 1420 wird. Jenen geistigen Uberblick aber über das Ganze, dessen
189 1423 1583 1474 der Dramatiker bedarf, besitzt dieser ungeduldig hitzige Nach¬
180 1485 1592 1545 fahre der Romantik ebensowenig wie Frank Wedekind. Sein Ideal
188 1545 1586 1607 ist nicht ein so grandios borniertes wie das des Frank Wedekind,
185 1598 1588 1651 nicht nur die sinnliche Qualität ist es, die Eulenbergs Held entfalten
182 1669 1587 1722 soll. Eine etwas unklare Vorstellung vom idealen Menschen, der
184 1730 1586 1781 alle seelische Feinheit und alle physische Brutalität auf einmal
181 1773 1584 1825 besitzt, liegt der Eulenbergschen Hauptgestalt zugrunde. Aber
191 1835 1592 1896 immer lebt bei ihm die gleiche und nur die eine Gestalt: als
191 1896 1591 1947 Walewski, als Ulrich von Waldeck, als Münchhausen oder als
179 1952 1593 2006 Blaubart — die Gestalt, die er am treffendsten mit dem (später
185 2007 1579 2066 in Der natürliche Vater veränderten) Titel einer Komödie: Der
185 2067 1588 2124 wilde Mann, genannt hat. Der wilde Mann, der im Zorn seiner
186 2124 1593 2188 großen Seele gegen die dumme, blöde, gemeine Welt anrennt
267 2204 1583 2258 die Eulenberg ebenso gern, wenn auch nicht immer so
194 2249 1585 2309 schneidend scharf wie Wedekind in Karikaturen zeichnet. Der
192 2301 1590 2359 Wilde ist auf jeden Fall der bessere Mensch und hat allein
186 2362 1589 2438 recht. — Der Mangel eines Gefühls für den Sinn der ordnenden,
190 2431 1583 2496 der Kraft verteilenden Mächte machten Eulenbergs Werke im
185 2488 1578 2561 letzten Grunde wieder monologisch, undramatisch, lyrisch. Da
179 2544 1578 2603 er nicht von einer so scharf pointierten Uberzeugung wie Wede¬
180 2609 1573 2678 kind ausgcht, ist sein Stil nicht so bös witzig, so fanatisch ein¬
185 2667 1575 2728 bohrend, aber in seiner Entartung auch nicht so papieren agi¬
179 2723 1575 2774 tatorisch wie der Wedekinds. Sein mehr weicher und reicher
182 2777 1581 2845 lyrischer Ton droht aber regelmäßig im Bramabarsieren, in Ge¬
185 2841 1581 2894 fühlsrenommisterei zu endigen. Eulenberg sieht dem Shakespeare
184 2902 1575 2983 die Maßlosigkeit der einzelnen Außerungen ab, und begreift nicht,
178 2972 1568 3036 daß die bei dem größten Dramatiker nur deshalb ein Kunst¬
170 3036 1568 3087 mittel sind, weil sie durch entgegengestellte Außerungen von eben¬
184 3070 1585 3134 bürtiger Intentität im Gleichgewicht gehalten wird. Bei Eulenberg
180 3138 1583 3208 wird der Schein der Wahrheit immer wieder zerrissen, weil der
176 3198 1572 3250 Dichter so parteiisch, wie nur ein Lyriker es sein darf, mit
176 3264 1576 3329 allen seinen Gefühlen auf die Seite des starken Mannes tritt, der
177 3306 1585 3371 sich gegen eine fratzenhaft blöde Welt vergeblich abmüht. Auf
179 3380 1528 3450 diese Weise entstehen wiederum rein balladeske Wirkungen —
187 3432 1599 3489 wir bringen es höchstens zu einem direkten Gefühl für den
1915 187 2398 259 —.—
1495 263 1949 357 box 36/5
2291 1072 2404 1150 139
1642 1158 3054 1241 Dichter, der durch diese Handlung unmittelbar zu uns spricht,
1657 1259 3044 1328 nicht für die handelnden Menschen, deren gleichlebendiges Dasein
1650 1290 3053 1364 uns das Gefühl eines überpersönlichen, weltgroßen Dichtergeistes
1667 1361 2038 1434 vermitteln sollte.
1769 1411 3052 1472 Was Naturen wie Wedekind und Eulenberg im Grunde
1652 1483 3045 1551 gemein haben, und was sie beide vom geistigen Wesen des
1668 1534 3053 1601 Dramas trennt, das ist, sie sind Romantiker — Romantiker im
1686 1582 3061 1662 formalen Sinne des Wortes. Menschen, die einen feindlichen
1680 1650 3053 1717 Standpunkt dem realen Wesen der Welt gegenüber eingenommen
1677 1699 3054 1776 haben. Menschen, die deshalb nicht das Leben in jeder seiner
1668 1761 3057 1847 Außerungen als notwendig, sondern abwechselnd als herrlich
1665 1826 3059 1892 schön und niederträchtig schlecht empfinden. Ob man diesem
1677 1887 3057 1951 Leben, in dem Geist und Stoff unlösbar geeint sind, mit einem
1680 1953 3060 2024 rein sinnlichen oder rein seelischen Anspruch gegenübertritt,
1677 1997 3073 2077 das ist fast gleichgültig gegenüber der Tatsache, daß in jedem
1676 2058 3063 2136 Fall das Verhältnis problematisch, und daß deshalb statt
1675 2124 3057 2184 Genuß und Schaffen Sehnsucht und Zerstören seine Folge ist.
1668 2176 3074 2242 Daß ein so unerhört radikaler Materialist wie Frank Wedekind
1673 2236 3072 2320 noch einmal im asketischen Katholizismus endet, halte ich für
1679 2294 3063 2367 keineswegs ausgeschlossen. Hier berühren sich die Extreme.
1675 2352 3061 2432 Extreme Naturen aber können im Grunde nur Propheten oder
1673 2413 3065 2481 Lyriker sein; das Wesen des Dramas erschließt sich allein der
1689 2473 3068 2546 Weisheit der Gerechten — denen, die in körperhaften Wesen Träger
1677 2536 3071 2601 des Geistes fühlen, und die im Prozeß der Geschichte so wenig
1691 2583 3073 2663 von Recht und Unrecht wissen, daß sie in allen Kontrahenten
1675 2672 3080 2724 leben und jeden zu seinem wahren Worte kommen lassen. (Dieses
1688 2706 3076 2786 Kriterium des göttlich überschauenden Geistes paßt nur sehr
1688 2766 3083 2839 scheinbar auch für die nur gleichgültige Mittelmäßigkeit des
1684 2845 3075 2897 Philisters, dessen lieblose Feigheit niemals Gestalten beseelen
1684 2875 3079 2954 können wird, weil er nicht die heilige Unruhe alles Lebens,
1678 2940 3077 3023 sondern nur die bequeme Ruhe seiner Existenz liebt.) So
1685 3022 3083 3078 können geborene Exzentriker wie Eulenberg oder Wedekind nur
1757 3072 3081 3138 zuletzt unfruchtbare — Versuche machen, den Stil des Dramas
1691 3126 3087 3192 ins Agitatorisch-Rednerische oder Lyrisch-Balladeske umzubiegen,
1703 3194 3089 3253 denn sie können immer nur einzelne Lebensmomente, nie einen
1690 3254 3076 3321 ganzen Lebensablauf objektiv fühlen und also dramatisch dar¬
1698 3291 3085 3372 stellen. Und sie begreifen als echte Romantiker nicht, daß Ob¬
1704 3347 3081 3440 jektivität ein Plus, nicht ein Minus gegenüber der lyrischen Emp¬
1687 3428 3099 3492 findung bedeutet. Wenn also ein Dichter heute die Form des
1640 3811 2740 3920 e en
2546 3932 2610 4039 4
2703 3997 2801 4054 10
2721 4025 2938 4109 RR
2247 4091 2420 4154 GR
2519 4102 2561 4169 8
2345 4140 2428 4192 Se
2730 4170 2770 4208 —
