3392 4256
1463 272 1937 363 box 36/5
136 276 1311 392 1. Panphlets, Offprints
2354 1101 2472 1180 125
816 1105 933 1195 124
1699 1197 3098 1278 einer außermenschlichen Hauptperson sozusagen, ist nun schon
164 1207 1582 1297 der Sprache häufig das unfreiwillige Schwache, Lächerliche des
1701 1269 3106 1323 öfter versucht worden. Von den Griechen, die sich das große
177 1273 1570 1357 Menschen hervorkehrt, hat denn auch Hauptmann allerlei gelernt.
1697 1324 3108 1384 Mittel des Chors vorbehielten, um die eigentliche Macht zu
162 1344 1571 1406 Dagegen hat er jene lyrische Symbolik, die lbsen braucht, um
1689 1381 3108 1451 künden, sprach ich schon. Im Barock, das mit den Mitteln der
167 1395 1578 1457 die unbekannten Ubermächte zu gestalten, so gut wie nie benutzt.
1688 1463 3105 1516 neuentdeckten Sinnlichkeit das Unsinnliche zu verherrlichen
168 1465 1566 1531 Er bedarf ihrer nicht; und gerade das kennzeichnet seine außer¬
1696 1510 3100 1572 trachtete, schuf der Spanier Calderon das katholische Drama,
176 1527 1386 1594 ordentliche Leistung in der Stilgeschichte des Dramas.
1707 1569 3098 1630 in dem wundertätige Mächte aus den Wolken steigend, den rein
280 1573 1572 1633 Das Werk Gerhart Hauptmanns scheint mir unter den stili¬
1704 1640 3093 1691 menschlichen Konflikt zerreißen dürfen, nachdem eine sehr selbst¬
183 1623 1576 1708 stischen Versuchen der letzten deutschen Generation nämlich
1710 1677 3096 1734 herrlich gedehnte Sprachmusik unsern Sinn vom realistischen
185 1689 1588 1767 deshalb am merkwürdigsten und bedeutsamsten, weil hier zum
1710 1739 3101 1794 Anspruch schon hinreichend abgelenkt hat. Wie auch lbsen die
181 1764 1577 1830 ersten Mal der Ausdruck einer eigentlich antidramatischen Ge¬
1705 1820 3113 1866 außerweltliche Macht, die er quer durch alles Menschliche greifen
177 1810 1584 1879 sinnung mit dem rein dramatischen Mittel vollkommen objektiver
1704 1870 3109 1932 fühlte, in lyrischen Symbolen anzudeuten pflegte, habe ich
185 1860 1589 1936 Menschendarstellung gelungen ist. Das Drama setzt ja eigentlich
1701 1918 3111 1973 angedeutet. Aber a jedem dieser Fälle ist doch bereits das
191 1937 1585 2014 das Gefühl voraus, daß in zwei sprechend wider einander be¬
1703 1974 3113 2041 eigentliche Grundgesetz des Dramas verletzt: die Grundillusion
192 2002 1585 2070 wegten Menschen, in den handelnden, schaffenden Individuen das
1716 2041 3107 2105 dieser Form, als hätten wir hier nur den Verkehr miteinander¬
188 2059 1593 2115 höchste welterfüllende Wesen offenbar sei. In dieser stolzen
1704 2095 3097 2162 sprechender Menschen vor uns, wird nicht durchgehalten, in
186 2114 1584 2177 irdisch zuversichtlichen Religiosität lebt aber Gerhart Hauptmann
1714 2157 3101 2217 irgend einer Art setzt die dichterische Phantasie unmittelbar,
181 2158 1580 2228 nicht. Seine Weltanschauung ist insofern eine spezifisch christ¬
1712 2210 3109 2270 lyrisch, die Zeichen außermenschlicher Gewalten ein. Es ist die
176 2235 1592 2286 liche, als sie an eine reine, dem irdischen entrückte geistige
1722 2285 3105 2347 große, künstlerische Leistung Gerhart Hauptmanns, daß er zum
177 2273 1591 2347 Macht glaubt, in die einzumünden, die unter Uberwindung aller
1728 2325 3112 2397 ersten Mal die Möglichkeit gezeigt hat, diese nicht menschlichen
191 2359 1594 2402 irdischen Hemmungen zu erreichen, Ziel und Sinn des Lebens
1716 2385 3117 2462 Mächte im Menschen selber darzustellen und dadurch die
183 2408 1602 2461 sei; nicht umsonst gipfelt sein ganzes bisherige Werk in einem
1703 2440 3122 2526 reine Form des Dramas für den Ausdruck solchen Weltgefühls
187 2453 1594 2526 Christusroman: In der Vision eines Menschen, der wieder
1717 2504 2186 2576 tauglich zu machen.
187 2530 1599 2584 seine ganze Existenz zum reinen Gefäß des Geistes zu machen
1817 2551 3104 2621 Man hat Gerhart Hauptmann einen „Naturalisten“ genannt,
197 2576 1608 2638 vermag. Ein Fünkchen dieses heiligen Geistes glüht aber bei
1710 2640 3111 2689 und er ist das in der Tat in demselben Sinn und aus demselben
186 2626 1595 2710 Hauptmann in jeder Menschenseele. Und nicht der tätige Wille
1718 2679 3105 2735 Grunde, wie er Spiritualist ist. Dies sind reziproke Werte; ein¬
191 2684 1596 2771 entfacht es zur Flamme, nicht durch Werke, die dem Irdischen
1716 2745 3107 2803 ander so verwandt und so nötig wie das Negativ und das Positiv
200 2753 1606 2815 dienen, gewinnt es volle Kraft, nur im Leiden liegt für dieses
1714 2791 3108 2854 der gleichen Bildaufnahme. Wenn ihm der Geist, das Wesen
198 2831 1610 2878 Weltgefühl die Erlösung; wenn die Schlaken des Irdischen vom
1712 2877 3107 2928 nicht unmittelbar mit der Materie verknüpft ist, sondern gleich¬
190 2868 1595 2950 Schmerz abgeschlagen werden dann wird der feurige Kern frei.
1716 2922 3112 2984 sam als göttlicher Fremdling verbannt in den Leibern lebt, so
198 2937 1596 2994 Und solche Erlösung durch das Leid, solche Rettung des inneren
1734 2964 3115 3045 wird des Menschen körperliches Dasein eben nicht vom Geist,
205 3000 1612 3059 Menschen durch sein äußeres Erliegen, stellt in Wahrheit jedes
1729 3028 3114 3091 nicht vom gestaltenden Willen regiert, sondern vom brutalen
197 3035 1605 3117 Hauptmannsche Werk dar. An den eigentlichen, lebendigen, den
1733 3083 3115 3159 Mechanismus der Außenwelt, von der Schwerkraft der toten
209 3095 1602 3185 dramatischen Menschen Shakespeares glaubt Hauptmann nicht;
1726 3146 3114 3224 Dinge — und das ist ja eben die materialistische, die im engeren
204 3155 1610 3234 dieser viel wollende Körper muß erst zerstört werden, damit die
1727 3203 3108 3270 Sinne naturalistische Anschauung. Indem nun Hauptmann mit
205 3239 1615 3290 Seele, an die er glaubt, frei werde, Also nicht Kämpfe, sondern
1722 3280 3107 3331 einer ganz neuen Kunst im Dialog, in den Worten der sprechenden
215 3288 1617 3352 Passionsbilder, Leidensgeschichten, stellt Hauptmann dar, nicht
1712 3321 3104 3378 Menschen selber die fremden unpersönlichen Gewalten sichtbar
211 3354 1607 3406 die Kraft des menschlichen Charakters, sondern das Schicksal der
1723 3387 3112 3456 machen kann, die ihr körperliches Dasein regieren, wird für die
206 3402 904 3484 Seele gestaltet seine Handlung.
1720 3442 3126 3522 selten auftauchenden Momente ihrer Freiheit gleichsam durch
319 3448 1617 3542 Ein solches nicht-shakespearesches Drama, ein Drama mit
3120 4162 3174 4204 1
