3392 4256
1243 3883 1314 3989 900
1984 172 2349 248 —.—
1518 242 1981 335 box 36/5
186 239 1373 331 1. Panphlets, offprints
1809 1178 1934 1257 144
1465 1291 2573 1342 „Das Drama ist die höchste Form der Poesie und der
1352 1331 2570 1384 Kunst überhaupt, hat aber nichtsdestoweniger die Aufgabe,
1355 1383 2583 1435 das Leben in seiner Unmittelbarkeit zur Anschauung zu
1345 1430 2574 1476 bringen, und den alles umfassenden Verstand, der ihm zu¬
1348 1481 2582 1550 grunde liegen muß, im einzelnen hinter anscheinender Willkür
1346 1528 2363 1603 zu verstecken; es soll eine Welt sein, keine Uhr.“
1162 1590 2580 1648 Ich denke, es ist nicht schwer zu erkennen, daß diese formale
1172 1662 2580 1727 Erkenntnis, die im gleichen Grade den Geist und die Sinnlichkeit
1172 1728 2579 1790 will, nur der ästhetische Widerschein jenes Weltgefühls ist, das
1175 1779 2582 1834 an die Macht der tätig freien Menschen, aber auch an ihre not¬
1166 1841 2579 1911 wendig und sinnvoll gesetzten Schranken glaubt, jenes Welt¬
1162 1891 2576 1962 gefühls, das allein der reinen dramatischen Form kongenial ist.
1168 1955 2582 2017 Deshalb scheint mir Friedrich Hebbel mit einem solchen Wort
1161 2020 2576 2080 der vortrefflichste Wegweiser aller fruchtbaren Stiltendenzen, die
1172 2065 2582 2158 aus dem deutschen Drama der Gegenwart in die Zukunft zielen.
1759 3860 1841 4021 5
2278 4030 2331 4090 820
2387 4068 2435 4131 0
2342 4094 2429 4158 1
2511 4001 2586 4074 00
