3392 4256
1547 295 2012 387 box 36/5
210 303 1394 403 1 Panphlets, Offprints
1820 1178 1936 1256 119
1162 1276 2579 1346 ließ. — Deshalb reifte der anderwärts so schöpferische Geist
210 1293 955 1369 Breich sein; deun sobald wir er¬
1168 1337 2580 1419 des Mittelalters kein eigentliches Drama, weil die Tendenz der
221 1358 954 1422 wille der dramatischen Form ist,
1178 1409 2577 1468 gothischen Kunst von der Erde in den Himmel wies, und in der
217 1417 960 1481 Art und Weise, wie unsere Zeit
1181 1454 2579 1528 bloßen Darstellung des handelnden Menschen deshalb keine Ge¬
208 1475 960 1560 er sich ihm verbündet, Wesent¬
1185 1512 2584 1581 nüge finden konnte. — Deshalb erfüllte sich die dramatische
204 1534 734 1605 enstendenzen verraten.
1177 1574 2571 1641 Idee zum ersten Male im Zeitalter der Renaissance, der der
218 1595 956 1663 erhältnis des Menschen zur
1179 1631 2583 1703 Mensch nicht nur das furchtbarste, sondern auch das beglückendste,
213 1653 966 1723 atischen Form ausgedrückt?
1187 1692 2580 1763 das heiligste, ja beinahe das einzige Erlebnis geworden war; aus
207 1706 969 1787 ichtet auf die außerordentlichen
1181 1756 2579 1812 einer enthusiastischen Menschenfrömmigkeit entstand das erste,
212 1769 960 1842 er epische Dichter besitzen, um
1178 1802 2581 1879 von der lyrischen und epischen Form der Sprachkunst völlig
216 1828 962 1893 ngen. Er spricht nicht unmittelbar
1178 1876 2383 1940 abgeschiedene reine Drama, das Drama Shakespeares.
204 1885 966 1962 Persagt sich auch das Recht kri¬
1309 1926 2594 1983 Wenn wir zu der so begrifflich und bistorisch fixierten
212 1950 959 2016 ener scheinbar fremden Schicksale,
1182 1984 2583 2066 Form des Dramas nun die Versuche der Gegenwart in Vergleich
215 2006 963 2080 kt sich ganz und gar darauf, einen
1186 2067 2596 2124 setzen wollen, so müssen wir uns erst über den Umfang dieses
214 2065 962 2137 hrte miteinander sprechender, in
1179 2118 2580 2177 Begriffs „Gegenwart“ verständigen. Es kann sich ja selbst¬
215 2126 968 2202 estaltender Menschen zu geben.
1193 2157 2586 2233 redend nicht um den bestandlosen Augenblick handeln, in dem
212 2184 960 2259 Preis aber bezahlt er offenbar, um
1186 2216 2594 2284 wir gerade sprechen, sondern nur um den geschichtlichen Zeit¬
218 2247 959 2312 ruck für jenes Erlebnis zu er¬
1187 2275 2597 2350 raum, der in seinem Beginn Entwicklungskräfte ins Spiel gebracht
213 2302 966 2383 ste ist: eben das Erlebnis des
1194 2337 2596 2407 hat, an deren Auswirken wir uns heute noch beteiligt fühlen;
212 2357 972 2441 les von einem Willen durch
1197 2394 2600 2463 die „Gegenwart“ das heißt jenes Stück der Vergangenheit, mit
226 2415 968 2479 schreitenden Menschen. Den
1196 2464 2601 2525 dem wir uns fester, ununterbrochener verbunden fühlen, als mit
218 2476 971 2546 malen Einschränkung des Dramas
1202 2524 2596 2592 den andern, älteren Stücken der Vergangenheit. Wo aber liegt
213 2532 970 2600 r bezahlen, für den der redende,
1200 2574 2588 2642 nun für uns die Grenze dieses Gegenwartsbegriffs? Vom all¬
1188 2644 2593 2706 gemein geistesgeschichtlichen Standpunkt aus wärc es sehr schwer,
219 2665 977 2726 innersten, göttlichen Macht, jenes
1192 2684 2602 2754 den „Anfang“ der Gegenwart zu fixieren. Diese Epoche, deren
224 2712 972 2790 im allerletzten Grunde sich doch
1192 2750 2594 2815 tiefstes Kennzeichen es wohl ist, nach dem Sturz eines alten
212 2771 979 2848 llein müttt. Die reine Erfüllung
1199 2816 2595 2876 Glaubens dem gefährlich freien Menschen neue Bindungen zu
210 2835 969 2910 lso einer Zeit nur in dem Grade
1198 2886 2597 2928 suchen, könnte man, wenn nicht bis zu Erasmus und Luther, doch
214 2901 962 2955 tanschauung, ihre Religiosität eine
1203 2918 2596 2988 bis zu Goethe und Novalis zurückdatieren. Aber auf kunstgeschicht¬
224 2949 968 3021 eist. Von dem außerweltlichen,
1193 2997 2600 3059 lichem, speziell auch auf dramatischem Gebiete ist die Gegen¬
201 3020 984 3083 en Gott kann ich nur aus meiner
1211 3051 2600 3110 wartsgrenze näher und deutlicher zu finden. — Wenn von alters
216 3064 980 3138 isch zeugen; dramatisch gestalten
1198 3116 2603 3171 her die Wüste als die sicherste und kcuntlichste Grenze zwischen
233 3135 979 3194 des Kulturablaufes, in dem wir
1200 3155 2610 3227 zwei Ländern gilt, so kann man die Epoche deutscher Kunst,
1198 3232 2603 3284 die wir als die gegenwärtige empfinden, von der früheren sehr
215 3240 973 3303 Schaffensdrang erfahren hatten,
1200 3273 2603 3345 sicher abgrenzen durch die Wüste — die Wüste, die in der
220 3306 976 3369 als der Mensch, denen aber die
1199 3332 2612 3390 dramatischen Kunst zum mindesten das Viertel von 1863 bis 1888,
224 3358 985 3434 em unerforschlichen, außermensch¬
1198 3394 2608 3476 vom Tode Friedrich Hebbels bis zum Auftreten Gerhart Haupt¬
227 3419 979 3483 so fürchterlich überwachsen wurde,
1207 3449 2612 3521 manns bedeutete, In diesem Zeitraum gibt es keinen einzigen
214 3467 987 3559 sche Form sich niemals rein von
1213 3511 2615 3581 wirklichen deutschen Dramatiker von irgendwelchem Belang,
219 3527 999 3621 r anbetenden Chorgesänge abheben
