3392 4256
117 230 1306 350 1. aphlets offprints
781 1072 903 1143 136
140 1162 1553 1253 leidenschaftliche Darstellung menschlicher Willenskräfte. Aus
153 1237 1540 1303 einem Kämpfen und Ringen steigt die Strömung jeder Szene
149 1304 1550 1365 auf, gewitterhaft blitzt zielgerichtete Kraft aus jeder Replik, und
140 1349 1548 1422 ein mächtiger Stoß kriegerischen Willens peitscht die atemlose
139 1413 1549 1468 Flucht kleiner Szenen an uns vorbei, in denen nichts lebt, nichts
150 1467 1548 1536 Wahrheit, Wesen und Geltung hat, als der Mensch; der
149 1542 1537 1589 redende, der handelnde, der sich bewegende Mensch. So er¬
140 1587 1551 1658 innert denn der Stil dieses Wedekindschen Erstlings ungemein
153 1651 1553 1717 an alle deutsche Jüngerschaft Skakespeares, vor allem aber an
151 1713 1552 1775 die Dramatik des Sturm und Drang. Freilich, es war schon
149 1759 1561 1834 in diesem Erstling zu spüren und wurde allmählich klarer und
153 1828 1555 1894 klarer, daß in diesem Wedekind mehr vom Geist der Lenz und
143 1898 1545 1970 Klinger als von dem Goethes war, daß sein Gefühl vom Menschen
161 1936 1560 2012 ein enges, wesentlich animalisches, sein Begriff vom Willen ein
161 2012 1550 2070 sinnlicher war, und daß damit von einer wesentlich anderen
147 2075 1551 2126 Seite her ihm in der Ausbildung der dramatischen Form enge
155 2134 1559 2191 Grenzen gezogen seien. In Poëmen — die, wie er mit wahr¬
154 2190 1563 2246 haft verzweifelter Inbrunst immer wieder versichert, keineswegs
161 2245 1559 2301 scherzhaft gemeint sind — verkündet Wedekind als sein Ideal
161 2308 1556 2369 den animalisch reinen und rein animalischen Menschen, die
147 2349 1554 2424 hemmungslos entfaltete Sinnlichkeit. Aber als geistiges, auch
157 2431 1551 2489 geistiges Wesen erlebt der Mensch nur die tragisch gleich¬
158 2487 1555 2555 gewichtigen Konflikte, die Konflikte, in denen es nicht Recht
169 2549 1552 2610 und Unrecht, sondern zweierlei Recht gibt, und die der un¬
157 2596 1564 2664 erschöpfliche Stoff des Dramas, dieser vom Wort geschaffenen
157 2672 1563 2725 geistigen Welt sind. Wedekind, für dessen innerste Natur eine
163 2714 1564 2776 wortsparende Neigung zur Pantomine verräterisch ist, kann seine
165 2784 1560 2837 rein sinnliche Menschheit nur wütend gegen Schranken anrennen
169 2823 1569 2904 lassen, von deren Recht und Sinn sie unmöglich ctwas begreifen
158 2882 1564 2957 kann. Und so erhalten seine Stücke allmählich (bei seiner höchst
160 2951 1560 3009 aktiven Natur keinen lyrisch monologischen, aber) einen mono¬
161 3022 1568 3073 manisch agitatorischen Charakter. — In Frühlings-Erwachen
159 3060 1573 3132 hat er ein so enges Stückchen Welt ausgeschnitten, daß er mit
170 3122 1575 3191 seiner einen physischen Leidenschaft doch fast ihren ganzen
176 3179 1574 3250 Wahrheitsgehalt erschütternd geben konnte. Die Welt der
173 3239 1566 3303 Pubertät kreist wirklich um das sinnliche Phänomen. Und doch
172 3325 1576 3374 zeigt schon hier der groteske Karrikaturstil, mit dem die Feinde
177 3376 1570 3430 der Jugend hingesetzt werden, daß Wedekind die Welt der
169 3440 1574 3507 Kultur, des Geistes weniger in ihren lebensfeindlichen Aus¬
1454 227 1913 314 box 36/5
2343 1018 2446 1088 137
1705 1116 3088 1193 wüchsen als in ihrem ganzen Wesen haßt; und dies völlig
1704 1188 3087 1268 widerstandslose Uberspringen von der lebendigsten Gestalt zur
1704 1245 3084 1316 phantastischsten Fratze zeigt schon hier die tiefe Temperaments¬
1694 1298 3089 1366 verwandtschaft mit dem nachgeborenen, dem wüstesten Sohn
1698 1369 3092 1436 des Sturm und Drangs: Christian Dietrich Grabbe. Wedekinds
1698 1417 3096 1495 nächstes und stärkstes Bühnenwerk Der Erdgeist, das in einer
1702 1495 3089 1556 ganzen Kette von Schlachten ein Geschlecht irgend wie geistiger
1706 1539 3095 1609 Männer an der ungebrochenen Sinnlichkeit einer Frau zugrunde
1707 1603 3091 1687 gehen läßt, gibt dann das Wedekindsche Hauptthema mit ge¬
1711 1668 3099 1736 sammelter Energie. Aber schon in den vier breiten, geordneten
1714 1717 3099 1783 Theaterakten, die nach dem Beispiel der Franzosen eine Aus¬
1711 1773 3101 1839 wahl großer, typischer Exempel setzen, fängt die demonstrative
1697 1846 3101 1904 Begier an zu wirken. Seitdem wiederholt Wedekind in furcht¬
1704 1899 3106 1960 barer Monotonie mit immer weniger dichterischem Gefühl und
1708 1952 3102 2015 immer wütenderer schriftstellerischer Beredsamkeit das gleiche
1711 2011 3107 2070 Motiv. Sein eigenes Schicksal als das eines unverstandenen
1704 2068 3110 2137 Propheten ist das einzige Thema, das er noch hinzugewonnen
1715 2120 3099 2192 hat, und das er mit seiner Agitation für die Freiheit des Trieb¬
1713 2188 3096 2257 lebens verflicht. Der geistlose, uneinsichtige Fanatismus seiner
1717 2249 3111 2314 Willensmenschen prägt sich in einem Dialog, der in Wahrheit
1715 2300 3090 2375 ein vollkommen verbohrtes Aneinandervorbeisprechen der Unter¬
1717 2369 3114 2434 redner ist, charakteristisch genug aus, und für das groteske
1709 2438 3106 2500 Ineinander der größten und der kleinsten Dinge (die sich ja
1705 2478 3112 2547 freilich nur für einen kulturell eingestellten Blick unterscheiden!)
1718 2549 3115 2612 erfindet er noch immer zuweilen Situationen von epigrammatischer
1722 2595 3115 2668 Stärke. Aber diese Reste künstlerischer Ausdruckskraft hindern
1719 2653 3115 2736 nicht die Erkenntnis, daß wir in Wedekind heute viel mehr als
1719 2714 3117 2778 einen dramatischen Dichter, einen szenischen Agitator für eine
1728 2773 3118 2846 ungeheuer beschränkte Idee erblicken müssen, und daß der Ver¬
1718 2825 3122 2903 gleich, den man auf gewisse äußere Imitationsscherze hin, zwischen
1720 2887 3122 2962 seinem jüngsten Opus „Franziska“ und Goethes „Faust“ anzustellen
1731 2954 2754 3032 beliebte, etwas schlechthin blasphemisches hat.
1831 3000 3117 3073 Der gleichen dramaturgischen Erkenntnis wie Wedekind,
1728 3069 3113 3156 der Erkenntnis nämlich, daß zur vollkommenen Erfüllung der
1722 3130 3117 3192 dramatischen Form nicht nur die vitale Energie, sondern auch
1725 3198 3125 3266 die geistige Organisation des Menschen erlebt werden muß, führt
1724 3247 3119 3321 auf etwas anderen Wegen Herbert Eulenberg zu, der mit
1725 3309 3128 3370 Recht unter den jüngeren deutschen Dramatikern in letzter Zeit
1733 3361 3136 3461 bekannt geworden ist. Mit Recht, denn Eulenberg ist ein Dichter,
2724 3848 2765 3887 440
2644 3853 2680 3884 1930
2510 3860 2561 3901 945
2474 3876 2512 3926 445
2528 3963 2667 4031 S
2438 3964 2565 4037 A
2475 4042 2601 4106 W
2834 4030 2987 4114 Sts
2331 4068 2457 4128 RN
2697 4075 2843 4145 S
2474 4097 2535 4151 810
2412 4108 2448 4145 700
2623 4124 2736 4178 S
