3392 4256
535 250 639 320 11
232 248 1349 353 Panb.offprints
790 1082 967 1164 — 132
193 1179 1602 1275 kommenen Ausdruck einer absoluten Verzweiflung am Menschen
193 1246 1611 1319 einen Weg zur dramatischen Form, deren Wesen doch nun einmal
197 1304 1608 1386 Menschendarstellung ist, und die deshalb ohne eine glaubende
203 1371 1298 1449 Hingabe an den Menschen nicht wohl sein kann?
320 1437 1603 1504 In der Tat sind Hofmannsthals erste Szenengedichte ganz
219 1486 1594 1566 und gar ohne dramatischen Kern und wohl auch ohne drama¬
217 1540 1600 1630 tische Ambition; es ist nur eine reicher inszenierte, eine mehr¬
219 1613 1611 1696 stimmig zu sagende Lyrik. Der Tod des Tizian, die älteste
216 1674 1607 1738 dieser Szenen, läßt nach dieser Richtung hin durchaus keinen
220 1737 1610 1797 Zweifel: Die Jünger, die vor dem Hause des sterbenden Meisters
222 1795 1615 1868 auf der abendlichen Terrasse stehen, über die Stadt schauen, und
217 1837 1610 1921 aus dieser Situation Gefühle gewinnen, die in schwungvollen
226 1897 1604 1984 Versen ausströmen — diese Sprecher kommen kaum in den Ver¬
217 1976 1609 2043 dacht, für personae dramatis zu gelten. Sie leiden nichts und sie
212 2019 1607 2104 tun nichts irgend wie Unterschiedenes, sie sprechen nur mit ver¬
218 2083 1608 2166 schiedenen Stimmen an dem einen, durch diese Situation ent¬
216 2163 1621 2213 flammten Grundgefühl des Dichters. Es sind keine Menschen,
218 2192 1623 2269 sondern lyrische Figurinen. Nur unwesentlich mehr ist das Spiel
232 2269 1618 2332 Der Thor und der Tod dem Dramatischen angenähert; hier hat
220 2314 1620 2390 die Handlung zwar keine symbolische Realität, aber sie ist doch
227 2384 1620 2453 wenigstens schon als eine allegorische Bedeutsamkeit vorhanden.
224 2458 1627 2510 Immer aber noch beruht die Wirkung auf der lyrischen Kraft,
231 2494 1632 2573 mit der der Dichter zu uns spricht, viel mehr, als auf irgend
226 2572 1636 2629 einem Glauben, den die Gestalten selbst erwecken. Je mehr
231 2631 1629 2706 nun aber in den Hofmannsthalschen Szenenspielen — und litera¬
230 2691 1635 2747 rische Lust, das seltsam verworrene Spiel der Welt in einem
240 2741 1635 2810 Reigen bunter Kostüme wiederzuspiegeln, lockt ihn immer tiefer
295 2785 1642 2858 die handelnden Menschen hervorgehoben werden und mit dem
234 2855 1639 2929 Anspruch auf selbständige Beachtung auftreten, je größer wird
239 2910 1645 2985 die Gefahr für diesen Dichter, der doch eigentlich nur von seiner
237 2980 1633 3055 staunenden Erfahrung des ungeklärten Weltganzen und nicht von
249 3026 1637 3103 einem liebenden Erleben des einzelnen Menschen zeugen kann.
248 3095 1639 3159 Zuweilen, etwa in dem sehr schönen Spiel von dem Abenteurer
246 3142 1654 3227 und der Sängerin, glückt der Versuch, weil er in dem rastlosen
249 3218 1637 3293 Weltdurchfahrer und in der ganz im Klang gelösten Sängerin
249 3271 1642 3345 Figuren findet, die ihrer vorgestellten Art nach auch Sprecher
251 3317 1644 3416 des Dichters sein können. Wenn er aber in der Hochzeit der
253 3389 1639 3454 Sobeide einen naiven, ganz jungen, eben erst vom Leid zum Be¬
257 3456 1680 3522 wußtsein erweckten Menschen zur Hauptfigur machen will, so
1932 183 2358 247 —
1496 246 1950 348 box 36/5
2390 1061 2514 1125 133
1746 1145 3147 1210 tritt das, was die Figur ihrer dramatischen Illusion nach sagen
1749 1233 3140 1293 müßte, zu der tiefsinnig schönen Hofmannsthalschen Lyrik, die
1749 1300 3156 1351 sie tatsächlich sagt, in einen fast grotesken Kontrast. Die Grenze
1752 1350 3145 1402 zwischen dem dramatisch Erforderten und dem, was dem Dichter
1747 1395 3152 1459 Hofmannsthal allein möglich ist, beginnt sich in schmerzlicher
1756 1454 2179 1527 Schärfe zu zeigen.
1870 1518 3145 1580 Diese erste Epoche der schönen, wenn auch in einzelnen
1748 1578 3139 1641 Fällen zu weit ins dramatische Bereich vorgeschobenen Szenen¬
1751 1634 3152 1697 lyrik, endet bei Hofmannsthal in einer großen, seelischen Kata¬
1753 1708 3162 1767 strophe, deren erschütterndes Dokument wir in der Prosadichtung
1748 1761 3152 1821 Ein Brief besitzen. Dieser Brief — ein Lord der elisabetba¬
1753 1811 3161 1885 nischen Zeit erklärt einem Freunde, warum er aufgehört hat zu
1756 1869 3142 1932 dichten — schildert die letzten Konsequenzen jener völlig ana¬
1746 1928 3146 1991 lytischen Weltansicht, in der Hofmannsthal bisher lebte. Diesem
1761 1986 3145 2050 Menschen zerfallen schließlich die Worte auf der Zunge — alle
1749 2041 3143 2116 Begriffe werden ihm sinnlos, weil sie dort eine beharrende Sub¬
1753 2114 3153 2170 stanz simulieren, wo nichts als ein ewig wechselnder Durchzug
1762 2160 3160 2225 von unbekannten Kräften ist; nicht nur die Ideen, nicht nur die
1748 2236 3149 2297 Persönlichkeiten, alle Dinge der Welt werden ihm höchst frag¬
1759 2279 3152 2348 würdig und unwirklich, und alle Möglichkeit zu handeln oder
1750 2333 3156 2399 zu gestalten hört für ihn auf — nur in einigen Augenblicken
1751 2410 3161 2474 mystischer Schau fühlt er sich lebendig, einem übervernünftigen
1760 2468 3161 2524 Sinn der Welt nahe. Dies war logisch der äußerste Punkt, zu
1757 2516 3141 2581 dem die nihilistische Tendenz der Hofmannsthalschen Weltbetrach¬
1760 2582 3158 2642 tung führen konnte. Hier gab es nur zwei Möglichkeiten: auf¬
1757 2634 3153 2691 hören, wirklich und für immer schweigen — oder umkehren, ein
1769 2688 3141 2769 „neues Leben“ beginnen. Hofmannsthal hat dies letztere ver¬
1758 2760 3156 2820 sucht, aber kaum halb vermocht. Im Dramatischen ist diese
1768 2808 3160 2864 Wendung ausgedrückt durch seine Elektra, die ja wieder ganz
1758 2885 3157 2936 und gar lyrischer Ausdruck ist — der Verzweiflungsschrei eines
1758 2929 2789 3009 zu tatlosem Zuschauen verdammten Menschen:
2357 3005 2662 3078 Der ist selig,
1988 3060 2856 3127 der tuen darf! Die Tat ist wie ein Bette,
1996 3112 2824 3165 auf dem die Seele ausruht, wie ein Bett
1991 3159 2846 3229 von Balsam, drauf die Seele ruhen kann,
1999 3214 2847 3275 die eine Wunde ist, ein Brand, ein Eiter
1989 3267 2398 3337 und eine Flamme!
1757 3341 3163 3401 In diesem Szenengedicht zeigt sich die Situation der griechischen
1753 3398 3156 3491 Königstochter, die sich in der Erwartung des Rächers untätig
2589 3963 2671 4049 120
2611 4027 2681 4079 4
2936 4029 3019 4090 410
