3392 4384
498 97 1465 166 # . Seier. Sent. ITone eee, Ade noimn., . Teten en
782 157 1203 216 (Quellenangabe ohne Gewähr)
456 203 827 290 Ausschnitt aus:
1375 211 1541 303 TIN
456 312 564 374 vom
456 317 1232 417 E10r.
1415 676 1761 748 Bühne und Welt.
2296 706 2422 769 670
807 773 1571 845 Im Königlichen Opernhause hatte die
1656 795 2417 862 Dohnaupis Musik zu diesen aufregenden
723 822 1553 889 Pantomime „Der Schleier der Pierrette“
1578 838 2418 902 Szenen muß als hochbedeutend bezeichnet werden.
735 862 1105 918 von Authur Schnf
1134 869 1566 934 Der. Musik von Ernst
1586 888 2419 946 und wenn sich auch mäannigfache Anklänge an
729 906 1566 952 von DehUraufführung
1579 911 2416 978 Wagner („Malküre“), Richard Strauß und
725 954 1556 988 glänzenden Erfolg. Das Werk stellt ohne
1590 967 2419 1019 andere moderne Komponisten finden, so weist
732 982 1565 1035 Zweifel eine sehr wertvolle Bereicherung einer
1585 1003 2417 1057 Dohnanpis Tonsprache doch Leidenschaft und
723 1014 1560 1085 Kunstgattung dar, die seii André Wormsers
1580 1026 2422 1081 echte Empfindung auf, und die Sicherheit, mit
730 1063 1555 1128 reizendem „Enfant prodignee brach gelegen
1582 1078 2418 1129 der es ihm gelingt, die Sitnation musikalisch zu
719 1104 1551 1160 hat. Daß die menschliche Gebärdensprache in
1576 1117 2421 1178 untermalen, zeigt überall die Hand des Meisters.
723 1146 1563 1201 hohem Grade geeignet ist, feelische Vorgänge
1574 1157 2423 1219 Die Art, wie er seine Themen, dem jeweiligen
728 1186 1552 1235 auch ohne das gesprochene Wort zu überzen¬
1573 1197 2418 1243 pfechischen Vorgange folgend, umgestaltet, karikiert
717 1228 1559 1271 gendem Ausdrucke zu bringen, zeigt auch „Der
1574 1235 2419 1296 und ins Bizarre umkehrt, muß schlechterdings
712 1259 1551 1319 Schleier der Pierrette“ zur Evidenz, besonders,
1579 1276 2412 1338 vollendet genannt werden. Um Höhepunkte
723 1305 1549 1358 wenn eine so außerordentlich charakteristische
1568 1319 2419 1361 hervorzubeben, möchte ich vor allem den reizenden,
715 1331 1560 1396 und eindringliche Musik wie die Ernst von Dohnä¬
1585 1359 2415 1415 graziösen Canz der beiden Liebespaare im An¬
717 1384 1555 1431 nvis das Darzustellende nicht nur illnstriert,
1571 1391 2419 1453 fang, dann die von Wärme und Glut über¬
719 1415 1546 1481 sondern mit der nur der Conkunst eigenen
1571 1433 2412 1493 quellende Liebes= und Abschiedsszene im ersten
714 1461 1545 1528 Fähigkeit, Gefühlsleben zu schildern, plastisch zu
1576 1471 2408 1517 Bild, den elektrisierenden Walzer und das aller¬
712 1492 1003 1552 gestalten hilft.
1564 1509 2411 1573 liebste Mennett der Hochzeitsgäste anführen.
795 1538 1550 1594 Schnitzler hat den Stoff seinem Schauspiel
1565 1545 2420 1615 Alles in allrn können wir Dohnanpi, dessen In¬
723 1573 1540 1628 „Der Schleier der Beatriee“ entnommen, die
1572 1597 2402 1651 strumentierungskunst bewundernswert ist, als
708 1613 1538 1676 Handlung aber aus der Nenaissancezeit nach
1571 1626 2419 1703 hervorragenden Bahnenkomponisten begrüßen
713 1657 1553 1714 on=Wien verlegt. Die Pantomime gliedert sich
1573 1670 2235 1724 und noch Großes von ihm erwarten.
715 1692 1553 1751 in drei dramatisch bewegte, durch starke Kon¬
1652 1706 2397 1768 Die musikalische Aufführung unter Schuch
709 1735 1542 1779 traste wirkende Bilder, deren erstes Pierrots
1570 1739 2404 1809 war über jedes Lob erhaben. Die königliche
715 1760 1547 1824 Zimmer darstellt Dieser ist in heftiger Ge¬
1566 1790 2408 1845 Kapelle spielte hinreißend schön. Fäulein
711 1813 1550 1874 mütsbewegung darüber, daß die von ihm ge¬
1553 1835 2408 1887 Tervani, durch ihre Carmen, Dalila usw. schon
706 1847 1537 1909 liebte Pierrette einem andern angetrant werden
1555 1861 2399 1927 als rassige Darstellerin bekannt, gab die Pierrette
709 1887 1539 1938 soll. Zwei befreundete Liebespaare suchen
1566 1915 2407 1952 ganz ausgezeichnet. Nicht minder vorzüglich
709 1931 1538 1990 Pierrot durch Canz und Scherz auf andere Ge¬
1562 1948 2411 2003 waren die Herren Soot (Pierrot) und Trede
710 1968 1512 2024 danken zu bringen. Vergebens. Endlich er
1558 1996 2404 2039 (Arlekino), und auch die kleinen Rollen waren
704 2011 1539 2069 scheint Pierrette selbst in Brantkranz und Schleier.
1558 2031 2401 2086 mit den Herren Nebuschka, Dietze, Kröller
704 2045 1532 2111 Sie will mit dem Geliebten vereint durch Gift
1558 2066 2407 2125 und den Damen von Chavanne, Heß und
698 2080 1536 2156 sterben. Doch zuvor feiern sie unter leidenschaft¬
1567 2102 2393 2156 Laditz gut besetzt. Ballettmeister Berger
702 2117 1530 2175 Ichen Umarmungen ein Abschiedsfest. Dann
1559 2133 2400 2203 hatte die Pantomime ausgezeichnet einstudiert
694 2166 1539 2231 segen beide die Gläser an die Lippen und sehen
1556 2181 2388 2241 und mit vielem Geschmack in Szene gesetzt,
717 2211 1539 2265 #ander lange in die Augen. Dierrot leert
1562 2222 2392 2281 Professor Lôon Fanto entzückende Kostüme
689 2252 1528 2303 den Giftbecher, Pierrette fehlt im letzten Mlo¬
1559 2255 2396 2323 komponiert. So wirkten alle Faktoren zusammen,
707 2285 1525 2340 ment der Mut. Entsetzt stürzt sie aus dem
1561 2309 2439 2369 um eine Aufführung ersten Ranges zustande zu
696 2330 1535 2389 Zimmer des Toten, ihren Schleier zurück¬
1540 2337 1722 2386 bringen.
692 2360 866 2422 Jassend.
769 2405 1547 2448 Die Musik leitet ohne Pause über zu einem
693 2440 1530 2502 Aeld heiteren Lebensgenusses. Eine bunte Hoch¬
691 2484 1539 2539 zeitsgesellschaft bewegt sich in einem hell er¬
695 2518 1529 2571 leuchteten Festsaale. Die Jugend tanzt nach
693 2553 1529 2624 den Klängen eines feurigen Wiener Walzers,
2527 2553 2873 2641 Telephon 12.691.
688 2596 1536 2663 die Alten sehen vergnügt zu. Nur Arlekmno,
695 2645 1542 2698 Dierrettens Bröwigam, zeigt Anruhe und Auf¬
696 2685 1536 2735 regung. Umsonst suchen Pierrettens Eltern
2046 2691 2725 2775 UBÖERVER
695 2720 1529 2775 ihn über das Ausbleiben der Braut zu bein¬
677 2750 1526 2818 higen. Rasend vor Eifersucht und Wut zer¬
1823 2764 2933 2820 I. Saterr. behördl. konz. Unternehmen Tür Zeitungs-Ausschalfte
686 2790 1535 2860 trümmert Arlekino Tische und Stühle und sogar
2018 2801 2761 2883 Wien, I., Concordiaplatz 4.
685 2841 1526 2893 die Instrumente der Musikanten, da endlich er¬
2234 2859 2542 2930 Vertretungen
697 2873 1541 2933 scheint Pierrette, zerstört und ohne Schleier.
692 2904 1522 2976 Während sie mit ihrem Bräntigam tanzt, er¬
1832 2908 2927 2974 In Berlin, Basel, Budapest, Chicago, Cleveland, Christiania.
687 2956 1538 3002 scheint ihr Dierrots Geist dreimal, zuletzt mit
1832 2957 2924 3018 Oenf, Kopenhagen, London, Madrid, Mailand, Minneapolts,
691 2988 1520 3049 dem Schleier winkend. Pierrette eilt der Er¬
1827 2982 2926 3072 New-Vork, Paris. Rom, Sar Francisco, Stockholm. St. Petere¬
689 3026 1522 3086 scheinung nach, Arlekino folgt ihr bis in Pierrots
2231 3034 2518 3090 burg, Toronto.
693 3068 1524 3128 Zimmer. Dort ist der Schleier, dort erblickt
2146 3071 2595 3137 Quelleab. Cmn.
691 3105 1523 3166 Arleimno den toten Nebenbuhler, die Situation
1825 3136 2261 3212 Ausschnitt aus
685 3150 1528 3203 ist ihm klur: er ist betrogen. Arlekino kommt
2298 3148 2420 3232 120
678 3185 1515 3249 auf die teuflische Idee, den Leichnam auf das
686 3220 1524 3290 Sofa neben dem Tisch zu schleifen und Pierrette
1819 3230 2000 3290 vom:
2010 3219 2378 3330 W ·6 1 s91
677 3271 1523 3314 zu zwingen, dort mit ihm zu trinken. Diese
683 3312 1520 3376 stößt ihn mit Abscheu zurück, Arlekino verläßt
1845 3320 2671 3397 Theater, Kunz und Musik.
689 3339 1513 3407 sie und schließt sie mit dem toten Dierrot ein.
673 3389 1518 3434 Pierrette fällt vor Grauen in Wahnsinn. Sie
1799 3386 2829 3469 1— Die mit großem Interesse erwartete Urauf¬
682 3429 1516 3486 beginnt die Leiche zu umtanzen, tanzt immer
1739 3446 2815 3512 führung der Pantemime „Der Schleier der
677 3458 1527 3537 schneller und so lange, Lis sie entfeelt zu Pierrots
1746 3491 2807 3565 Pierette“, Handlung von Arthur Schnitzler,
676 3499 920 3564 Füßen sinkt.
1739 3541 2532 3607 Musik von Ernst v. Dohnanyi,h
1732 3594 2805 3664 Samstag in der Berliner königlichen Hofoper statt¬
1737 3648 2797 3709 gefunden und einen großen Erfolg erzielt. Sowohl
1736 3685 2806 3760 der poetische Inhalt als auch die Musik, wie nicht
1738 3739 2798 3816 minder die glänzende Ausstattung und vorzügliche
1734 3778 2807 3857 Darstellung des Werkes verhalfen demselben zu einer
1735 3835 2811 3908 äußerst lebhaften und warmen Aufnahme. Am Schluß
1726 3857 2827 3954 wurden der Dirigent Ernst v. Schuch und der Kom¬
1709 3941 2716 4015 ponist Dohnanyi immer wieder hervorgerufen.
