3392 4352
271 233 1846 332 23. Der Schlefer der Pierrette
543 917 1474 1029 ADOLF SCHUSTERMANN
424 1012 1567 1094 ZEITUNGSNACHRICHTEN-BUREAG
594 1078 1403 1161 BERLIN SC. 16, RUNGE-STRASSE 23/27.
527 1157 1482 1284 Zetung: Hamburger Nachrieffen
1048 1252 1182 1342 7 k.-
527 1272 1074 1390 Aaresse: Hamburg
528 1409 757 1488 Datum:
456 1472 1623 1535 E.AIG. [„„Der Schleier der Pierrette“.] Aus Dresden wird
360 1528 1624 1588 uns geschrieben: Am Sonnabend fand die Uraufführung der Pänto¬
371 1580 1607 1643 mime „Der Schleierder Pierrette“ von Schnitzler und
369 1598 1608 1659 Dohnanyi im hiesigen Kgl. Opernhause statt. Sie ergab einen
369 1635 1612 1724 sehr beträchtlichen Erfolg. Wenn der Beifall nur von einem Teile
363 1684 1606 1773 des Publikums ausging, während der andere Teil Zurückhaltung be¬
368 1724 1594 1800 wahrte, so liegt dies wohl an dem grausigen Stoffe, der an nerven¬
370 1756 1601 1832 peitschender Gruseligkeit selbst „Salome“ überbietet. Arthur
363 1809 1601 1876 Schnitzler, der sonst so feinsinnige Wiener Poet, hat offenbar.
363 1840 1595 1917 die Absicht gehabt, durch diese Pantomime sich den Modekomponisten
358 1892 1597 1946 als Textverfasser sensationell=perverser Opern zu empfehlen und
364 1917 1592 1996 mutet demgemäß den Zuschauern allzuviel zu. Die Handlung ist¬
357 1966 1595 2020 etwa folgende: Pierrette ist dem jungen Pierrot untreu geworden
356 1997 1592 2073 und hat sich mit Arlekino verheiratet. Pierrot erduldet, vor dem
353 2043 1593 2113 Bilde seiner Angebeteten sitzend, alle Qualen verschmähter Liebe,
357 2081 1593 2142 da kommt Pierrette im vollen Hochzeitsstaat, mit Brautkranz und
359 2117 1585 2179 Schleier zu ihm. Es entspinnt sich eine heiße Liebesszene, die in
353 2162 1586 2230 ein kleines Mahl zu Zweien übergeht. Da macht der verzweifelte
358 2199 1588 2263 Pierrot der Geliebten den Vorschlag, mit ihm vereint in den Tod
352 2249 1588 2313 zu gehen. Er schenkt zwei Gläser voll Gifttrank, doch sie weigert sich;
356 2281 1590 2360 endlich scheint sie nach langem Zureden einzuwilligen. Pierrot leert
351 2317 1578 2389 den Becher und sinkt bald tot zu Boden, nachdem er noch mit brechen¬
348 2346 1580 2430 dem Auge hat sehen müssen, daß Pierrette das Glas mit dem Gift¬
345 2395 1585 2464 trank von sich geworfen hat. Entsetzt flieht sie aus dem Gemach des
349 2431 1589 2506 Toten und eilt wieder in ihr elterliches Haus, wo der Hochzeitstanz
346 2464 1578 2546 im vollen Zuge ist. Die dringenden Fragen des eifersüchtigen
348 2509 1586 2582 Gatten nach ihrem Verbleiben beantwortet sie zunächst mit Aus¬
349 2547 1580 2623 flüchten, auf einmal erblickt sie den toten Pierrot, der ihr gespenstisch!
343 2591 1569 2659 entgegentritt mit dem Schleier in der Hand, den Pierrette im Zim,
341 2648 1575 2702 mer des Toten bei ihrer wilden Flucht zurückließ. Arlekino, der das
344 2666 1579 2744 Fehlen des Schleiers bemerkt, entreißt der Gepeinigten schließlich.
348 2702 1584 2790 das Geständnis, wo sie ihn hat liegen lassen. Arlekino begleitet
347 2751 1569 2819 Pierrette in das Zimmer, in dem der arme Pierrot tot und starr
339 2791 1571 2856 am Boden liegt. Arlekino sieht das Bild Pierrettens, den Leichnam
339 2834 1580 2897 und die Reste des Mahles und begreift, was vorgefallen. Seine
335 2863 1571 2936 Rache ist grausig. Er schleppt den Toten zum Sofa und setzt ihn
339 2899 1559 2970 dort halb aufrecht an den Platz, den er einst beim Tete=a=tete mit
337 2935 1573 3017 Pierrette eingenommen hat. Dann trinkt er dem Leichnam höhnisch
330 2979 1570 3053 zu und zwingt Pierrette ein Gleiches zu tun. Nach diesem Gelage
334 3027 1566 3096 mit dem Toten verläßt Arlekino seine ungetreue Braut, die sich nun
331 3062 1565 3132 mit der Leiche eingeschlossen sieht. Das Grausen raubt ihr den
329 3103 1556 3175 Verstand und im Wahnsinne kokettiert sie mit dem toten Liebhaber
332 3142 1552 3209 und tanzt vor ihm einen verlockend wilden Tanz, um endlich tot
334 3185 1560 3236 neben Pierrot zusammenzubrechen. Daß die Musik, die Ernst
319 3221 1568 3295 von Dohnanyi zu dieser Handlung geschrieben hat, für den
319 3260 1555 3329 entsetzlichen dritten Akt nicht ausreicht, halte ich für einen erfreu¬
323 3302 1563 3354 lichen Beweis dafür, daß sein Talent noch nicht überreizt ist. Hier
315 3341 1568 3416 ruft man ordentlich nach Richard Strauß, der vielleicht einzig dieser
325 3378 1553 3443 grimmigen Verhöhnung der Majestat des Todes hätte musikalisch bei¬
325 3417 1561 3494 kommen können. Im übrigen aber offenbart die Musik des noch
312 3458 1564 3526 jungen Komponisten nicht nur frische Melodik und aparte Rhythmik,
320 3497 1565 3569 sondern auch dramatischen Schwung und klangliches Ausdrucksver¬
320 3538 1550 3601 mögen. Die Instrumentation ist außerordentlich klug berechnet und
310 3582 1556 3636 zahlreiche eigenartige Klangeffekte entsprechen den Höhepunkten der
320 3608 1548 3669 Handlung. Die Aufführung war vom Hofballettmeister Berger
317 3655 1556 3720 mit großer Sorgfalt vorbereitet. Die Hauptpartien waren mit
317 3693 1563 3761 Opernkräften besetzt. Eine glänzende Kostümierung im Altwiener
327 3728 1554 3800 Schnitt sorgte für farbenschöne Bilder. Am Dirigentenpulte saß
321 3770 1562 3844 Ernst v. Schuch, der den musikalischen Teil des Werkes vorzüglich
314 3804 1558 3874 herausarbeitete und deshalb stürmischer gefeiert wurde als der
319 3849 1552 3935 Komponist, der mit den Hauptdarstellern zahlreichen Hervorrufen
303 3882 711 3952 Folge leisten durfte.
2005 229 2421 315 box 27/5
2620 1676 2965 1768 Telsphos 12.891.
2093 1808 2814 1900 „UDOERTER
1938 1883 3007 1957 öeterr. bebördl. konz. Unternehmen für Zeitungs-Ausschaltte
2099 1933 2839 2006 Wien, I., Concordiaplatz 4.
2315 1987 2634 2057 Vertretungen
1940 2024 3017 2109 s Berlin, Basel, Budapest, Chicago, Cleveland, Christiania,
1920 2081 3018 2144 Oeni, Kopenhagen, London, Madrid, Mailand, Minneapolis.
1920 2113 3010 2194 New-Vork, Paris, Rom, San Francisco, Stockholm, St. Peters¬
2317 2161 2605 2217 burg, Toronto.
2236 2199 2681 2265 (Geelienengabe ohne Gewähr.
1911 2265 2990 2344 Ausschnitt augresdner Generaisäneeiger
2058 2316 2351 2405 24.00l 1910
2489 2326 2758 2410 Dresden
1920 2359 2065 2416 vom:
2086 2445 2749 2536 Ranst und Wissenschaft.
1876 2513 3022 2593 )( Der Schleier der Pierrette. Im Königlichen, Opern¬
1813 2576 3020 2637 hause erlebte am Sonnabend Artur Schnitzlers Pansamime
1814 2623 3024 2676 „Der Schleier der Pierrette“ seine Urk Der Dichter
1805 2665 3033 2718 entlehnte den düsteren Stoff des Werkes seinem bereits literarisch
1811 2717 3028 2782 bekannten Drama „Der Schleier der Beatrice". Er behandelt
1804 2764 3020 2837 in der Hauptsache das Liebesdrama einer Pierrette, dessen tra¬
1819 2815 3029 2883 gischer Abschluß allerdings mehr für starknervige Personen be¬
1806 2867 3019 2933 stimmt ist. Die Musik hat Professor Erntt von Dohnanyi
1807 2915 3027 2980 geschrieben. Eine Kritik des Werkes soll in den nächsten Tagen
1802 2958 3033 3014 folgen. Die Aufführung unter der Leitung Schuchs, die einen
1809 3002 3018 3072 außerordentlichen Beifall hatte, stand wieder auf voller Höhe.
1797 3060 3034 3122 Besonders unsere berühmte Kapelle bewährte sich glänzend.
1808 3100 3030 3185 Auch Fräulein Trovani und die Herren Trede und Soot boten
1798 3150 2258 3226 erstklassige Leistungen.
