3392 4352
442 141 1467 253 Ausschnitt aus Ssae Aeczez,
456 224 972 327 s 1 2 +
1040 240 1472 363 e
455 604 1797 734 2Der Schleier der Pierrettee
452 746 1805 810 Pantomime in drei Bildern von Arthm Schnitzler, Mulik
457 801 1801 867 von Ernit von Dohnänyi erlebte am 22. Januar im
467 848 1794 934 Königlichen Opernhaule zu Dresden mit großem Erfolge
459 909 1807 971 die Uraufführung. Der Dichter hat die Handlung in
465 958 1804 1022 konzentrierter Form aus leiner Renaillance-Tragödie „Der
465 1027 1807 1095 Schleier der Beatriceg (3., 4. und 5. Akt) gezogen, dabei
464 1097 1805 1159 das Milien ins Altwienerilche übertragen. Hierdurch wurde
456 1160 1793 1220 dem dekorativen Rahmen und der Koltinmerung ein eigen¬
453 1220 1802 1283 artiger Reiz gegeben, der das Graulige des Stoffes mildern
463 1270 1802 1339 half. An inneren poctilchen Werten ging jedoch in der
459 1314 1236 1390 neuen Fallung manches verloren.
1257 1326 1811 1400 Die Handlung ist kurz
462 1373 1217 1445 folgende: Pierrette (Fräulein
456 1438 1211 1508 Tervani) loll’gegen ihren Willen
457 1503 1204 1564 den verhaßten Harlekin (Herr
468 1557 1216 1616 Trede) heiraten, während lie
450 1613 1210 1680 den Pierrot (Herr Soot) licbt.
457 1675 1205 1748 Dieler verbringt die Zeit in
451 1731 1211 1809 Verzweillung und Sehnlucht. Da
444 1793 1212 1862 lucht Pierrette ihn auf. Kurze
454 1851 1204 1929 Liebestzene. Sie hat Gift mit¬
446 1907 1200 1984 gebracht, iun mit dem Ge¬
451 1972 1208 2048 liebten gemeinlam zu Iterben.
462 2024 1209 2099 Während dieler bald darauf
454 2094 1223 2178 tot hinlinkt, fehlt ihr im letzten
554 2146 1125 2219 Augenblicke die Kraft.]
450 2195 1209 2277 Schreckensbleich Rürzt lie von
444 2259 1196 2338 dannen. Zweites Bild: die
439 2330 1201 2396 Hochzeitsgeselllchaft ist ver¬
452 2387 1209 2454 lammelt. Nur die Braut fehlt.
449 2438 1219 2509 Durch Tanz und Spiel lichen
448 2501 1214 2574 die Eltern den Bräutigam hin¬
452 2564 1192 2628 zuhalten. Endlich naht die Ver¬
442 2619 1210 2685 mißfte, doch ohne Schleier. Der
443 2681 1201 2747 Geilt Pierrots erlcheint ihr
446 2737 1201 2807 mehrfach. Um den Schleier
439 2798 1206 2874 zu holen, eilt Pierrette davon.
437 2854 1204 2930 Der Bräutigam folgt. Im
450 2910 1213 2987 dritten Bilde zwingt Harlekin
447 2968 1206 3043 leine Braut, dem toten Ge¬
442 3032 1214 3101 liebten zuzutrinken, dann ichlicllt
449 3089 1201 3170 er beide ein. Pierrette verfällt
439 3156 1198 3229 in Wahnlinn und bricht nach
445 3211 1200 3285 langem, überlangem Tammel¬
448 3275 1203 3344 tanze an der Leiche zulammmen.
435 3329 1191 3403 Dohndnyis Mulik besticht
439 3395 1192 3460 weniger durch Originalität der
435 3445 1208 3530 Erfindung (Bizet und Wagner
439 3507 1196 3588 werden deutlich zitiert), als
443 3570 1208 3651 durch lorgfältige Arbeit und
441 3634 1785 3706 eine moderne Orchellerlprache voll Leidenlchaft und
444 3691 1771 3765 trefflicherer Charakterilierung. Zweifellos bilden die
445 3747 1775 3835 traglichen Momente den Schiwerpunkt des linfonilchen
439 3803 1786 3897 Dramas, doch findet lich in den Tanzlzenen, belonders
433 3864 1778 3948 in dem Hochzeitswalzer zwilchen dem ersten und zweiten
442 3930 1804 3994 Bilde, auch viel Melodilch-Felleindes und Rhpthiniich-
442 3987 1779 4053 Interellantes. Daneben fällt eine glückliche individuali¬
436 4050 1778 4148 lierung einzelner Inktrimente auf, lo der Klarinette, deren
1829 617 3161 691 lpitze, lich überkugelnde Tonreihen die Sinnverwirrung
1826 688 3153 763 der Pierrette trefflich kennzeichnen. Die Aufführung,
1825 758 3146 804 einltudiert von Balletmeister Berger, mit Verve und
1815 801 3155 858 Elan geleitet von Generalmulikdirektor von Schuch
1817 861 3155 947 war mnit den beiten Kräften beletzt und tat viel für den
1818 926 3147 983 Erfolg. Nicht vergellen leien die von Herrn Profellor
1820 985 3155 1043 Fanto gezeichneten Koltinne. Das Publikum rief mit den
1829 1041 3156 1115 Hauptdarltellern auch den Komponilten und mit Recht in
1822 1098 3146 1161 Rürmilcher Weile Herrn von Schuch. Dr. Schnitzler
1820 1160 3148 1219 wolmte der Uraufführung bei, überliel aber Herrn
1825 1220 3152 1291 von Dohndnyi die Ehren des Lorbeers. Von auswärtigen
1830 1279 3143 1326 Theater-Kapazitäten bemerkte man u. a. Herrn Direktor
1827 1329 2318 1403 Volkner aus Leipzig.
2634 1329 3161 1425 Heinr. Platzbecker
