3344 4320
218 169 403 247 23.
398 184 1781 259 Der-Schielender Dierrette
1331 1062 1387 1138 2
1356 1044 1529 1254 24
545 1389 1436 1483 ondaeres dourachte Adirunes-Auischnerr-aüge
512 1448 1509 1564 Berlin SO 16  Rungestrasse 22-24
612 1521 749 1600 aererennstenen
888 1540 964 1604 Gnnnen
1111 1543 1164 1609 gne
567 1591 1102 1737 Berliner Ta
1143 1617 1337 1740 ebla
601 1705 667 1775 5
831 1705 1115 1792 Abend=Auegabe
690 1757 1042 1853 Ausschnitt aus der
862 1826 1219 1924 A 3 SEE 1
1189 1993 1238 2024 0
372 1972 1562 2075 „. S. In den Kammerspielen des Deutschen Theaters gastiert
351 2017 1561 2107 jetzt das Theater Kikimora aus Moskau. Was der uns
328 2061 1572 2150 Kkomisch klingende Name — ein Eigenname? — bedeutet, weiß ich
348 2114 1565 2191 nicht. Ich weiß nur ##aß es keine Höhenkunst war, was man da
345 2152 1555 2239 bot, wenn auch, durch die Nationalstät der Mitwirkenden, etwas
339 2190 1561 2259 Russisches. And Rußland war fast ausschließlich vertreten und
346 2238 1551 2325 klatschte Beisall. Gegeben wurde Schnitzlers Pantomime „Der
336 2273 1560 2353 Schleieydet Pierrette“ mit der Müssk von Ernst v. Doh¬
344 2322 1553 2411 nanyi, die wir hier vor Jahren so gut (mit der Galafrés; ge¬
344 2359 1560 2455 sehen haben. Die Wiedergabe durch die Kikimoraisten konnte den
335 2405 1544 2494 Vergleich nicht aushalten. Es fehlte am wirksamen Rahmen und an
343 2441 1551 2537 fertiger Durcharbeitung. Dohnanyis Musik ist wertvoll und schwer.
343 2492 1544 2584 Hört man sie mangelhaft und unrein, so ist die Wirkung von vorn¬
326 2523 1553 2617 herein getrübt. Ich will die Lichtpunkte zusammenfassen. Pierrette
334 2571 1553 2668 war Sofia Fedorowa, eine gute, nach früheren Erinnerun¬
317 2619 1545 2710 gen sehr gute Tänzerin. Aber das Tänzerische ist hier nicht so
323 2660 1548 2752 wichtig wie das Schauspielerische. Sie wuchs im dritten Akte, gab
320 2708 1549 2786 aber nichts eigentlich Besonderes. Vermeil (Spielleiter und
315 2737 1537 2833 Pierrot) und Tschabrow (Arlecchino, nicht frei von grotesker
319 2798 1541 2855 Uebertreibung) sind ausdrucksfähige Pantomimisten. Die Gesell¬
324 2827 1541 2919 schaftstänze des zweiten Aktes, von Elisabeth Anderson ge¬
319 2874 1536 2961 stellt, hatten Rhythmus der Gruppen (nicht musikalischen) und
314 2920 1550 3000 wurden von einer hübschen Dekoration der Natalia Gon¬
314 2959 1538 3047 tscharowa gehoben. — Bielleicht gibt der angekündigte zweite
299 3002 1552 3093 Abend (mit buntem Programm) den Gästen Gelegenheit, sich eigen¬
311 3045 1363 3121 artiger zu zeigen, dem Kritiker, mehr über sie auszusagen.
695 3093 793 3132 —
602 3094 638 3131 —
1940 160 2329 236 box 28
2649 701 2755 784 247
1956 712 2674 843 gsces scnnvengansden
2176 769 2342 926 1
1839 951 2751 1024 oadaires ssuracnst terrüner-auszenutrrradae
1833 1015 2740 1090 BERLIN SO 16, RUNGESTRASSE 22-24
1837 1150 2753 1313 Vossische Zeitung
2023 1297 2577 1357 Ausschnitt aus der Nummer vom:
2231 1357 2737 1460 Z SSEF.1922
1819 1499 2814 1616 Schnitzlers Pautomime.
1828 1627 2777 1713 Theater Kikimora (Kammerspiele).
1737 1681 2900 1773 Die rüssische Ballettkunst hat uns selbst die große Maßstäbe in
1708 1743 2896 1800 die Hand gegeben, an denen wir ihre Leistungen messen. Aber
1718 1795 2907 1855 auch wenn wir ihren Meister und Meisterinnen nicht kännten,
1717 1829 2912 1887 hätte uns der gestrige Abend schwer enttäuscht. Arthur
1706 1871 2902 1926 Schnitzlers Pantomime „Der Schleier der Pierette“.
1698 1909 2921 1970 zu der Ernst von Dohnanyi die Musik geschrieben hat, ist vor
1710 1947 2909 2005 dem Kriege in manchen deutschen Städten, auch im Charlotten¬
1711 1974 2914 2038 burger Deutschen Opernhaus aufgeführt worden. Da sie uns jetzt
1706 2024 2923 2074 von Russen wiedergebracht wurde, erwarteten wir sie glanzvoll
1706 2067 2899 2118 verschönt. Die Pantomime ist ja nicht sehr phantasiereich erdacht
1710 2104 2905 2164 und erfüllt als Text keineswegs alle Forderungen der Gattungen.
1710 2143 2905 2181 Vielleicht, weil Schnitzler sich doch zu eng an die dramatische Ver¬
1711 2183 2904 2219 wertung des Themas — die Braut, die von der Hochzeit zum Ge¬
1703 2218 2906 2275 liebten flüchtet, um mit ihm zu sterben, ihn aber überlebt und
1710 2257 2898 2298 von dem verfolgenden Gatten mit dem Toten eingesperrt wird —
1715 2293 2896 2341 in seiner Tragödie „Der Schleier der Beatrice“ hielt. Die holde
1710 2331 2900 2391 Beatrice Narbi, Filippo Loschi, der meluncholische Poet und Benti¬
1700 2375 2911 2416 voglio, der menschlich=ernste Herzog von Bologna haben mit dem
1703 2407 2906 2459 Renaissancegewand auch ihre zärtlich=weichen Seelen abgelegt,
1711 2447 2913 2503 und in die Seidenhüllen Pierrots, Pierettes und Harlekins sind
1706 2489 2902 2523 tote Puppen geschlübft. Aber in Dohnanyis musikalischer Unter¬
1710 2525 2908 2583 malung, der einst Max Marschall an dieser Stelle wenigstens
1700 2565 2907 2626 sichere Beherrschung der Ausdrucksmittel des modernen Orchesters
1711 2608 2913 2645 nachgerühmt hat, steckt doch viel mimisches Leben, und mag auch
1701 2648 2905 2701 ihr, besonders im Hochzeitsakt, die Fülle der Phantasie abgeben,
1701 2679 2905 2723 so konnte doch auf ihrem Grunde ein reizendes tänzerisches Ge¬
1709 2719 2903 2780 bilde erblühen. Altwien und Vinezien, Walzerschwung und
1712 2762 2893 2808 comedia dell' arte, Anmut und Groteske konnten sich hier zu
1705 2793 2897 2854 einem süßen, sich grausig verzerrenden Reigen umschlingen. Aber
1707 2841 2895 2876 was wir sahen, war erstaunlich schwach Allein Pierrot fand
1713 2877 2904 2924 einen zulänglichen Darsteller. Dr. S. Vermeil, hat einen
1713 2914 2904 2957 höchst gelenkigen Körper. Aber man spürte keinen elementaren
1704 2953 2895 3006 tänzerischen Ausdrucksdrang. Am stärksten ist er in Augenblicken
1699 2990 2444 3053 zarter Trauer, schmerzlichen Verlangens.
1746 3014 2895 3092 Aber seine Partnerin ist nicht bloß bildlich, sonder auch dar¬
1709 3067 2902 3122 stellerisch eine Photogravüren=Pierette. Ihre allzu süße Anmut
1713 3112 2895 3156 ist ganz ausdrucksleer und darum in der Ekstase peinlich kitschig.
1711 3146 2911 3198 Einen so untänzerischen Harlekin schließlich, wie man gestern sah,
1704 3188 2897 3239 mit so süßlich=steifem Benehmen, so verkrampfter Ausdrucksgesten,
1709 3225 2897 3278 hätte man unter Russen nicht erwartet. Auch über die Dekora¬
1711 3265 2895 3314 tionen und die farbig grellen Kostüme der vielgerühmten Natalia
1710 3301 2905 3335 Gontscharowa ist nichts besseres zu sagen. Von den Tänzen,
1704 3333 2904 3384 die in unbequemer Enge auf einer Art Jeßnerschen Treppe herauf¬
1703 3386 2896 3454 und heruntergetanzt wurden, zeigte ein Menuett liebenswürdige
1692 3415 1849 3478 Reize.
2675 3419 2855 3485 A. M.
