3344 4320
600 107 1653 162 let, the word as concrete conceptunl idiom as con¬
594 161 1646 223 trasted with form, color, sound, or movement in the
589 208 1648 261 abstract. The word is necessary, in the first place,
592 267 1661 325 purely as a mechanical medium of exchange to con¬
605 312 1663 365 vey the thought and purpose of the author to the
600 356 1659 425 performer. Only an author who could turn ballet
585 415 1648 478 regisseur and illustrate in person the workings of
592 467 1651 514 his creative imagination could dispense with it. The
594 514 1655 570 word, in the sccond place, is eminently desirable,
586 573 1645 643 if not strictly necessary, to insure comprehension
593 617 1648 676 of the author’s iden on the part of the audience.
587 666 1646 736 In this sense, the word becomes interpretation, °pro¬
588 721 1643 781 gram, in contrast to the word as mechanism, and
593 769 1649 835 hence partakes more obviously of, and lends itself
601 826 1160 891 more freely to, literature.
651 866 1647 929 To illustrate and point these general reflections
586 930 1654 972 concerning the word-bridge between ballet, pan¬
597 983 1642 1041 tomime, or other forms of wordless drama and the
598 1030 1653 1077 literary art, the American Laboratory Theatre has
595 1079 1650 1134 conveniently produced in its new home in East
582 1130 1654 1198 Fifty-Fourth Street, as the third item in its third
591 1182 1658 1244 season, Arthur Schnitzler’s pantomime-ballet, The
586 1249 1646 1307 Bridal Veil'' (“The Veil of Pierrette'’) with the
584 1292 1652 1355 original score by Ernst von Dohnanyi, for many
582 1351 1653 1396 years a favorite in European repertories and the first
593 1390 1646 1460 notable production of the now-celebrated Kamerny
598 1441 1050 1504 Theatre in Moscow.
993 1494 1260 1553 9 K *
643 1539 1638 1618 I hope that no one who valucs a brave and intel¬
584 1598 1655 1665 ligent experimental spirit or who prizes an unusual
590 1654 1643 1698 and sensuously exhilarating evening in the theatre
585 1703 1668 1754 regardless of experiment, will be swerved from.
590 1748 1658 1804 attendance by what I have to say in regard to the
585 1811 1640 1862 literary shortcomings and neglected opportunities of
590 1854 1650 1915 *The Bridal Veil. That aspect of ballet, after
585 1907 1645 1974 all, though it is an integral part of the subject and
590 1959 1645 2021 the one chiefly pertinent to this series of criticisms,
591 2008 1658 2061 is subsidiary in general importance to the direct
583 2064 1648 2120 appeal to the senses and emotions through the other
590 2111 1487 2164 abstract and non-literary media of the art.
637 2162 1658 2220 On these general scores, there can be little but
594 2205 1640 2270 gratitude and praise for the Laboratory’s achieve¬
593 2266 1654 2319 ment. Elizabeth Anderson-Ivantsoff, bringing to
591 2316 1647 2371 her task the skill of one of Moscow’s most highly
593 2364 1653 2424 regarded prima ballerinas and a pliant and evoca¬
589 2420 1653 2463 tive pedagogic talent, has fired a group of young
583 2477 1660 2534 American dancers with individual insight into and
589 2521 1653 2586 mastery of their röles and with an ease of ensemble
588 2585 1642 2640 playing that insures a continuity of action steadily
591 2628 1658 2678 alive and plastic. There is vigor here where vigor
589 2681 1652 2731 is demanded, tragedy that cuts clean and avoids
588 2723 1653 2798 melodrama, and a lyric atmosphere over all which
591 2793 1643 2843 is never permitted to become mawkish or prettily sen¬
586 2834 1643 2903 timental. Schnitzler’s simple retelling of the legend
589 2885 1657 2931 of Pierrot, Pierrette, and the Bridegroom, and von
581 2935 1653 2987 Dohnanyi's score are fused by the choreography.
592 2982 1647 3037 This wedding of two arts to make a third is blessed
591 3045 1648 3102 and perfected by James Reynolds’s boldly original
585 3090 1654 3144 and exotic but strangely blending costumes which
590 3144 1653 3209 flash against his happily conceived settings. On the
590 3187 1649 3243 score of performance, I couid wish only that a
590 3242 1651 3308 string quartet had replaced a single piano to give
592 3291 1653 3364 rhythmic and tonal variety and the strangely vibrant
589 3348 1553 3387 and dramatic quality of that musical medium.
629 3408 1649 3453 Literary negligence in the American version of
593 3449 1646 3514 *The Bridal Veil'' is excusable and harmless on the
593 3500 1649 3555 first count of the word in ballet. Schnitzler, it is
580 3553 1654 3608 true, provided in the original German text a running
590 3610 1647 3660 commentary on the action in succinct, workmanlike
584 3654 1653 3712 form which, nevertheless, has literary dignity and
585 3701 1645 3772 variety if not reading valuc. He even indicates
593 3770 1657 3816 snatches of speech corresponding to the action, a
586 3804 1652 3873 phrase or a remark which he expects to be trans¬
590 3859 1650 3927 lated from dialogue into plastic expression, gesture
1707 113 2750 174 menn to the spectator anything whlich he brings to
1698 155 2751 215 it at the moment. Even a title is gratuitous. But
1699 207 2751 263 when the pantomime-ballet, the dance-drama, the
1701 254 2751 325 ballet with a story, emerged, it brought with it the
1701 309 2747 356 opportunity if not the necessity for the word, for
1695 371 2759 419 a literary résumé. In this sense, the pantomime¬
1694 408 2747 467 ballet corresponds to program music. The practi¬
1696 457 2759 513 tioners of the latter frequently find inspiration in
1692 498 2750 578 an already created work of literature—a pocm or
1689 558 2751 627 a passage of descriptive or narrative prose. If the
1687 609 2743 668 process is reversed, they are usually careful to pro¬
1689 678 2747 735 vide the interpretive Pprogram'’ in a form worthy
1689 713 2747 764 of their own musical contribution. Such a “pro¬
1699 759 2750 829 gram'’ is lacking in The Bridal Veil.? A single
1693 820 2750 884 inept and banal paragraph attempts lamely to do
1701 872 2753 918 duty for it. It is not too late to fill this gap in
1695 924 2758 980 an otherwise exquisite contribution to the season's
1700 979 2751 1026 theatrical record. But it must be filled by a poet
1701 1024 2753 1091 or a master of lyric prose worthy of the collaborat¬
1696 1074 2652 1141 ing author, composer, regisseur, and designer.
1744 1128 2757 1178 I have said that the pantomime-ballet brought
1698 1172 2758 1245 with it the opportunity or the necessity for the
1696 1231 2743 1293 word. I have purposely phrased the case thus alter¬
1692 1277 2743 1341 natively. For I recognize the legitimacy of the
1692 1338 2755 1383 contention of the newer school of dance-dramatists
1699 1392 2757 1437 that the pantomime-ballet can and should be so self¬
1698 1438 2755 1499 evident in its meaning as to need no interpretation
1742 1495 2749 1545 a kind of motion picture without sub-titles. I
1700 1540 2753 1600 venture to doubt, however, whether any but con¬
1697 1595 2753 1648 noisseurs of the art can ever successfully waive this
1690 1639 2757 1682 literary key. And even were it possible to do so,
1689 1693 2751 1751 an appropriate “program'’ should be a pleasant and
1691 1737 2400 1806 unobtrusive grace note or l’envol.
2097 1803 2325 1889 esenesch eeene
