3436 4352
297 131 1874 251 23. Der Schleiender Bierrette
1171 1107 1577 1204 Telephon 12801.
423 1302 1584 1414 P BL
420 1371 1584 1455 □ l. österr. behördl. konz. Unternehmen für Zeitungs-Ausschnitte
596 1438 1494 1542 Wien, I., Concordiaplatz 4.
422 1524 525 1586 3
827 1520 1265 1589 Vertretungen
463 1568 1592 1636 0 in Berlin, Budapest, Chicago, Christiania, Genf, Kopen¬
767 1609 1599 1667 Madrid, Mailand, Minneapolis, New-Vork,
418 1626 771 1707 2 hagen, Lond
522 1638 1576 1731 Paris, Rom ian Francisco, Stockholm, St. Petersburg.
851 1690 1256 1759 (Quellenangabe ohue Gewähr.
436 1755 773 1839 7 Ausschnit
978 1719 1711 1860 Bühne und Welt. Berlin
758 1754 989 1869 SARENIO
436 1869 671 1941 E vom:
675 2016 1436 2073 Stuttgart. Die Oper im . Interim¬
594 2057 1442 2115 theater brachte auf das Österfest eine Nen¬
591 2106 1424 2157 einstudierung von Meperbeers „Prophet“ —
595 2151 1445 2202 wohl Oskar Volz zulieb, dem die Titelrolle
599 2192 1434 2239 gesanglich besonders gut liegt. Im April folgte
599 2208 1447 2275 die Erstaufführung von Leo Blechs artigene
592 2266 1442 2317 Einakter „Versiegelt", im Vereine mit der
591 2291 1446 2351 Arthur Schultern=Lantomime „Der
590 2350 1442 2393 Schleier der Pierette“, die trotz der gehalt¬
591 2373 1444 2432 vollen Musik Ernst von Dohnanpis ihrer
602 2429 1442 2475 grellen Realistik wegen eher abstoßend als an¬
598 2449 1448 2515 ziebend wirkte. Im Schanspiel wurde aufter
591 2499 1446 2560 Hauptmanns „Griselda“ und Sudermanns
610 2528 1445 2594 „Strandlinder“ ein „Hohes Spiel“ betiteltes
603 2569 1446 2629 Drama des Schweden Ernst Didring erstmals
605 2615 1436 2670 gegeben. Eine der besten Taten dieser Saison
605 2656 1446 2720 hatte das Wilhelmatheater zum Schauplatz:
590 2775 1441 2839 die verspätete Stuttgarter Premiere von Ibsens
593 2828 1447 2877 „Bedda Gabier“ in der ihrer Individualität
598 2860 1443 2926 eigentlich fernliegenden Titelrolle feierte Emmy
597 2901 1457 2960 Remolts große Rünstlerschaft einen neuen
601 2948 1447 2991 Triumph. Mit dem neu studierten „Baumeister
594 2980 1460 3034 Solneß“ wurde an derselben Stätte der Ibsen¬
595 3015 1445 3083 Irklus würdig fortgesetzt, wogegen sich die
589 3065 1451 3120 Ausgrabung von I. A. Leisewitz Trauerspiel
603 3092 1448 3152 „Julius von Carent“ als ein Fehlschlag
589 3131 1439 3190 erwies. Das Stück, im Stil des Münchener
600 3180 1438 3234 Künstlertheaters hübsch inszeniert, aber durch
587 3208 1452 3274 die falsche Besetzung der zwei feindlichen Brüder
592 3256 1444 3310 von vornherein geschädigt, ließ selbst auf den
590 3296 1440 3335 dramatischen Höhepunkten vollkommen kalt.
603 3330 1460 3394 Als auptgewinn nahm man die gefestigte
595 3376 1453 3426 Ueberzeugung von der überragenden Größe
585 3418 1445 3459 des jungen Schiller mit nach Hause. — Das
593 3451 1457 3509 Schauspielhaus bestreitet den Kehraus seiner
591 3496 1441 3544 Saison mit literarisch wertlosen Schwänken,
594 3532 1446 3586 nachdem es im April noch eine treffliche Auf¬
600 3575 1438 3626 führung von Wedekinds „Frühlings Er¬
1247 3611 1439 3679 N. Kr.
591 3607 1138 3685 wachen“ herausgebracht hat.
2030 152 2475 244 box 27/5
2636 758 3001 849 Telephon 12.801.
2131 850 2763 1000 „OBSERVER“
1906 995 3007 1064 I. österr. behördl. konz. Unternehmen für Zeltungs-Ausschnitte
2049 1049 2886 1139 Wien, I., Concordiaplatz 4.
2243 1119 2672 1197 Vertretungen
1918 1171 2994 1250 In Berlin, Budapest, Chicago, Christiania, Genf, Kopen:
1922 1228 2996 1279 hagen, London, Madrid, Mailand, Minneapolis, New-Vork,
1951 1268 2974 1336 Paris, Rom, San Francisco, Stockholm, St. Petersburg.
2250 1308 2673 1364 (Quellenangebe ohme Gewähr).
1898 1353 2278 1423 Ausschnitt aus:
2084 1353 2468 1513 M0 Aol,
1909 1463 2070 1522 vom:
1923 1517 1974 1560 #
2449 1405 2981 1592 fürter Zeitung
1947 1655 3053 1709 ach (Stuttgarter Bühnenchronik.] Aus Stuttgart
1898 1663 3050 1750 wird uns berichtet: Das Hoftheater brachte zwei Neuhei¬
1910 1733 3044 1784 ten sehr ungleicher Art, die dementsprechend auch eine sehr
1911 1772 3053 1826 ungleiche Aufnahme fanden, Leo Blechs einaktige komische
1913 1804 3055 1866 Oper „Versiege!t", in deren Libretto der gute, alte,
1912 1846 3052 1894 zopfige Raupach noch einmal zu posthumen Ehren gelangt, und
1911 1882 3053 1944 Arthur Schnitzlers von E. v. Dohnanyi vertonte Panto¬
1912 1922 3042 1983 mieme „Der Schleier der Pierette“. Ersteres Werk,
1907 1959 3051 2019 das etwas verspätet nach Stuttgart gelangte, fand allgemei¬
1906 2007 2467 2051 nen Anklang, während das Se
2550 2008 3050 2064 Dahnanhische Tanzpoem
1901 2032 3053 2099 mit seinem gekünstelt=grau#er einer kaum noch
1911 2080 3053 2140 verhüllten Ablehnung begegnete, denn die spärlichen Beifalls¬
1902 2115 3045 2181 zeichen am Schlusse galten ersichtlich lediglich der Künstlerin,
1904 2154 3053 2201 welche die Titelpartie mit einer Bravour ohne Gleichen durch¬
1904 2188 3054 2256 geführt hatte. Schnitzler verirrt sich mit seinem Tanzpoem
1905 2236 3045 2300 auf ein Gebiet, dem seine Kräfte nicht gewachsen sind: Greuel,
1899 2268 3052 2329 wie sie im Atridenhause vorkommen mochten, lassen sich nicht
1906 2310 3038 2369 ohne weiteres in das Wien der Biedermeierzeit übertragen
1901 2354 3057 2413 und in diesem Wien ist der Verfasser der „Liebelei“ unstreitig
1904 2385 3103 2457 viel weniger zu Hause als in dem des heutigen Tages. Die ##
1910 2425 3040 2475 Schwächen und Gebrechen des Schöpfers der Legende hat der
1896 2461 3053 2537 Komponist trotz der unleugbaren Begabung, die aus seiner
1902 2498 3045 2562 Partitur spricht, nicht zu überwinden vermacht. Etwas zu
1897 2532 3051 2610 der Niederlage, die das Werk erlitt — das Publikum schien
1903 2580 3053 2648 am meisten Anstoß an dem barbarischen Hantieren mit der!
1894 2623 3040 2691 Leiche im Schlußbilde zu nehmen — dürfte auch die durch¬
1891 2664 3049 2728 gehende Besetzung seiner einzelnen Partien mit Opernkraften
1894 2695 3041 2750 beigetragen haben. Eine künstlerisch großzügige Leistung dot
1893 2740 3035 2805 einzig und allein die erste Solotänzerin des Hofballerts, Fre.
1885 2776 3042 2842 Hötzel, in der Rolle der Pierette. — Im Hoftheater herrscht
1897 2807 3037 2872 zur Zeit eine wahre Kapellmeisternot. Generatmusik¬
1901 2854 3049 2924 direktor Schillings bedarf eines mehrwöchigen Erholungsur¬
1891 2899 3051 2958 laubes, Hoftapellmeister Band ist zu einer militärischen Dienst¬
1899 2926 3046 2997 übung eingezogen und Hofkapellmeister Drach auf vier Wochen #
1894 2976 3039 3040 einem Ruf an das Londoner Covent=Garden=Theater gefolgt.“
1902 3005 3043 3078 Als Helfer in der Not ist Kapellmeister Pitteroff vom
1899 3051 3048 3126 Stadttheater in Elberfeld eingesprungen, der früher schon ein¬
1892 3086 3032 3142 mal eine Zeit lang am hiesigen Hoftheater tätig war und auch
1897 3125 3016 3191 den nächten „Ring“=Zytlus (im Monat Mai) leiten wird. —
1889 3155 3040 3229 Das gute Einvernehmen zwischen dem Hoftheater und
1900 3200 3039 3280 dem Gabrielschen Schauspielhaus=Unternehmen erar
1888 3240 3033 3323 wieder einmal in die Erscheinung. Die Kgl. Bühne hatte einer
1884 3281 3032 3339 Wohltätigkeitsvorstellung im Schauspielhause, einem sogenann¬
1893 3319 3044 3375 ten Bunten Künstlerabend zu Gunsten der Not¬
1886 3352 3038 3406 leidenden von Böhmenkirch zwei der bertebtesten
1885 3400 3037 3455 Opernmitglieder zur Verfügung gestellt, während sich wusr
1885 3430 3029 3504 an der Veranstaltung verschiedene Mitglieder des Schauspiel¬
1888 3470 3034 3541 hauses sowie eine Reibe von künstlerisch geschulten Dilettan¬
1885 3516 3034 3569 ten beteiligten. Das Unternehmen, übrigens das erste öffent¬
1888 3547 3030 3630 liche Eintreten für die Opfer der schweren Brandkatastrophe,
1889 3603 3033 3663 erreichte vollkommen seinen Zweck, da das Haus vollständig
1885 3635 3031 3693 ausverkauft war und der Hauptsammelstelle von Liebesgaben
1886 3671 3028 3743 für die Geschädigten somit eine erhebliche Summe zur Ver¬
1884 3705 3031 3784 fügung gestellt werden kann. — Mit seiner jüngsten Novität,
1875 3751 3033 3834 der Groteske „Gelbstern“ hatte das Schauspielhaus keiy
