3344 4384
1338 3416 1378 3513 1
1342 3508 1402 3576 S
1387 138 2295 188 Steimngens Bevareise, al det Siger un Tr
1388 155 2317 239 lidt, naar Plakaten blet angiver Mimik ou
1398 221 2307 291 Dans ved Hans Beck. Med stor Virkning
1388 264 2302 335 harde han fanet.Wienervalsens Aand pult¬
1392 313 2310 377 tet ind mellem de to pathetiske Billeder,
1387 364 2322 422 der omslutter Bryllupsfesten. Det forste
1388 413 2314 464 uf disse Billeder — den fortviviede El¬
1395 464 2316 529 skovs, den korte Lykkes, Ekstasens Bil¬
1386 507 2316 563 lede — illustreredes af Hr. Beck som
1388 557 2317 618 Pierrot og af Fru Price som Pierrelle;
1384 598 2311 661 det mellemste formedes i det vesenllige
1384 639 2319 713 af Corps de Ballel; det sidste — Skinsy¬
1383 705 2308 758 gens, Hadels, Brutalitelens, Vanviddels
1456 747 2318 796 af Hr. Johannes Poulsen som
1395 780 2306 847 Harlekin og atter af Fru Price, IIver
1389 823 2315 894 for sig ydede disse ire nogel ganske ud¬
1392 875 2312 942 market, hvad der var sun meget mere
1386 933 2307 996 overraskende, som Opgaven jo delvis var
1384 973 2331 1053 nge#snarere et stumt Skuespil, end Dans
1382 1015 2316 1071 med Ballel. Fuldendt plastisk virkede,
1388 1060 2315 1125 Hans Beck med sit usvigelige Herre¬
1386 1101 2310 1165 domme over Legemel og dets Virkninger;
1382 1157 2310 1223 brillant fantastisk og mieglig brutal var
1391 1198 2318 1285 Johannes Poulsen. Interessant var
1390 1251 2305 1297 det at sammenligne, hvorledes den for¬
1393 1293 2304 1346 ste formede Mimiken med hele sit Le¬
1379 1331 2309 1396 geme, den sidste overvejende med sit An¬
1395 1396 2307 1460 sigt, medens hans Bevrgelser langt fra
1394 1443 2305 1504 var saa varicrede, Kunstnerisk og slor
1397 1480 2314 1552 Stemning var der over dem begge, og
1381 1539 2327 1598 dog blev de overgaact af Pru Ellen
1388 1581 2312 1639 Price. For det, hun gav som den
1382 1617 2316 1688 lille ulykkelige, elskende Brud, der styr¬
1388 1652 2331 1733 ler op foral sige Vennen det sidste Farvel
1388 1718 2340 1784 og dog ikke ter de med ham, vil hun
1382 1761 2308 1829 blive erindret meget liengere end for
1382 1817 2348 1871 nogen lille Harfrue, Med Resoluthed!
1383 1861 2314 1906 havde hun kastet enhver Reminiscens om
1382 1913 2308 1961 Ballet og Korcografi paa Doren. Det var
1383 1954 2304 2003 etegte Menneskebarn, som her stod for
1381 1988 2317 2059 os med sine store, langselsfulde, bedro¬
1390 2041 2318 2119 vede Uine; en lille Pige, som godt kunde
1386 2082 2328 2156 lobe lungt og grimt over Gulvel, naar hun
1384 2142 2326 2217 blev forskriekket zog endelig en lille Pige,
1387 2190 2314 2256 hvis Kunst var san fuldendt, at hun mag¬
1376 2246 2310 2290 tede den himmelslormende Opgave at
1390 2294 2326 2347 vise os, hvorledes lidt efter lidt Sindel
1382 2337 2325 2403 omtaages, indtil hun stormer frem og
1387 2378 2309 2439 tilbage som i et Delirium. IIvad her
1392 2424 2322 2478 ydes — ganske ene i en megel lang Slut¬
1385 2477 2314 2540 ningsscene st skildre den sielelige Meta¬
1388 2519 2317 2568 mofose — var intel mindre end sublimt.
1395 2562 2313 2626 Vi hari Virkeligheden ikke for set Ophie¬
1381 2613 2329 2665 lia paa den danske Scene. Nu stod hun
1399 2653 1494 2717 her.
1429 2689 2327 2768 Alene for Fru Prices Skyld — men
1382 2751 2321 2810 levrigt ogsaa for den fuldtud samstemte
1398 2794 2322 2864 kunstneriske Helhedsvirkning — skal og
1384 2846 2319 2905 bor denne Pantomime ses af enhver
1389 2881 2319 2954 Kunstinteresseret. Det vil ikke blive
1369 2927 2315 2998 nogen Skuffelse undtagen maaske for
1382 2990 2307 3046 dem, der blot vil have Kommers i Tea¬
1385 3022 1511 3079 fret.
1422 3078 2314 3154 Men ogsaa de vil blive tilfredsslillede
1388 3119 2306 3187 ved „Recensenten og Dyret“, der jo jov¬
1376 3153 2321 3249 rigt foruden Lojerne giver de nydeligste
1384 3215 2309 3278 Skovstemninoer og de muntreste og fine¬
1385 3246 2297 3327 ste Sange. For forste Gang spiller IIr.
1389 3310 2340 3373 Poul Hansen Kayser: sang nydeligt, 1
1387 3356 1524 3407 —
1422 3448 2334 3521 men spillede uden overdreven Charme,
1417 3500 2336 3570 den hans Medspillende, Frk. Zangen¬
1413 3558 2337 3607 genberg, havde saa meget mere af.
1422 3595 2341 3660 Ny var ogsaa Hr. Johs. Poulsen som
1419 3639 2336 3720 Nonpareil, og den Duo, han udforte sam¬
1419 3692 2326 3747 inen mned Dru Neiiendam som Ma¬
1418 3739 2330 3781 dame Voltisubito, er ingensinde for
1410 3777 2333 3847 gaaet saa morsom og rask. Som Trop
1416 3836 2328 3895 viste Dr. Mantzius sterre Ungdom¬
1402 3878 2335 3930 meliglied baade i Maske og Gestikulation
1406 3917 2334 3984 end fer; og det er rigtigt, thi selv om
1411 3965 2321 4034 Trop er en gammel Student, er han jo
1397 4018 2325 4086 derfor ikke nogen gammel Mand. Vel¬
1410 4063 2324 4113 skallede fra lidligere Opforelser er IIr.
1402 4090 2344 4191 Hofmans overmande pudsige Littern¬
1400 4150 1780 4208 tus Ledermann
1827 4160 2316 4211 Aftenens fineste Ko¬
