3344 4384
437 179 552 251 Dei
1926 178 2366 274 box 27/5
182 192 1794 265 23. Dr Schleien der pierrette
1181 900 2420 983 liegenden Form unannehmbar. Jeder Satz ei¬ guter Kern.
3047 923 3307 1008 bei mehr a
1211 1036 2140 1108 allerbeste Leistungen ausgeworfenen Staats¬
2133 1045 3073 1121 pakter wird, als die Posannen zu ihr treten
3057 1050 3310 1117 man sucht
1215 1083 2147 1164 preis, der aus so und soviel Tausend Franken
2141 1096 3077 1176 und, allerdings ohne besondere Originalität, auf
3071 1095 3316 1177 Pierrot
1235 1131 2152 1193 für eine italienische Reise besteht. Das war im
2149 1145 3027 1198 den Chorgesang instrumentalen Glanz werfen.
3067 1145 3304 1214 ein Quid
1224 1172 2149 1246 Jahre 1884. Debussy kam damals aus Italien
2187 1173 3062 1240 Die Regie hatte für ein stimmungsvolles
3068 1191 3312 1252 wenn auch
1217 1201 2145 1286 selbst als verlorener Sohn zurück, denn seine
2146 1231 3075 1296 morgenländisches Bild gesorgt; im Hintergrunde
3062 1235 3315 1297 die Fabel
1223 1255 2145 1329 italienischen Manuskripte waren der Akademie
2140 1277 3069 1323 lag Jerusalem oder eine andere „hochgebaute
3071 1278 3320 1347 Zwingende
1214 1301 2139 1359 zu modern und wurden von ihr nicht auf¬
2152 1315 3062 1384 Stadt“. Den Vater Simeon gab v. Ulmann
3066 1307 3307 1395 dem Eind
1225 1359 2142 1420 geführt. Mittlerweile hat sich dieser Komponist
2139 1355 3072 1424 in guter Charakteristik, nur mit zu erschröcklich
3075 1360 3236 1436 suchte.
1215 1396 2152 1460 zu einem Musik=Impressionisten ausgewachsen,
2145 1398 3070 1468 großer Nase. J. Göllrich war unermüdlich, die
3112 1389 3313 1478 Im Gr
1218 1423 2147 1501 der seinem Vaterlande manches Rätsel zu Inacken
2144 1450 3072 1501 Feinheiten der Partitur vor den Augen der Zu¬
3074 1437 3315 1523 eine große
1224 1470 2153 1556 gibt und dessen Manuskript=Oper „Tristan
2135 1498 3072 1565 hörer auszubreiten, das Werkchen erntete in¬
3075 1497 3312 1559 „Der Geis#
1213 1509 2150 1595 und Isolde“ deutsche Neugier erregen dürfte.
2144 1533 2821 1602 dessen nur einen Achtungserfolg.
3079 1535 3305 1607 liebt den#
1224 1572 2157 1638 Jüngst hat man sich nun jenseits der
2192 1564 3064 1644 Auch nach dem „Schleier der Pierrette“
3070 1581 3296 1649 Arlechino
1212 1610 2140 1686 Vogesen wieder auf dies Werk Debussys
2137 1625 3073 1679 war er ner wenig größer. Eine Welt trennt
3073 1628 3318 1697 Im Braut
1215 1656 2075 1722 aus dem vorigen Jahrhundert besonnen
2145 1654 3066 1719 beide Stücke von einander. Dort als Grund¬
3074 1666 3292 1732 fort und
1213 1698 2141 1767 das war wohl auch der Grund, der unseren
2152 1697 3076 1772 lage das Bibelbuch, hier ein Text — Artur
3080 1699 3310 1789 sehr unglü
1218 1747 2139 1798 Kapellmeister J. Göllrich bewog, es dem
752 1733 1165 1824 Telephon 12.801.
2238 1756 3078 1821 nißlers Dort eine Ideallandschaft, hier ein
3079 1765 3178 1822 sich
1219 1784 2160 1862 deutschen Verständnis näher zu bringen. Nun#
2257 1809 3071 1858 Wohnzimmer in Alt=Wien, die Höhle
3074 1797 3312 1864 Todesbeche
1222 1829 2147 1900 das Experiment gelang, aber es dürfte kaum
2137 1820 3077 1903 eines Pierrots, der im Prater seine Künste
3080 1846 3303 1910 schleier zu
1218 1873 2136 1937 viel Nachahmer finden. Dafür ist das Werk
2134 1892 3067 1944 zeigt. Dort der schwerfüßige Takt andächtiger
3199 1895 3315 1956 lucht
3094 1892 3184 1959 ihre
207 1821 988 1986 „OBSERVER“
1228 1916 2145 1992 Debussys zu unbedeutend. Nicht einmal ein
2142 1936 3075 2008 Stimmung, hier der flinke, leichtfüßige eines
1213 1966 2146 2047 Operchen, ein lyrisches Szenchen, mehr eine
2145 1972 2501 2033 Wiener Walzers.
130 1953 1161 2047 österr. beh. konz. Unternehmen für Zeitungs¬
3075 1853 3293 2042 Krher
1224 2005 2141 2070 Cantate mit zwei Solostimmen und Schlußchor,
263 2023 966 2083 Ausschnitte und Bibliographie.
2182 1996 3061 2073 Es handelt sich im „Schleier der Pierrette“
3064 2006 3313 2087 ins Todes
1218 2049 2139 2118 die man für die Bühne inszeniert hat und die
2135 2056 3067 2133 um eine lang ausgedehnte Pantomime. Dies ist
3061 2064 3315 2140 zieht sie sch
221 2058 1020 2156 Wien, I., Conoordiaplatz 4.
1221 2094 2139 2164 diese Personifizierung ihrer Gestalten nicht ver¬
2137 2105 3077 2176 und bleibt eine Kunstgattung mit immer nur
3059 2113 3323 2182 Todes, ger
1216 2127 2140 2206 trägt. Die biblische Mutter klagt über ihr
455 2133 795 2205 Vertretungen
2142 2143 3063 2199 halber Wirkung, die sich so lange nicht zum
3064 2153 3304 2214 sinn und
1212 2178 2141 2250 Kind, das ihr vor Jahren entlief. Der Ver¬
116 2173 1179 2261 BBerlin, Brüssel, Budapest, Chicago, Cleveland, Christiania,
2132 2187 3072 2265 Ganzen schließen wird, als ihre Schöpser nicht
3067 2197 3281 2263 kehrende
108 2220 1170 2286 nf, Kopenhagen, London. Madrid, Mailand, Minneapolis,
1213 2224 2150 2299 lorene kehrt als Verelendeter zurück und sinkt
2141 2236 3066 2297 verstehen, die Gedanken ihrer Zuschauer zu uni¬
3062 2237 3322 2316 Leichen vor
120 2262 1179 2333 w. Vork, Paris, Rom, San Francisco, Stockholm, St. Peters¬
1218 2267 2021 2337 ohnmächtig auf heimischer Flur nieder.
2013 2279 2141 2335 Die
2142 2259 3070 2354 formieren. Das aber ist eine Unmöglich¬
3110 2282 3313 2351 Indem
459 2293 769 2363 burg, Toronto.
1219 2293 2148 2387 Mutter kommt und erkennt den Armen. Auch
2147 2328 3068 2392 keit. Die Opernliteratur kennt nur zwei
3064 2315 3320 2400 lung in die
398 2321 830 2414 (Quellenangabs ohne Gewähr.)
1211 2358 2139 2440 der Vater verzeiht und der Chor lobt Jehova
2131 2366 3060 2437 Werke, die die Pantomime ganz in den Dienst
3065 2378 3280 2440 komödieg
1213 2400 1470 2462 den Herrn.
2148 2414 3069 2478 höchster Kunst stellen. Das eine steht in der
105 2391 497 2483 sschnitt aus:
3066 2421 3318 2486 maßen und
458 2397 930 2505 —1. Olsz. 1919
1252 2436 2135 2517 Das ist für einen Bühnenvorgang zu wenig;
2136 2452 3065 2524 „Fledermaus“ von Joh. Strauß und betrifft
3067 2458 3316 2531 Gelegenheit
1211 2473 2132 2546 die Gestalten führen nur ein Schattendasein;
2142 2498 3067 2574 die stumme Szene des Gefängnisdirektors im
3055 2487 3315 2567 einer Pien
642 2506 753 2582 FR
102 2511 236 2584 in:
1213 2535 2138 2598 zumal Debussy das alles in den Mantel weicher
752 2489 1183 2613 sche Zeitung
2136 2540 3061 2600 letzten Akt, das zweite, gewagtere, in den
379 2530 781 2625 MARRE BUFGES
244 2536 396 2633 B
3055 2537 3311 2617 piychologisch
1213 2581 2145 2644 Harmonien hüllt. Sehnsüchtige Melodien er¬
2140 2599 3065 2656 „Meistersingern“ Rich. Wagners: es schildert
3067 2586 3319 2659 Sie erschie
1208 2621 2136 2677 #klingen, die von der letzten Epoche Verdis
2137 2631 3066 2685 Beckmessers Gefühle in Sachsens Werkstatt.
3055 2637 3316 2698 gabten Mu
1217 2656 2145 2720 leise beeinflußt sind. Seine Instrumentationskunst
2144 2679 3061 2735 Das Verständnis dieser beiden Pantomimen er¬
3060 2681 3320 2742 diesen Pier
1217 2700 2142 2784 baut Maximen Bizets vom Eigenleben der Holz¬
2139 2707 3060 2780 leichtern aber die vorangegangenen Ereignisse
287 2689 487 2823 ∆
3068 2729 3320 2790 nachzubilden
1206 2757 2139 2830 blasinstrumente weiter aus. Das flammt in den
2131 2750 3068 2829 und die ihnen zugrunde gelegten musikalischen
3062 2773 3299 2834 die Kunst
494 2728 995 2863 Stadttheater.
1217 2786 2131 2862 Harsen auf wie Goldblättchen, die herniederfallen,
2136 2803 3064 2856 Motive. Schnitzler und Dohnänyi setzten da¬
3067 2808 3317 2875 Gebote steh
1209 2819 2130 2900 klagt in den Klarinetten, seufzt in den Fagotten,
2145 2832 3059 2920 gegen den Zuhörer in eine ihm gänzlich unbe¬
303 2842 1194 2930 „Der verlorene Sohn“ von Debussy. — „Der
3058 2852 3308 2919 des Anfang
1208 2866 2145 2951 wird fromm in den Flöten, andächtig in den
2134 2903 3055 2956 kannte Welt. Wie das dann immer so ist:
370 2902 1119 2969 Schleier der Pierrette“ von Dohnanyi.
3069 2903 3314 2962 charakteristi
1208 2925 2133 2979 Bläsern, aber das alles immer mehr andeutungs¬
2135 2935 3063 2997 man erwischt vielfach eine andere Deutung der
3057 2940 3317 3012 festgehaltene
320 2945 1215 3025 Die Direktion unseres Stadttheaters lud
1203 2963 2143 3031 weise, ohne daß sich festgeschlossene Bögen der
2139 2983 3056 3058 Vorgänge und ein paar Augenblicke später muß
3057 2991 3297 3048 und halten
289 2997 1202 3062 gestern, Dienstag abend, gleich zu zwei Erst¬
1209 3003 1664 3072 Stimmungen wölben.
1641 3021 2135 3082 Höchstens im Duett
2132 3021 3053 3086 man sich korrigieren. So sieht man, wie ein
3058 3035 3310 3096 pantomimen
287 3043 1208 3097 aufführungen ein. Frankreich hatte ein Werk
1211 3058 2105 3120 zwischen Lia und Azael — Mutter und Sohn —
2133 3069 3058 3130 Pierrot an den Folgen einer unglücklichen Liebe
3050 3078 3297 3146 zu ihnen z
289 3081 1213 3157 hergesandt, Oesterreich=Ungarn ein zweites —
1205 3090 2130 3177 weitet sich die musikalische Szene, dem eine
2130 3106 3054 3164 leidet. Er zieht einen Kommodenkasten auf, in
3052 3105 3312 3182 Hause Pier
290 3134 1199 3193 Deutschland hielt sich in der Mitte, dirigierte,
1211 3146 2140 3219 ziemliche Schwungkraft innewohnt. Leider
2142 3147 3063 3216 dem allerlei Kleinkram liegt, erwischt ein Band
3050 3163 3322 3221 c-dur), die 9
286 3169 1215 3246 inszenierte, führte auf, gab sich nach langer
1210 3183 2127 3249 war Frau Gutheim=Poensgen (Lia),
2149 3197 3066 3274 (oder einen Strick?), und man glaubt, er wolle
3047 3203 3320 3274 die Galoppa
284 3217 1213 3278 Arbeit alle mögliche Mühe, mit deu beiden
1195 3232 2032 3299 die wohl die Erstaufführung nicht
2007 3246 2130 3297 in
2138 3230 3063 3317 sich aufhängen. Schließlich zieht er ein ver¬
3064 3248 3313 3311 selbst, in d
280 3265 1201 3326 Nachbarnationen eine musikalische Entente cordiale
1204 3279 2141 3348 Frage stellen wollte, indisponiert, und markierte
2137 3288 3062 3353 welktes Bukett hervor und drückt es an seine
3053 3290 3309 3357 förmlich auf
287 3299 1201 3381 zu bilden. Das erste Werk und sein Verfasser
1199 3316 2135 3388 nur die gesanglichen Höhenpunkte des Duetts.
2128 3335 3057 3403 Brust. Aha! von seiner Flamme! Oder eine
3055 3327 3316 3405 Totentanz
278 3349 1207 3427 war einst ein Rompreis. Das heißt: Claude
1194 3361 2122 3434 Das Organ Struensees (Azaël) legte sich
2137 3362 3062 3439 lustige Gesellschaft gerät etwas später in sein
3049 3380 3320 3449 ermüdet die
278 3387 1207 3461 Debussy gewann mit diesem „Verlorenen
1202 3396 2127 3470 viel zu schwer auf diese weitgewobenen Maschen
2129 3412 3061 3493 Zimmer. Sie vernimmt ein unbestimmtes Ge¬
3044 3426 3301 3486 Pantomime
224 3448 3315 3537 r1 Sohne“ den vom Pariser Konservatorium für] der Instrumentation, die nur zum Schlusse kom= räusch und leuchtet in alle Ecken herum. Aha! für die stärk
