3344 4352
1102 174 1220 222 W
308 204 1334 268 sich, mit den übrigen Pantomimen verglichen, durch
1807 243 1874 290 2
315 232 1323 305 eine „vollkommen ernste, künstlerische Behandlung“.
319 283 1327 350 Die größere Zahl der eingefügten Walzer und
316 325 1329 393 Themen brauche man nicht für mehr als für Kulissen
313 373 1328 434 zu halten. Herr Brandts=Buys hat leider recht.
311 415 1330 471 Eine Pantomime von so vollkommen ernster,
314 463 1329 520 künstlerischer Langweile habe ich noch niemals
310 507 1327 556 gesehen. Es ist sicher, daß sowohl Schnitzler, als
321 543 1321 595 Dohnanyi vorhatten, ihr Publikum zu schrecken und
1775 552 1836 605 —
305 585 1326 641 zu ängstigen. Zwei fleißige Wiener Theaterdirektoren
1854 593 1914 632 1117
2030 616 2070 647 3—
305 627 1329 662 billigten diese Absicht schon vor Jahren und
299 662 1325 719 rieten dem Dichter, ein Operettenlibretto zu verfassen.
1330 678 1381 730 155
314 702 1329 765 Schnitzler mühte sich redlich, aber der Plan blieb
309 736 1330 823 unausgefülirt und statt der Operette kam eine Panto¬
1434 785 2334 840 Die neue Pautomime fiel mitten durch. Man
299 793 1320 851 mime zum Vorschein, darin dem großen Künstler
1327 831 2332 881 gab den Darstellern zu verstehen, daß man ihre Mühe
303 828 1317 895 Girardi das Los beschieden werden sollte, einen toten
1334 877 2329 924 achte, aber in den Beifall mischte sich immer stärkeres
304 872 1319 925 Liebhaber zu spielen. Der Anschlag ging fehl, was
1332 914 2333 969 Zischen. Allerdings war 's wohl auch die Erwartung
312 915 1315 977 sicherlich nicht zu bedauern ist, und die Pankomime,
1331 952 2338 1011 Carusos, die ihren Einstuß übte. Herr Caruso ist
303 966 1310 1019 die nun ohne Ruder und Steuer in den Gewässern
1322 1002 2325 1053 noch immer das Ereignis des Theaters. Der Umstand,
306 1006 1308 1066 der Theaterkanzleien segelte, wurde schließlich Herrn
1323 1038 2333 1088 daß der Gesang so sehr am Boden liegt, verleiht ihm
308 1041 1312 1108 Dohnanyi zugewiesen. Der „Schleier der Beatrice“
1323 1081 2338 1143 einen außerordentlichen Seltenheitswert. Caruso ist
314 1096 1315 1139 ging an ein Fräulein Pierrette über, aus Filivo wurde
1324 1132 2337 1184 gewiß eine Illusion, wie die anderen Illusionen auch.
302 1121 1310 1188 Pierrot, und der Herzog wandelte sich in einen
1323 1173 2330 1215 Wißt Ihr, warum die Mona Lisa auf dem Bilde
310 1165 1305 1244 dämonischen Arlechino. Schnitzlers fünfaktiges Schau¬
1330 1213 1755 1271 Leonaroo da Vincis
1789 1216 1881 1269 so
1876 1208 2327 1269 merkwürdig lächelt?
310 1212 1306 1276 spiel war sehr schön. Die Personen des Stückes
1333 1255 2332 1301 Weil man ihr gesagt hat daß sie zwei Millionen
302 1260 1313 1313 sprachen ein klangvolles, schweres und gedankentiefes
1329 1298 2338 1344 Francs wert ist. Aehnlich ist es mit Caruses Honoraren.
298 1310 1315 1363 Quigärdeutsch, und ich bekenne gerne, daß es bei
1323 1340 2338 1404 Auch Caruso lächelt. Er hat das Lächeln der Gio¬
306 1348 1317 1418 der Lektüre tiefen Eindruck auf mich gemacht hat.
1332 1386 2331 1440 conda... Die Teuöre werden teurer. Je älter sie
303 1379 1313 1450 Fa geschah nun etwas, was niemals hätte
1319 1428 2336 1483 werden, desto teurer. Ich weiß nicht, ob es berechtigt
300 1422 1315 1495 geschehen sollen. Der Dichter in seiner Güte und Frei¬
1326 1465 2322 1524 ist. Weiß nicht, ob die Goldader in Carusos Kehle
307 1482 1309 1534 gebigkeit entäußerte sich der Sprache, nahm seinen
1319 1513 2328 1560 die Stimme noch immer so ergiebig liefert, wie
303 1514 1310 1576 Figuren die Seele, änderte ein wenig an ihrem Schick¬
1332 1551 2330 1613 früher. Wenn ich mich recht erinnere, glänzte er vor
297 1546 1315 1605 sel und verließ sich ganz auf die Kraft der Beine und
1321 1596 2338 1654 Jahren heller, war die Höhe siegreicher, dauerhafter,
295 1592 1314 1660 die Beredsamkeit der Hände. Natürlich sinkt die
1327 1639 2338 1694 imposanter. Aber schöner ist diese Stimme doch ge¬
292 1639 1318 1693 Tragik einer Braut, die vom Hochzeitsfest zu ihrem
1320 1683 2327 1735 worden, nobler, edler; sie hat den rauhen Hauch ver¬
302 1678 1305 1737 Geliehten eilt, um sich mit ihm zu vergiften, zusammen,
1327 1717 2338 1778 loren, der manchmal in der Mittellage mitschlich.
291 1710 1308 1782 da belde kein Wort dabei reden dürfen. Ohne Zweifel treten
1327 1761 2340 1825 Carnso geht in der Quantität zurück, die Qualität
300 1775 1303 1818 numaufregende Vorgänge ein. Pierrot vergiftet sich wirk¬
1322 1806 2326 1863 wächst. Er hat nicht viel echte Verzweiflung als
300 1805 1306 1875 lich während Pierrette, zu feig zum Sterben, ins hochzeit¬
1318 1853 2331 1909 Bajazzo. Im Augenblick, da er die Frau mit
298 1850 1304 1917 liche Haus zurückkehrt. Der Bräutigam, springgistig
1317 1885 2336 1950 dem anderen überrascht hat, krempelt sich
304 1900 1309 1959 über Pierrettes verspätetes Erscheinen, demoliert vor
1332 1933 2335 1981 Canio ruhig die Aermel auf, die ihn genieren.
305 1943 1317 1995 Zorn die künftigen Schwiegereliern und die Instru¬
1326 1973 2330 2019 Es ist auch nicht anders möglich. Ein Künstler,
303 1976 1314 2041 mente der Musiker, die zum Tanz aufspielen. Pierrette
1329 2019 2137 2083 in dessen Leben kein Widerstand tätig
2135 2012 2334 2081 ist, ein
306 2029 1309 2078 langt in beklagenswerter Verfassung an, der Geist
1323 2059 2327 2126 Künstler, dem das Geld im Kasten von selbst
307 2074 1313 2125 des Pierrot, der vor ihr aufsteigt, schreckt sie, und es
1322 2102 2329 2150 wächst, dem die Damen nachlaufen, der von der
312 2102 1318 2175 bleibt nichts übrig, als den Bräutigam, der beständig
1317 2130 2346 2202 Impresa gehätschelt und gepflegt wird, wie eine
312 2156 1310 2209 wissen will, wo Pierrette ihren Brautschleier vergessen
1329 2192 2344 2237 Wöchnerin, wo soll der die Verzweiflung hernehmen?
300 2191 1315 2252 hat, ins Zimmer zu.führen, in welchem der tote Pierrot
1324 2231 2339 2289 Aber spielen kann er sie, und er ist wahrhaftig kein;
301 2237 1317 2304 noch immer auf der Diele liegt. Hier nun stellt
1332 2274 2333 2335 schlechter Schauspieler. Und wo ihm der innere Ton
307 2276 1307 2339 sich heraus, daß der Bräutigam Arlechino das Gegen¬
1332 2325 2318 2375 merklich fehlt, sorgt der äußere für Ersatz. Plötzlich —
308 2316 1315 2390 seil eines Gentleman ist. Er setzt den toten Pierrot
1329 2356 2329 2408 so in der berühmten Klage des Bajazzo und in der Arie
319 2373 1307 2423 wieder in den Sessel, zwingt Pierrette, ihm zuzutrinken
1325 2403 2334 2478 des zweiten Aktes — nimmt seine Stimme, aus sich
336 2414 1315 2461 nd schickt sich an, noch weitere Ausschreitungen zu
1333 2447 2334 2497 selbst förmlich, die Farbe des echten Schmerzes an.
300 2464 1315 2515 begehen, die aber Pierrette taktvoll abwehrt. Kalt
1331 2495 2329 2552 Sie klagt für ihn, ringt die Hände, die ihr Herr zu
299 2504 1317 2557 lächelnd sperrt der Wüterich das arme Mädchen mit
1332 2533 2332 2579 ringen vergaß. Und der Jubel bricht los und alles
311 2549 1313 2607 der Leiche ein, wodurch sie sich einen wahnsinnigen
1333 2569 2323 2629 steht unter dem Eindrucke eines großen Sängers. Ein
303 2596 1312 2652 Tanz zuzieht, der mit ihrem Tode endet. Das
1332 2626 2327 2673 großer Säuger ist Caruso heute wie damals. Groß in
311 2625 438 2677 alles
431 2623 1312 2699 geschieht ohne einen Schrei, ohne
1322 2661 2337 2713 der Kunst, seine schönen Mittel schön zu gebrauchen.
310 2663 883 2729 ein Wort, leider aber
884 2669 1318 2736 unter Mitwirkung
1332 2706 2329 2766 Seine Kunst liegt darin, daß er nicht mehr will, als
308 2707 1312 2768 eines großen Orchesters, das sich der aufsehen¬
1332 2750 2332 2800 ihm gegeben ist, daß er aus seinem Besitz den ange¬
308 2758 1315 2811 erregenden Vorfälle in einer Taubstummengemeinde
1320 2790 2327 2855 messenen Nutzen schlägt. So ward er denn auch gestern
310 2797 1319 2843 ausführlich bemächtigt. Es ist bekannt, daß die großen
1324 2823 2323 2885 enthusiastisch gefeiert. Frau Kiurina errang als
310 2841 1314 2887 Komponisten zumeist schlecht Klavier' spielen. Leider
1322 2878 2325 2926 Nedda einen Sieg für sich. Der Wohlklang ihres bis
312 2885 1316 2936 halten sich nun die meisten großen Klavierspieler für
1324 2916 2327 2962 auf den Grund schlackenreinen Soprans erfüllte
302 2928 1324 2970 verpflichtet, chlecht zu komponieren. Herr Dohnauyi
1334 2954 2332 3029 die Szene. Auch Herr Schwarz als Tonio hatte
313 2973 1322 3016 hätte, trotzdem es sich um gransige Geschehnisse
1324 3003 2335 3056 schöne Augenblicke. Neben dem fremden Meister be¬
307 3014 1320 3068 handelt, ganz im Stillen einen liebenswürdigen Ton
1326 3048 2331 3104 standen die heimischen Lünstler mit Ehren. Das Haus
308 3055 930 3114 aufsetzen können. Schließlich
931 3057 1329 3122 hatte er doch
1336 3082 2338 3142 erholte sich rasch vom Spuk des ersten Pierrot und
305 3095 1314 3144 auch einen Walzer beizustellen und für eine
1331 3137 2056 3190 akklamierte den zweiten umso lebhafter.
298 3140 1316 3200 Quadrille zu sorgen! Den tragischen Lärm erzeugt
1431 3165 2347 3247 Die ganze Wiener Gesellschaft war ausgerückti
311 3189 1321 3243 er in konventisneller Weise, aber dort, wo höchste
1328 3220 2333 3281 Man grüßte sich und fand sich wieder. Ich zählte
302 3228 1319 3280 Zeit gewesen wäre, den Zipfel eines Profils blicken
1335 3255 1962 3329 die Häupter und es fehlte keines.
309 3272 1316 3322 zu lassen, verschwindet der Komponist und läßt kaum
312 3319 1308 3360 den Hauch einer Persönlichkeit zurück. Eine Fülle von
1418 3331 2321 3412 Vom Hofe waren im Hause erschienen: Erz¬
317 3352 1315 3404 stark pointierten Anklängen — sogar Wieniawski
312 3404 1308 3463 fehlt unter den Zitaten nicht — beweist, daß Herr
1328 3389 2328 3454 herzog Franz Ferdinand und Gemahlin Herzogin
312 3443 1306 3492 v. Dohnanyi die gesamte musikalische Produktion
1335 3431 2338 3494 Sofie Hohenberg, die Erzherzoginnen Marie
312 3486 1312 3537 für würdig hält, Pantomimendieuste zu verrichten.
1332 3464 2330 3534 Valerie und Blanka mit zwei Töchtern des
306 3525 1309 3578 Herr Hofkapellmeister Schalk nahm die Pantomime
1329 3508 2338 3590 Erzherzogs Friedrich, Erzherzog Franz
1328 3567 2326 3640 Salvator mit dem Herzog und der Herzogin von
305 3571 1314 3619 für das, was sie sein wollte, für ein Musikdrama
1332 3613 1495 3680 Parma.
313 3614 1314 3658 ohne Worte und ließ das prachtvolle Orchester los. In
1435 3628 2330 3713 Erzherzog Franz Ferdinand und Gemahlin ver¬
318 3656 1323 3705 einer beklagenswerten Situation fand sich das lieb¬
1323 3693 2334 3766 ließen die Kaiserloge nach dem Ballett vor dem Auf¬
303 3697 1310 3759 liche Fräulein Jamrich. Schrecklichen Aufgaben
1320 3738 1630 3808 treten Carnsos.
317 3741 1317 3790 gegenübergestellt, fand sie fein heraus, daß die
308 3795 1319 3844 Tänzerin nicht zu weit gehen durfte. Sie milderte die
311 3836 1324 3884 Schrecken, so daß es nun war, als zöge der böse
1517 3811 2119 3900 500 K. für zwei Sitze.
314 3872 1319 3924 Traum einer schönen Dame vorüber. Herr Czadill
1428 3867 2323 3928 Wie bisher bei allen Gastspielen Carnsos sind
303 3916 1322 3960 und Herr Godlewski pflichteten ihr darin bei und
1325 3913 2336 3987 die Preise für die Plätze in der Hofoper durch die
308 3945 1319 4001 der Kunst des Herrn v. Wymetal gelang es. das
1315 3956 2332 4013 Agiotage zu außerordentlicher Höhe hinaufgeschraubt
307 4000 1848 4039 Gruseln auf Regieweaen in sanfte Melancholie zu worden. Agenten, die in
1842 4004 2335 4057 der letzten Zeit die noch
1318 4028 2333 4116 verfügbaren Eintrittskarten von Privatpersonen
301 4034 574 4102 verwandeln.
2329 197 3294 246 Andrang bei den Kassen ein so starker war, daß ba
2329 242 3304 296 alle Karten vergriffen waren. Vor dem Hause hatt
2324 287 3299 326 ein großes Wache=Aufgebot Mühe, die „Orbnun
2323 317 3296 362 aufrecht zu erhalten und im Foyor durften#nsich uu
2324 359 3295 401 jene Personen aufhalten, die sich mit Eintrittskarte
2326 392 3306 443 ausweisen konnten. Gegen 7 Uhr begann die Auffahr
2322 426 3300 475 der Automobile und Wagen in endloser Reihe un
2339 464 3296 528 erst gegen ¾8 Uhr hatte der Rummel vor dem Opern
2340 504 2805 569 hause sein Ende erreicht.
2426 528 3302 596 Nach der Vorstellung wurde Caruso bei
2333 557 3298 631 „Bühnentürl“ von einer großen Schar von Ver
2331 621 2824 669 ehrern erwartet und es
2846 620 3300 689 wurden dem Künstle
2333 649 2883 715 stürmische Ovationen bereitet.
