3344 4352
1996 242 2459 326 box 27/5
258 252 1849 338 23. Der Schleier der Pierrette
2045 630 2449 733 " Son 12.301.
1569 790 2208 884 „ODSEITEN
1345 860 2441 959 I. österr. behördl. konz. Unternehmen für Zeitungs-Ausschaltte
1479 913 2325 1018 Wien, I., Concordiaplatz 4.
1672 994 2121 1076 Vertrefungen
1346 1042 2439 1121 in Berlin, Budapest, Chicago, Christiania, Genf, Kopen¬
1360 1093 2447 1170 hagen, London, Madrid, Mailand, Minneapolis, New-York,
1396 1143 2417 1224 Paris, Kom, San Francisco, Stockholm, St. Petersburg.
1693 1180 2140 1246 (Quslienangsbe ehne Gewähr).
1344 1243 1759 1328 Ausschnitt aus:
1527 1308 2601 1389 24 1 1910 Dresdner Nachrichten:
1352 1357 1506 1417 vom:
1497 1384 2398 1521 Kunst und Wissenschaft.
1577 1510 2285 1588 Der Schleier der Pierrette.
1323 1570 2520 1640 Pantomime in drei Bildern von Arthur Schnitzler.
1542 1626 2317 1690 Musik von Ernst v. Dohnänn
1313 1666 2521 1734 Uraufführung im Dresdner Opernhats am 22. Jannar 1910.
1402 1708 2525 1780 Wer vieles bringt, wird jedem etwas bringen. Diesem
1326 1754 2533 1816 Grundsatz der hiesigen Opernleitung ist die Uraufführung
1327 1791 2537 1854 einer großen tragisch=phantastischen Pantomime zwischen
1319 1821 2545 1897 mancherlei Opernnenheiten zu danken. Aus verschiedenen
1326 1863 2558 1952 Gründen mag man der schauspielerisch getanzten Panto¬
1346 1945 2561 2010 mime als Kunstgattung zurückhaltend gegenüberstehen; zurs
1345 1989 2528 2068 Abwechslung ist sie im Svielplan eines Operntheaters zu¬
1340 2028 2536 2102 weilen sehr willkommen. Das zeigte vor Jahren der immer¬
1336 2070 2544 2144 hin ansehnliche Erfolg von Wormsers entzückendem Enfant
1341 2108 2537 2176 prodigue. Daß freilich ein berühmter Mann allein ein
1348 2146 2537 2230 solches Wert nicht zu halten vermag, mußten Mottl und
1335 2183 2543 2256 Vierbaum mit ihrem Pan im Busch erfahren. Die neueste
1339 2211 2538 2310 Pantomime kam ganz österreichisch, um nicht zu sagen wie¬
1333 2252 2535 2330 nerisch. Wie Arthur Schnitzler, der Wiener Dichter,
1328 2300 2529 2383 dazu gekommen ist, sein groß angelegtes, poesieumflossenes
1334 2331 2528 2398 Renaissancedrama, das ein Kritiker wie Hermann Bahr
1335 2369 2540 2448 seinerzeit für Schnitzlers schönste und reifste Schöpfung
1334 2413 2530 2489 erklärt hat, zu einer Pantomime auszuziehen, ist hier
1333 2454 2532 2527 gleichgültig. Jedenfalls verleugnet auch Schnitzler in der
1323 2487 2529 2564 Pautomime nicht die Grundzüge seiner Kunst, jene eigen¬
1326 2530 2536 2604 tümliche Mischung von Naturalismus und Wienertum, von
1332 2567 2531 2646 Liebelei und Sterbelei. Die Anatolszenen sind in die
1326 2606 2534 2685 Pierrotwelt versetzt. Die Beatrice Nardi von Bologna ist
1327 2656 2532 2720 als Pierrette nach Alt=Wien übergesiedelt. Pierrette mag
1320 2687 2530 2748 den alten griesgrämigen Arlekino nicht heiraten und kommt
1327 2726 2536 2796 zu ihrem geliebten Pierrot, um gemeinsam mit ihm vor der
1320 2756 2523 2845 Hochzeit zu sterben. Pierrot trinkt das Gift allein, stirbt.
1328 2800 1785 2856 Pierrette kehrt zu
1779 2811 2518 2868 den Hochzeitsfeierlichkeiten zurück.
1315 2827 2524 2912 Arlekino vermißt den Schleier an ihr, den sie in Pierrots
1313 2872 2520 2949 Zimmer gelassen hat, und ist darob erstannt. Pierrette
1315 2923 2521 2988 kommt mit Arlekino zu Pierrot; in teuflischer Grausamkeit
1327 2961 2529 3023 nun zecht der Bräutigam mit dem toten Liebhaber und sperrt
1319 2996 2517 3066 schließlich seine Braut mit dem Leichnam zusammen im
1318 3033 2522 3099 Zimmer ein. Wahnsinn befällt die gute Pierrette, und in
1317 3083 2525 3146 einem salomeartigen Tanz verhaucht sie ihr Leben. Dies
1320 3100 2528 3186 die Handlung der Pantomime, die dem Zuschauer beim
1321 3148 2525 3228 Sehen ziemlich, wenn auch ohne Zuhilfenahme eines Text¬
1305 3182 2521 3250 buches oder Klavierauszuges (bei Doblinger zu Leipzig ver¬
1306 3229 2530 3303 legt nicht ganz restlos klar und offenbar wird. Manch
1314 3268 2513 3338 seine Züge, wie die Erscheinung Pierrots als steinerner
1310 3300 2516 3380 Gast, geben dem Märlein etwas Phantastisch=Romantisches.
1309 3345 2515 3420 Ernst v. Dohnänyi, der österreichische, so schnell zu An¬
1306 3378 2513 3438 sehen gelangte Pianist und Professor an der Berliner Hoch¬
1310 3424 2521 3485 schule, hat schon mit mehreren größeren Werken von sich
1304 3458 2507 3532 reden gemacht. Zwei Sinfonien und zahlreiche Kammer¬
1305 3510 2519 3572 musikwerke sind von ihm bekannt geworden. Auch dieses.
1305 3538 2509 3607 neue Werk, wohl Dohnännis erste Bühnenschöpfung und
1303 3570 2501 3644 Vorstudie zu einer Oper, ist die Probe eines verheißungs¬
1304 3615 2506 3685 vollen Talentes. Es ist ein gutes Zeichen, daß Dohnänyi
1299 3648 2507 3722 bei der musitalischen Bearbeitung auf Kosten der äußer¬
1298 3696 2515 3762 lichen Illustration sein Hauptgewicht auf die Schilderung
1293 3739 2501 3796 der Seelenzustände legt. Obwohl ja gegen eine etwas äußer¬
1304 3765 2505 3839 liche Behandlung der Musik bei einer Pantomime vom
1295 3806 2507 3876 ästhetischen Standpunkt aus nichts zu sagen wäre, weil die
1299 3838 2501 3919 Musik hier doch auch wesentlich zur Verdeutlichung und
1300 3871 2501 3950 Verständlichmachung der Handlung mitzuhelfen hal.
1296 3922 2497 3989 Dohnänni schürft aber, wie gesagt, tiefer und beleuchtet
1297 3958 2506 4027 auch das Innenleben seiner Pierrotwelt. Die Musik von
1292 4000 2508 4069 romantischer Herkunft zeigt in der Anserheitung greßeng
1293 4039 2497 4091 Ernst, in den Einzelheiten beträchtliches Können; im Auf¬
1292 4068 2494 4135 bau offenbart sie Temperament, in der Instrumentation
1295 4112 2505 4172 Geschmack. Mehr als in harmonischer Beziehung weist
1289 4144 1704 4201 Dohnänyis Musik
1732 4159 2102 4208 in melodischer
2128 4162 2467 4217 mitunter eine
1290 4185 2489 4266 gewisse Abhängigkeit von nicht unbekannten Vorbildern
