3344 4320
250 114 424 205 23
1980 136 2436 231 box 27/5
401 125 1918 239 Der SchlefenderPiere##
218 1413 293 1488 400
2390 1695 2556 1781 KARRERREERN
1787 1705 2128 1783 WAT
835 1707 1037 1790 N E
368 1741 3270 1827 omischen Situationen gibt, die mit ziemlich viel! nicht. Pierrette kommt. Sie hat Arleechino am den Darstellern sind an erster Stelle Arne van
1316 1792 3282 1867 Hochzeitsabend verlassen, um ihren früheren Ge= Erpeeum u. Elsa Hötzel zu nennen, sodann
157 1800 316 1887 228
366 1817 1336 1877 Behagen ausgenützt werden. Das Ganze ist eine
2287 1832 3276 1912 auch Albin Swoboda, denen sich noch eine
1330 1860 2297 1914 liebten zu besuchen. Sie wollen miteinander in
360 1863 1337 1923 armlose, unterhaltende Geschichte aus einer
2293 1873 3277 1947 große Reihe von Nebenfiguren anschließen. Auch
1323 1911 2301 1951 den Tod gehen. Pierrot trinkt das Gift, sie ver¬
376 1911 1336 1964 eutschen Kleinstabt, zum Schluß gibt es die üb¬
2297 1911 3271 1987 hier war die Spielleitung Gerhäusers Händen
126 1917 291 1995 e
1324 1936 2299 1992 liert den Mut und stürzt davon. Zweites Bild:
380 1937 1329 2002 ichen Liebespaare und auch an der im deut¬
2290 1946 3278 2023 übergeben worden, Frl. Steinwender war
1324 1975 2313 2039 Hochzeitsgesellschaft. Arlecchino (der Bräutigam)
363 1982 1334 2044 chen Singspiele von jeher beliebten Verspottung
287 1998 365 2056 —
2300 2007 3282 2082 mit der Einstudierung der Tänze betraut. A. E.
115 2000 284 2087 4
1322 2021 2296 2076 mitten unter der vergnügten Schar unruhig und
360 2032 1338 2081 er Amtspersonen, in diesem Falle des Ratsdie¬
1323 2053 2301 2114 verstimmt, bis Pierrette kommt. Er ahnt, was
360 2072 1338 2119 ners, fehlt es nicht. Leo Blech ist ein trefflicher
1324 2099 2305 2160 vorgegangen. Arlecchino bemerkt, daß seiner
351 2098 1336 2170 Musiker, seine Musik ist lebendig, sie verrät eine
1327 2137 2312 2193 Braut der Schleier sehlt, Pierrette selbst wird
353 2153 1331 2210 seine Kenntuis der Instrumente, wozu vor
1333 2154 2311 2231 von der Erscheinung des toten Freundes ge¬
359 2188 1333 2245 allem auch die Singstimme zu rechnen ist, sie
1329 2216 2300 2270 ängstigt. Das dritte Bild führt uns wieder
353 2217 1328 2285 wirkt durch Melodik und durch eine ansprechende
1319 2251 2305 2312 in das Zimmer Pierrots. Arleechino kommt mit
355 2256 1326 2328 Grazie. Durchaus stilrein ist die Oper jedoch
1317 2306 2306 2359 Pierrette, setzt die Leiche höhnisch in den Stuhl!
364 2300 1338 2364 nicht. Bald wird man an die ältere Oper er¬
125 2299 374 2384 Oper von
1334 2335 2301 2393 und schließt Pierrette bei ihr ein. Wahnsinnig
354 2351 1328 2401 innert, bald tritt der neuere Stil stärker hervor,
119 2351 343 2422 Pierrette,
1330 2381 2300 2434 vor Furcht führt die Geängstigte einen gräßlich
358 2380 1336 2441 in dieser Beziehung zeigt sich an diesem einen
133 2399 317 2467 anyi.
1334 2417 2305 2473 wirkenden Tanz auf, um zuletzt tot zusammen¬
357 2432 1339 2479 Tispiel, was überhaupt ein Charakteristikum
1324 2455 1571 2532 zubrechen.
119 2451 1334 2529 frettisten ist der modernen Musik ist, das Schwanken, das Un¬
135 2494 365 2552 hervorzu¬
1371 2484 2313 2552 Das Gräßliche überwiegt in diesem Stoffe.
364 2508 1338 2561 entschiedene. Nicht viele sind modern in dem
130 2530 353 2591 d zu stecken
1334 2534 2316 2602 Wenn auch den Tänzen ein breiter Raum ge¬
357 2554 1324 2608 Sinne, daß sie nur nach vorwärts zeigen und
117 2570 354 2628 zu machen.
1323 2572 2304 2640 gönnt ist und ein Hauch wirklicher Wiener Luft zu
357 2595 1332 2656 nicht noch die Eierschalen ihrer Entwicklung an
125 2605 362 2674 uch wieder
1328 2600 2320 2672 verspüren ist, so werden wir doch mit dem Ge¬
366 2630 1329 2678 sich tragen. Blech gehört zu den letzteren, aber
121 2649 361 2710 d Pordes¬
1324 2657 2305 2714 sühle entlassen, Zeugen eines entsetzlichen Schau¬
354 2675 1332 2718 seine Musik ist gefällig und hübsch und damit
113 2690 364 2755 m für ihre
1326 2690 2311 2752 spiels gewesen zu sein. Im Zeitalter der Salome
366 2713 1340 2777 geben wir uns gerne zufrieden und warten, bis
113 2727 356 2791 haben. Die
1324 2740 2317 2796 und Elektra müssen unsere Nerven aber schon
356 2733 1269 2819 die Eierschalen vollends abgestoßen werden.
113 2776 361 2826 rank. Was
1334 2776 2311 2830 etwas vertragen. Dohnanyi hat eine packende,
399 2792 1323 2864 Unter Matthäus Pitteroffs Leitung
119 2812 367 2867 es Requisil,
1330 2802 2315 2885 und, wie es die Pantomime auch ersordert,
357 2831 1331 2903 kamen bei dem keineswegs leicht auszuführen¬
116 2843 356 2911 Zwecke ist:
1328 2845 2321 2920 äußerst anschauliche Musik geschrieben. Als
117 2879 362 2948 twete Bür¬
356 2891 1330 2945 den Stück, dessen szenisches Bild und Einstudie¬
1323 2895 2309 2951 Komponist besitzt er neben unleugbarem An¬
357 2916 1338 2977 rung Emil Gerhäuser zu verdanken ist, die
119 2930 371 2991 versteckt, da
1324 2923 2309 2988 passungsvermögen an berühmte Vorbilder doch
358 2966 1339 3032 mannigsochen Feinheiten zu voller Geltung. Die
110 2977 361 3032 nMoment
1326 2979 2315 3030 auch bedeutende eigene Erfindungsgabe, die sich
353 3008 1334 3061 Besetzung des Einakters durch Anna Sutter,
116 3014 360 3070 Zeuge nö¬
1322 3007 2317 3069 besonders an einer Reihe von selbständigen Tän¬
352 3051 1333 3105 Johanna Schönberger, Lisa Heinefetter,
1337 3045 2308 3105 zen nachweisen läßt. Nur die blühende, warme
363 3078 1341 3150 sowie durch Albin Swoboda, Wolfgang Kan¬
120 3017 365 3148 wsahtr.
1335 3078 2320 3148 Melodik vermißt man, dazu ist diese Musik wie¬
357 3131 1331 3184 zow und Ludwig Wiedemann war die denk¬
117 3130 365 3188 steuerbetrag
1326 3135 2314 3192 der zu ernst. Die starke Anteilnahme des Or¬
354 3172 1331 3223 bar beste. Das auerkannte auch das Pubiikum,
110 3168 375 3228 twe kommt
1321 3172 2310 3232 chesters an den inneren, nicht nur an den äuße¬
117 3206 365 3268 Städtchen
353 3217 1331 3271 das die Neuheit sehr beifällig aufnahm. Doh¬
1323 3208 2309 3262 ren Vorgängen auf der Bühne, verleiht dieser
350 3246 1335 3311 nanyis Pantomime gab einen krassen
103 3257 368 3307 ner lächer¬
1335 3252 2316 3309 Pantomime einen höheren künstlerischen Wert,
110 3296 1327 3343 k jetzt kann Gegensatz zu dem kleinbürgerlichen Bilde. Ar¬
1338 3300 2306 3343 als er der Gattung sonst im allgemeinen zu¬
108 3324 369 3382 and zu bit¬
352 3317 1319 3392 tur Schnitzler's „Der Schleier der Pierrette“
1323 3326 2318 3384 kommt. Die Aufnahme des Stücks, das von Max
105 3365 2315 3433 rgermeister bildet den Gegenstand der Handlung, die hiers Schillings selbst dirigiert wurde, war etwas
107 3400 1339 3475 Phaber aus in das Wien vor hundert Jahren verlegt st.
1318 3402 2310 3466 kühl. Dazu mochte die Länge der Pantomime
103 3443 2316 3519 liese beiden Drei Bilder. Zuerst Pierrots Zimmer. Diel beigetragen haben. Mehr zusammengedrängt
120 3498 2330 3559 Anlaß zu! Freunde wollen ihn aufheitern, es gelingt ihnen müßten diese Bilder viel stärker wirken. Unter
