3392 4384
1957 124 2378 229 box 28/1
222 136 1957 249 23. Der Schleiender-Pierrette
944 1300 1169 1372 Seite 10
1477 1293 1800 1378 Berliner Salon
2168 1318 2340 1384 Nr. 16
907 1423 2373 1504 Callots Manier, bei dem der Stempel „Renaissance“ durch die Prägung
923 1499 2384 1563 „Alt=Wien“, die Helden jenes Dramas Beatrice und ihr Dichter
907 1557 2379 1635 Filippo Loschi durch Pierrot und Pierrette ersetzt sind. Es erinnert
910 1615 2375 1700 auch ein wenig an Hartlebens melancholische Pierrot=Gedichte, wenn
922 1678 2369 1755 Pierrette, hinweg vom Hochzeitsmahle, bei dem sie sich Arlechino zu
912 1742 2371 1794 eigen gegeben hat, zu ihrem süßen Dichter=Pierrot in die mond¬
917 1788 2373 1870 beglänzte Mansarde kommt, um mit ihm höchstes Todesglück aus der
913 1849 2373 1931 gleichen Giftschale zu schlürfen, die sie ihn schließlich, im letzten
914 1922 2376 2011 Moment vor dem Letzten feige zurückbebend, allein leeren läßt. Und
918 1980 2373 2033 mit einem aus Edgar Allan Poë= und E. Th. Hoffmann=Motiven
910 2043 2378 2112 gemischten Dissonanzen=Akkord klingt dieses visionär bewegte Nachtstück
909 2093 2379 2150 schrill aus, wenn Pierrette von dem rächenden Gatten, der ihr gefolgt
901 2148 2378 2229 ist, mit der Leiche des Pierrot zusammengesperrt wird und unter das
899 2203 2371 2279 Joch des geistigen, statt des leiblichen Todes gerät. —— Die
914 2266 2378 2330 Musik, die Ernst von Dohnänyi neben die drei Abschnitte dieser
905 2311 2380 2407 „danse macabre“ stellt, spricht unbedingt für die künstlerische“
903 2397 2369 2466 Kompetenz des ungarischen Musikers, der besonders da mit Glück
910 2451 2372 2507 arbeitet, wo man zwischen den Zeilen der dramatisch bewegten
911 2515 2366 2584 Partitur die mystische Runenschrift der Vision lesen darf, und dem
912 2562 2378 2639 doch auch wieder in den Tänzen des festlich beschwingten, alt=wienerisch—
911 2630 2360 2698 kolorierten Hochzeitsaktes ein kleiner Lanner im Blut sitzt. Die Regie,
902 2684 2365 2749 die — unter Dr. Hans Kauffmann und auf dem Boden einer reichen
896 2750 2355 2814 szenischen Ausstattung — Traum und Tag wirkungsvoll miteinander
911 2809 2360 2863 verflocht, hatte in der salamanderhaften Geschmeidigkeit des über¬
905 2867 2356 2927 schlanken Herrn Einar Linden (Pierrot) und in der starken Geberden¬
904 2927 2361 2986 kunst der blonden Frau Galafrés ausgezeichnete Helfer. — Leider
907 2990 2367 3067 fuhr dem Komponisten das Fiasko seiner einaktigen Spieloper „Tante
825 3134 2286 3203 Simona“, deren textliche Belanglosigkeit und musikalische Indifferenz
824 3207 2275 3289 den Abend eingeleitet hatten, ein wenig in die Erfolgsparade. Hier
809 3270 2284 3340 ist der Buffoton Ermanno Wolff=Ferraris erstrebt, ist aber nur eine
820 3326 2286 3381 zur musikalischen Kompliziertheit aufgebauschte Langeweile erreicht
807 3389 2283 3446 worden. „Solche Tante wie diese Tante noch kein Komponiste Tante
831 3435 1114 3505 — nannte!“
