3344 4384
169 197 1759 284 23. Der Schleiender Bierrette
719 405 1101 496 Ausechultt aus:
1098 440 1538 556 Mardohre#i#
895 482 1105 561 11.3071.19
727 514 873 576 VUM:
1557 493 1904 614 9 Zeitung
736 562 870 617 M
1113 611 1397 728 J-
818 704 1615 814 Berliner Cheaterbrief.
806 797 1618 895 (Tante Simona. Der Schleier der
1087 863 1328 936 Pierrette.
798 922 1673 987 Dem gestrigen Abende in dem rührigen Charlot¬
745 959 1677 1024 tenburger Opernhause sahen die interessierten Kreise
759 1007 1674 1088 der Reichshauptstadt mit hochgespannter Erwar¬
750 1048 1682 1130 tung entgegen. Zum ersten Male sollte näm¬
757 1093 1674 1161 lich der geistvolle Klaviervirtuose und Schöpfer
762 1135 1682 1206 so manches fein empfundenen Werkes für Kam¬
759 1177 1680 1250 mermusik Herr Ernst v. Dohnanyi sich auch
748 1227 1689 1292 als Verfasser von szenischen Werken vor der
756 1261 1681 1333 großen Oeffentlichkeit zeigen. Nach seinen bis¬
765 1309 1685 1377 herigen Kompositionen mußte man ihn für einen
760 1355 1680 1426 Anhänger derjenigen künstlerischen Anschauung
753 1399 1685 1464 halten, der die edlen Kunstformen in Ehren
753 1447 1682 1508 hält, die Bizarrerien der modernen orchestralen
756 1488 1688 1558 Pyrotechnik und ihre rhythmischen wie ihre
758 1538 1688 1590 harmonischen Ungeheuerlichkeiten mit gutem
765 1574 1691 1637 Grunde vermeidet, der aber gleichwohl nicht in
765 1634 1691 1691 pedantischer Philiströsität am Alten festklebt,
768 1661 1703 1731 nur deshalb, weil er eben zu hohen Jahren ge¬
769 1702 1701 1770 kommen. Kurz, man erwartete eben von dem
761 1757 1691 1835 hochgeschätzten Meister im Konzertsaal auch
764 1799 1697 1866 etwas Ungewöhnliches als Komponist für die
763 1858 1693 1900 Bühne. Da bereitete dann freilich die ein¬
765 1883 1690 1952 aktige komische Oper „Tante Simona“,
766 1927 1692 2006 zu der Herr Viktor Heindl einen weniger als
768 1977 1692 2045 harmlosen Text geschrieben, eine recht peinliche
773 2016 1703 2083 Enttäuschung. Diese läppische Liebesgeschichte
777 2060 1703 2123 aus der Zeit des auskliugenden Rokoko, dieser
767 2105 1699 2164 Liebhaber, der sich als taubstummer Gärtner in
764 2148 1691 2223 die Villa der Tante Simona einschleicht, der
769 2188 1690 2261 aber in Wahrheit selbstverständlich ein Graf ist,
780 2233 1698 2299 diese gute alte Tante selbst, die von keiner
773 2279 1702 2366 Mannerfeele etwas wissen will, um schließlich
842 2401 1732 2467 doch ihrem Jugendfreunde in die Arme zu
843 2466 1732 2516 sinken — all dieser abgenutzte Opernkram ist
836 2498 1733 2562 heutzutage schlechterdings unmöglich geworden
825 2555 1743 2604 und die poetische Schlußmoral „Erglänzt die
833 2579 1737 2638 Welt im Frühlingsgold, da lacht der kleine
821 2640 1743 2691 Flügelbold, bei wie das traf, hei wie das sitzt,
825 2673 1734 2746 die Leutchen sind ganz närrisch itzt; ein nimmer¬
830 2719 1744 2774 müdes Liebesfest? Greif, Menschlein, zu und
829 2757 1745 2826 greif recht fest, und saß das Glück beim Schopfe
840 2803 1744 2870 an, daß nimmer es entlausen kann“, ist
834 2850 1752 2910 unseres Erachtens auch nicht dazu angelan, eine
827 2896 1749 2959 gehobene Stimmung unseres Gemütes auszu¬
834 2944 1750 2998 lösen. Nun hätte man doch voraussetzen müssen,
834 2995 1758 3044 daß der textlichen Unterlage gemäß sich auch die
837 3025 1746 3091 Musik in zierlichen, gesälligen Wendungen und
831 3074 1747 3126 Melodien bewegen würde. Aber weit gefehlt!
828 3112 1758 3177 Sieht man von dem rhythmisch pikanten, im
835 3161 1754 3222 Charakter eines musikalischen Lustspiels ge¬
832 3198 1752 3259 haltenen Vorspiel und allenfalls noch einm
827 3255 1753 3304 Zwiegesange zwischen Florio und Beatrice ab,
833 3287 1758 3352 so fällt alles Uebrige ganz und gar aus dem
835 3327 1755 3387 Rahmen des Kleingenres heraus. Der Wider¬
841 3371 1759 3430 spruch zwischen dem aufgebotenen Großauswand
838 3418 1760 3472 der Ausdrucksmittel und der Kleinlichkeit der
840 3475 1758 3517 Bühnenvorgänge ist so kraß, daß er allerdings
833 3519 1759 3563 komisch wirkt, aber unfreiwillig! Ueberall guckt
842 3564 1762 3614 die Nibelungen=Weise des Baireuther Zauber¬
847 3598 1767 3656 mannes heraus. Da hat sich denn Herr
844 3651 1591 3700 Dohnaryi einmal recht arg vergriffen.
877 3689 1758 3736 Indessen ist es ihm mit seiner musikalischen
853 3726 1757 3783 Illustration zu Arthur Schnitzlers „Schleier
838 3768 1763 3830 der Pierrette“ ganz bedeutend besser von der
849 3813 1757 3871 Hand gegangen. Diese dreibildrige Pantomime
838 3857 1756 3916 mit dem dickausgetragenen Kinograuen scheint
829 3898 1764 3956 die mu sikalische Phantasie unseres Komponisten
839 3938 1767 4004 ung'eieh mächtiger angeregt zu haben als jene
836 3994 1762 4046 Heir bliche Kindlichkeit. Es sind#lich auch
850 4025 1756 4084 hier keine stärker hervortretenden Persönlichkeits¬
846 4075 1762 4129 momente zu spüren, keineswegs; es wimmelt
847 4118 1753 4179 vielmehr förmlich von Reminiszenzen aus der
838 4157 1756 4210 wagnerischen und nachwagnerischen Musikwelt.
1753 3503 1806 3565 1
1777 3442 1831 3494 v
1911 158 2347 254 box 28/1
1751 2359 2671 2452 anzulegen, wie bei dem angenommenen Film¬
1757 2442 2669 2503 pathos. Die Zuhörerschaft folgte indessen willig
1747 2473 2661 2553 den grausenmachenden Bühnenvorgängen und
1755 2513 2660 2585 den äußerst geschickt sich ihnen anschmiegenden
1765 2563 2661 2631 musikalischen Versinnbildlichungen. Wird sich
1751 2599 2673 2669 dieses Genre des durch Orchesterbeimischungen
1748 2637 2680 2715 veredelten Balletts, bei dem es auf Tonkunste
1751 2685 2681 2760 nicht eben viel anzukommen scheint, auf die Dauer
1760 2721 2677 2810 einbürgern können? Die Darstellung der Panto¬
1761 2777 2675 2853 mime war im ganzen und großen recht gelungen.
1763 2819 2678 2899 Für das kleine musikalische Genrebildchen „Tante
1775 2864 2683 2937 Simona“ erwies sich jedoch das Riesenhaus in
1775 2906 2677 2982 Charlottenburg als völlig ungeeignet. Derlei
1778 2956 2679 3023 Sächelchen müßten in einem entsprechend zier¬
1780 3003 2404 3073 lichen Raume vorgeführt werden.
1804 3024 2649 3130 Berlin, 10. April 1913. Eusebius.
