3392 4352
678 209 753 277 S
2013 218 2448 310 box 27/5
260 215 1840 318 23. Der Schiefer der pierrette
164 980 684 1107 HUSTERMANN
167 1083 793 1171 RICHTEN-BUREAU
173 1154 634 1231 UNGE-STRASSE 25/27.
165 1259 705 1349 dener Anzeiger
152 1375 317 1449 den
179 1428 476 1523 X 4. JAK S
876 1621 3218 1656 lhat Dohnänvi nicht jeden Schritt gezeichnet, aber überall.Preuy bei uns importiert wurden, Konkurrenz machen
153 1543 747 1703 und Wisnschaft
857 1649 3232 1739 wo es galt, Gefühlsmäßiges zu untermalen, Seelisches zu wollen. Was erleben wir? Ein Mädchen läuft am Hoch¬
155 1683 900 1745 Oppknhaus. Uraufführung: Der
894 1699 3231 1772 offenbaren, erreicht seine Musik den gewollten Effekt. Imszeitsabend dem Bräutigam davon. Wir treffen sie in der
171 1735 907 1785 prette. Pantomime in drei Bildern
891 1743 3222 1778 großen und ganzen stützt er sich auf den Wagner des Nibe= Wohnung des Geliebten, dem sie Gift bringt, damit sie beide
171 1767 895 1816 Musik von Ernst v. Dohnänni.
901 1777 3217 1852 lungenringes und des Tristan. Doch ist die Abhängigkeit sterben können. Doch nur er trinkt den Todestrank, sie
160 1790 896 1869 hlen hat uns die Aufführung dieses
888 1816 3230 1901 nicht sklavisch, sondern mehr eine feste Grundlage zu eigenem schandert noch im letzten Augenblick zurück. Der Geliebte
175 1846 902 1900 Freude, ein musikalisch werlvolles
890 1854 3220 1931 Bau. Selbständig gibt er sich in einigen Tänzen, die als fällt tot hin, sie läuft wieder zur Hochzeit, läßt aber den
165 1878 898 1935 , gesellte sich die Abneigung vor den
901 1891 2047 1941 Umrahmung der schauerlichen Handlung anzusehen sind.
2040 1904 3225 1970 Schleier bei dem Toten zurück. Bei der Hochzeit erscheint
159 1928 895 1970 zu. Die Frage, was überwiegt, wird
898 1932 2048 1987 Der Zwischenakts=Walzer vor dem zweiten Bild ist ein
2040 1940 3224 2001 ihr der Tote. Um den Schleier wieder zu haben, muß sie
153 1946 901 2012 Stückes entscheiden können. Es muf
886 1970 2029 2023 Stück voll außergewöhnlicher Lebenslust und weist präch¬
2044 1985 3219 2043 ihm folgen. Der Bräutigam heftet sich an ihre Fersen. Sie
154 1977 896 2054 fik so viel Kraft hat, um die Herrschaft
888 2005 2038 2068 tige Erfindung und vorzügliche Arbeit auf. Er hat alle
2034 2020 3207 2090 kommen in die Wohnung des Toten. Dort schleppt der
152 2042 894 2099 ringen. Wir haben ja an der Opern¬
884 2042 2039 2100 Anwartschaft darauf, in populären Konzerten eine Rolle
2032 2053 3214 2128 Bräutigam den Leichnam in die Sofaecke, zwingt die Braut,
171 2078 2030 2143 für unser Gefühl schrecklichen Vor=szu spielen. Weniger erfindungsreich ist ein Menuett im
2044 2097 3223 2165 dem Toten gegenüberzusitzen und ihm zuzutrinken und
148 2092 2027 2181 Wir sahen die Qualen einer Frau, die zweiten Bild. Am meisten von aller Musik fallen die Töne
2038 2134 3219 2198 schließt sie mit der Leiche zusammen im Zimmer ein. Das
165 2142 887 2206 lebenden Mannes zu graben ge¬
880 2165 2030 2225 zu den grausigen Vorgängen auf. Die schauerliche Höllen¬
2038 2177 3205 2241 arme Weib wird darob wahnsinnig und in schrecklichem
143 2181 880 2246 Eten Geständnisse von einer Frau da¬
886 2204 2032 2264 musik Isie ist als Schnellpolka bezeichnet) im zweiten Bild,
2039 2211 3215 2259 Tanze bricht sie vor der Leiche zusammen. Die Vorgänge
158 2228 880 2285 an sie die Schmerzensschreie ihres ge¬
877 2244 2027 2289 die scheinbar die Musiker auf der Bühne mit ihren zer¬
2040 2251 3210 2326 sind nur auf brutalen Effekt hin aufgebaut. Alles, was zu
154 2266 890 2322 krnehmen ließ, wir sahen die Salome
878 2276 2025 2343 trümmerten Instrumenten spielen und die meisterliche Be¬
2040 2292 3216 2355 begreifen, zu entschuldigen, zu verzeihen wäre, fehlt. Daß
153 2309 896 2364 hnes küssen — aber überall hat uns
888 2317 2040 2362 herrschung neuzeitlicher Chromatik verrät, geht an Wir¬
2034 2328 3216 2407 die Hauptpersonen Harlekinsgewand tragen, macht die
158 2346 883 2403 flichen Roheit der Vorgänge abgelenkt
890 2356 2037 2416 kungsfähigkeit weit über alle Höllen= und Gespenstertöne,
2043 2367 3213 2432 Sache schlimmer, statt sie zu mildern. Denn nun heben sie
160 2387 887 2447 hder Kunst spüren lassen. Beethoven,
878 2393 2024 2452 die nach Berlioz geschrieben wurden. Und was an¬
2038 2406 3211 2478 sich von den anderen, die im Alt=Wiener Kostüm kommen,
194 2422 886 2471 sind nun größere Talente als
889 2429 2032 2487 zuerkennen ist: nicht der Instrumentator, sondern der
2038 2446 3214 2522 als besondere Typen ab und alles, was sie tun, wirkt ver¬
145 2449 881 2519 ohne Kunst, das heißt ganz ohne jede
880 2474 2027 2529 Musiker hat die Farbe dazu geliefert. Wenn bei diesem
2031 2491 3204 2546 größert, vergröbernd. Ein Fehler in der Anlage der
148 2501 873 2565 rauenhaften Stoff sind wir auch dies¬
877 2511 2020 2566 Tanz der Geist des Pierrot erscheint und zu der wirren
2029 2520 3216 2601 Pantomime ist, daß, wer das Textbuch nicht vorher gelesen
142 2531 840 2597 rden. Das spricht für Dohnänyi. —
872 2546 2021 2605 Hast des Zweiviertel=Rhythmus das schwer dröhnende, einst
2025 2556 3213 2626 hat. am Anfang nicht weiß, um was es sich handelt, weil die
143 2568 882 2635 mimen der Jetztzeit bekannt wurde,
882 2585 2022 2642 wehmutsvolle, jetzt wuchtige Motiv des toten Liebhabers
2035 2600 3211 2672 Hauptperson nicht auf der Bühne ist. — Die Darstellung
196 2609 879 2672 In Dresden haben wir als Kom¬
876 2629 2028 2692 kontrapunktiert ist, so werden wir im Tiefsten erschüttert.
2033 2637 3205 2716 dieser Hauptperson (Pierrette) zeigte die große mimische
196 2657 873 2706 nur Wormser und Adolf David
875 2662 2025 2729 Das zweite Bild bedeutet den musitalischen Höhepunkt.
2028 2678 3195 2744 Veranlagung Irma Tervanis von neuem.. Die Eralta¬
180 2683 875 2755 den Werken dieser Komponisten
875 2703 2022 2769 Eine Steigerung weist das dritte Bild nicht auf. Im Gegen¬
2026 2717 3202 2786 tion der Rolle löste ein reiches Gebärdenspiel aus. Vielleicht
141 2732 875 2785 r der Pierrette weit ab. Dort haben
871 2738 2024 2802 teil. Der Tanz der wahnsinnig gewordenen Pierrette vor
2020 2757 3198 2829 zuviel; zumal beim Angenrollen. Jede Weichheit war ver¬
142 2770 879 2826 ie Tragik. Dort tändelt die Musik
877 2783 2027 2849 der Leiche des Geliebten ist zu lang und schwächt die künst¬
2025 2786 3201 2848 schwunden. Sympathie mit dieser Frau zu haben, war un¬
140 2809 879 2871 t nur an den Gefühlen, unterstreicht
870 2820 2026 2885 lerische Empfänglichkeit ab, sodaß das Stoffliche allzu sehr
2016 2831 3192 2901 möglich. Sehr viel Temperament sprach aus der Leistung
142 2847 878 2904 ehr stark, ist also im wesentlichen An¬
871 2859 2014 2922 hervortritt. Und da dies der künstlerischen Durchdringung
2022 2878 3212 2931 und ungeheure Willensanspannung. Neben ihr kommen
140 2888 876 2934 erhalten wir eine Art von Musik¬
871 2902 2026 2966 entbehrt, so bleibt der qualvolle Eindruck des Schlusses.
2021 2909 3200 2980 nur noch zwei Rollen in Betracht, die mit Herrn Soot
144 2924 878 2984 nd während uns dort die Worte nicht
874 2938 1988 2998 Eine Kürzung des Tanzes könnte Milderung schaffen. —
2015 2948 3206 3020 (Pierrot) und Trede (Arlekino) gut besetzt waren. Beide
141 2961 877 3023 ie hier. Ich habe im Vorbericht schon
872 2971 2013 3043 Die Handlung selbst ist aus dem Schauspiel Der Schleier
2018 2985 3185 3054 hielten Maß in der Bewegung, boten aber nichtsdesto¬
142 2985 867 3060 ß Der Schleier der Pierrette in erster
864 3015 2017 3075 der Beatriee gewonnen, jedoch mit Zutaten versehen
2026 3019 3189 3099 weniger tiefe Eindrücke. Schuch brachte mit seinem
183 3043 870 3098 zu werten ist. Ich glaube, wir
864 3055 2017 3108 worden, die das menschlich Begreifliche des ehemaligen
2021 3068 3188 3132 eigenen Temperament auch das der Musik zur vollen Gel¬
180 3086 875 3147 als Opernkomponisten Hoffnung
862 3085 2009 3147 Vorganges völlig aufheben. „Der starb um dich? Und den
2020 3102 3198 3180 tung. Bühne und Kostüme waren auf zarten Farbenklang
169 3122 2013 3188 dazu mit. Er hat großen musita=verrietest du? Und mich um ihn? Und wied'rum ihn um
2013 3138 3204 3214 gestimmt. Nur ein etwas greller Treppenteppich in der
145 3155 876 3221 sseine Töne gut zu formen, beherrscht
868 3168 2023 3230 mich? Was bist du für ein Wesen, Beatrice?“ heißt es im
2013 3177 3198 3271 Dekoration des zweiten Bildes störte. Engen Thari.
141 3199 868 3248 drucksmittel und hat Blick für die
2661 3213 2773 3275 4 1
871 3207 2038 3281 Schauspiel. Alles Seelische, das diese Worte andeuten, ists
140 3231 870 3291 ische Bühnentalent, das so manchem
867 3245 2031 3308 ausgelöscht. Es scheint beinahe, als hätte Schnitzler, als er
132 3262 2037 3352 KKomponisten abgeht, tritt in der vor= vor sechs Jahren die Pantomime entwarf, den sensationellen
151 3311 2022 3376 im allgemeinen glücklich hervor. Zwar Nervenstücken, die vor ungefähr acht Jahren aus Nrauk¬
