3344 4320
521 194 590 283 4
660 211 1416 311 Fritz Rotha
538 281 571 311 2
701 296 1377 358 Rezitation eigener Schöpfungen
505 401 549 469 8
691 389 1361 497 Eiin Jauer
533 449 601 511 2
762 479 1310 553 die pikante Chansionière
583 585 1494 689 Richard Bellack
504 643 565 686 2
761 679 1310 745 der Ur -Charlottenburger
697 736 1367 811 Lotte Reineken
810 799 1258 852 vom Thalia-Theater
754 844 1304 920 Ernst Meiners
504 914 568 953 5
604 916 1462 1001 Tilly und Hans Bernhard
777 982 1286 1044 Gesangs- und Tanz-Duo
586 1059 1476 1126 Nach dem Kabarett GESELLIGKEIT
515 1103 550 1135 225
503 1123 535 1149 2
511 1116 1563 1181 Silliliittunniuleunnmminumnminnnnummminenmunmnmmmnmnmmmmme
439 1258 1640 1337 schon so matt, daß Wirkungen nur von wirklichen Größen
436 1326 1642 1392 zu erzielen gewesen. Die aber sind leider nicht da.
425 1384 1647 1450 Dafür macht sich eine Mitelmäßigkeit breit, die meist
438 1436 1634 1511 dann, wenn sie tragische Effekte zu erzielen wünscht,
438 1489 1633 1571 grotesk, oder noch schlimmer, lächerlich wirkt. Erst ganz
435 1551 1638 1619 zuletzt, wenn die Primadonna der Truppe allein die
425 1611 1652 1667 Bühne beherrscht, merkt man gelegentlich menschliches
430 1668 1232 1734 Erleben und menschliche Gestaltung.
544 1719 1638 1795 Es ist die alte Geschichte vom Pierrot, den seine
439 1771 1648 1861 Pierrette verläßt, um dem Herlekin zu folgen. An
428 1844 1652 1919 ihrem Hochzeitstage muß sie noch einmal zu ihrem
426 1895 1643 1947 Pierrot, den sie noch immer liebt. Ihr Zusammensein
431 1974 1639 2028 erweckt in beiden den Wunsch, gemeinsam zu sterben.
430 2016 1631 2069 Pierrot vergiftet sich, Pierrette aber ist zu feige und ent¬
438 2079 1640 2134 flieht, ihr Brautschleier aber bleibt in den Händen des
434 2132 1637 2210 toten Pierrot. Pierrette stürzt zurück, wo die Hochzeits¬
444 2202 1651 2256 gesellschaft und Harlekin ungeduldig ihrer warten Sie
439 2241 1643 2313 iritt ein, aber Harlekin sieht das Fehlen ihres Schleiers.
436 2317 1652 2375 Er tanzt mit ihr einen wilden verzweifelten Tanz. Doch
446 2358 1639 2440 Pierrot grinst ihr überall entgegen. Sie eil! hinweg.
449 2418 817 2490 Zu seiner Leiche.
547 2477 1650 2560 Dort findet sie Harlekin. Ihr Betrug wird jetzt
446 2527 655 2615 offenbar.
509 2585 1641 2659 Und jetzt könnte das Dramolet grausig und höllisch
443 2645 1655 2725 groß werden. Harlekin zwingt seine Braut, die in
487 2771 1595 2851 Kaffee Wilhelmplatz
492 2850 847 2898 Spreestrasse 10
1092 2853 1592 2898 am Untergrundbahnhof
495 2883 1590 2916 Ammmimimmmmmmmmmimimmmimmmmmmmr
732 2927 1353 2966 Täglich auserwähltes
733 2960 1342 3016 KABARETT • PROGRAMM
472 2997 997 3054 Beginn Sonntags 6 Uhr
1182 3002 1584 3056 Wochentags 8 Uhr
437 3102 1646 3179 wilder Angst vergeht, den toten Pierrot zu kosen und
435 3169 1638 3247 vor ihm zu tanzen. Mit einem Fluche läßt er sie allein
445 3226 1640 3290 mit dem Geliebten, um den der Tod geistert. Schatten,
433 3285 1636 3343 Visionen werfen sich auf das gejagte Weib, dem der Tod
437 3346 1635 3410 im Nacken sitzt und daß ihn doch auch jetzt noch haßt.
442 3392 1642 3474 Mühsam taumelnd, halb irr, halb tot, rafft es sich auf
446 3461 1638 3523 und tanzt zu Walzerklängen, die ihm von nebenan
434 3521 1640 3589 Leben, tröstend und nah verheißen, bis es zusammen¬
446 3572 594 3645 bricht.
536 3637 1640 3699 Um dieser einen Szene willen hat man vielleicht
443 3691 1640 3763 das ganze Werkchen gegeben. Dann aber hätte man die
448 3745 1639 3808 ganze breit ausladende Exposition zusammendrängen,
446 3807 1640 3866 zusammenpressen sollen, anstatt sie noch gedehnter und
437 3865 1636 3931 unmöglicher zu gestalten, als der Dichter. So war auch
431 3924 1635 3988 das letzte matt und schal wie Pierrot, Harlekin
427 3972 786 4056 und Pierrette.
1472 3971 1624 4055 „St.
1946 714 2613 828 B.z Au Mittag Berlin
2312 1020 2703 1114 2 S SEP127
2701 1050 2787 1167 1
2038 1192 2922 1306 der Schleier der Piereite
2036 1304 2920 1378 Schnitzlers Pantomime in den Kammer¬
2371 1357 2568 1420 spielen.
2087 1395 2900 1504 Digser Pantomimische Ableger des Schnitz¬
2034 1477 2908 1533 lerschen Dramas „Der Schleier der Beatrice“ ist
2032 1523 2908 1590 eigentlich nuy jeisch angetüncht worden. Man
2043 1564 2898 1639 sah ihn vor ekwa zehn Jahren im Deutschen
2033 1609 2934 1686 Opernhaus; die Galafrés tanzte zur Musik
2029 1650 2899 1730 Ernst v. Dohnänyis. Das geschah zur
2033 1703 2915 1777 Ergötzung des Mittelstandes. Heute, in völlig
2034 1746 2907 1812 gewandelten Zeiten, faßt die russische Klein¬
2029 1796 2910 1858 kunstbühne „Kikimora“ diesen „Schleier“, zer¬
2028 1834 2900 1906 zieht ihn in drei Akte, also, daß der Faden der
2021 1886 2905 1952 nicht gerade phantasiereichen Pantomime ganz
2025 1920 2897 1992 dünn wird. Um so reichlicher wird getanzt.
2023 1970 2901 2046 Diesmal ist es ein mondänes Vergnügen; soll es
2016 2012 2342 2074 mindestens sein.
2061 2037 2884 2126 Die Pierrette, die, als eines anderen, des
2003 2111 2887 2174 Harlekins Braut, vor Pierrot erscheint; ihn den
2018 2144 2891 2215 Giftbecher leeren läßt, ohne ihm selbst ins Jen¬
2007 2195 2888 2250 seits zu folgen; endlich im Bann Pierrots
2013 2242 2885 2301 von Harlekins Seite zu ihrem toten Geliebten
2007 2280 2888 2343 entweicht und, mit ihm eingesperrt, stirbt: diese
2001 2325 2886 2383 tragische Pierrette ist Sofia Fedorowa II. Ich
2006 2364 2884 2430 kenne Nr. 1 nicht; sie wird aber jedenfalls
1995 2403 2892 2464 besser sein. Diese hier schleudert ihre Glied¬
1997 2459 2885 2520 maßen höchst theatralisch von sich, um Tragik zu
2006 2506 2892 2549 mimen, und auch wo sie sanfter ist, fehlt ihr all
2003 2545 2884 2612 das, was an den großen russischen Tänzerinnen
1992 2589 2877 2653 anziehend und hinreißend ist: tänzerische Anmut,
1983 2622 2879 2697 der Ausdruck wie von selbst entströmt. Schade.
1993 2675 2875 2740 daß ihr Pierrot so früh dahinging! Das war
1999 2726 2886 2782 Dr. Sam. Vermeil, auch künstlerischer Ober¬
1995 2764 2879 2828 leiter, schlank, sehnsuchtsvoll, anmutig, ein
1990 2801 2871 2874 Künstler und ein Tänzer. Aber eigentlich mußte
1996 2850 2872 2914 der hand= und fußfeste Harlekin Tschabrows
1993 2895 2877 2964 mehr nach dem Geschmack dieser Pierrette sein.
2051 2936 2880 2989 Zu solcher Mimotragik ertönte wiederum
1989 2982 2873 3037 Dohnanyis Musik, ein an sich wohlklingendes
1988 3024 2869 3089 Erzeugnis der Wagnerschwärmerei ohne Erbar¬
1988 3072 2861 3132 men, die von dem Orchester unter Heinrich
1986 3111 2875 3173 Forter in einen Jargon von zweifelhaftem
1986 3169 2871 3216 Klang übertragen wurde. Gelangt man aus der
1984 3209 2872 3253 tragikomischen Walkürenlandschaft in den Salon,
1984 3241 2861 3292 dann wird auch Dohnanyi mit seinem angebore¬
1981 3291 2859 3348 nen Gefühl für wechselnde Rhytmik ansprechend.
1979 3333 2872 3395 Und in solcher halben Stunde, also während des
1975 3383 2865 3423 ganzen zweiten Aktes, gab es ein Zusammenklin¬
1974 3424 2860 3469 gen hell bestrahlter, geschmackvoller Buntheit,
1970 3470 2865 3521 hübschen Ensembletanzes und der Musik, von der
1976 3509 2863 3576 aller Firniß abgefallen war. Ein Menuett war
1978 3550 2569 3604 ihr und des Tanzes Höhepunkt.
2042 3585 2867 3659 Im Dekorativen, für das Natalia Gontscha
1970 3633 2866 3701 Wera verwunderlich zeichnet, liegt sonst der
1976 3682 2861 3728 Hauptreiz einer im wesentlichen reit- und aus¬
1969 3721 2848 3783 druckslosen Aufführung. Wahrhaft tanzendes
1962 3769 2553 3823 Rußland. Pawlowa, erscheine!
2647 3768 2828 3821 A. W.
