3392 4320
254 131 423 219 23.
1987 133 2410 226 box 28/1
429 138 1824 231 Der-Schleiender-Pierratte
1454 914 1966 995 Max Goldschmiet
1386 967 1967 1055 D für Zeitungsausschnitte
1696 1008 2134 1084 Teleion: Norden 3051
1434 1145 2049 1260 Thamburger Nachrichten,
1549 1318 2015 1416 —4. 6. Juli 1965
1413 1403 2168 1511 Moskauer Kammertheater.
1276 1496 2234 1565 Arthur Schnitzler: „Der Schleier der Pierrette.“
1345 1550 2243 1632 Je weiter das Gastspiel des Moskauer
1281 1612 2235 1683 Kammertheaters fortschreitet, um so westlicher
1277 1661 2237 1733 werden seine Allüiren. Das soll kein Tadel sein.
1273 1708 2236 1773 Bei Leibe nicht! Im Allgemeinen pflegt ja in
1280 1751 2230 1815 der theatralischen Kunst die Sprache als Flagge
1271 1802 2230 1859 zu dienen, um die Ware zu decken, aber um das
1274 1840 2234 1904 innere Wesen der Darbietungen des Kammer¬
1275 1885 2220 1933 theaters richtig einzuschätzen, ist eine Frage nach
1263 1919 2227 1981 der Herkunft der Mitwirkenden doch vielleicht
1278 1973 2234 2027 nicht fehl am Ort. Wie viele oder wie wenige
1272 2008 2238 2086 aus dieser wackeren Künstlerschar sind wohl echt
1273 2061 2224 2118 russische Leute? Ein gewisser Zug künstlerischer
1260 2110 2228 2166 Internationalität ist unverkennbar, und die
1272 2142 2226 2207 charakteristischen Züge des russischen Stammes¬
1263 2195 2228 2252 charakters, die ja jetzt so vielfach in künstlerische
1268 2232 2221 2295 Kleinmünze umgesetzt werden, sucht man hier
1263 2282 2224 2331 vergebens. Gestern glaubte man tatsächlich in
1266 2321 2228 2382 Wien zu sein, und zwar in Alt=Wien, in dessen
1259 2356 2227 2426 Behaglichkeit Rokoko und Biedermeier noch einen
1253 2411 2210 2457 etwas verlängerten Abschiod voneinander neh¬
1261 2458 2212 2513 men und wo Mozart dem jungen Schubert den
1259 2499 2223 2554 Tacktstock in die Hand gedrückt zu haben scheint.
1264 2542 2216 2590 Der Eindruck war so echt, daß man ganz ver¬
1255 2584 2219 2649 gaß, daß hinter dem Stephansturm ja schon die
1256 2629 2217 2690 Türme von Paris aufzudämmern schienen und
1253 2666 2210 2748 der Montmartre alles überschattete. Sacré Coeur!
1321 2725 2205 2798 Die Schicksale von Pierrot und Pierrette,
1256 2783 2212 2837 nicht zu vergessen den Harlekin, sind ja bekannt
1252 2824 2213 2885 genug, und diese Tragödie in der Puppenwelt
1257 2870 2214 2911 wird auch von Arthur Schnitzler nur we¬
1251 2911 2212 2976 nig abgewandelt. Der Schleier der Pierrette ist
1239 2959 2205 3008 ist zugleich ihr Brautschleier, und dies Requisit
1255 3003 2209 3061 allein genügt schon um die Tragödie in den Be¬
1248 3044 2219 3091 reich der Geste und der Arabeske hinüberzu¬
1258 3081 2200 3142 spielen. Ich muß gestehen: in der Pantomime
1245 3120 2215 3210 haben mir diose Gäste aus Rußland den aller¬
1256 3176 2203 3221 stärksten Eindruck gemacht, sowohl was das Ein¬
1252 3218 2206 3276 zelspiel wie das Ensemble anbetrifft. Zwei Akte
1242 3269 2196 3323 spielen auf der Bude des Pierrot, dessen Zimmer
1239 3311 2200 3344 eine entfernte Verwandtschaft mit Anatols ele¬
1242 3355 2193 3413 gantem Junggesellenheim nicht ganz verleugnen
1240 3395 2196 3454 kann; im mittleren aber ist Hochzeit, und hier
1237 3440 2200 3503 entfaltet die Tanzkunst im Biedermeierkostüm
1236 3480 2194 3543 wiederum echt=ienerische Reize. Das ganze er¬
1245 3521 2199 3567 scheint — mit sehr einfachen Mitteln ist das er¬
1245 3569 2204 3647 reicht — wie die zum Leben erwachten Por¬
1237 3612 1955 3675 zellanfiguren einer Glasvitrine.
1998 3613 2193 3671 Pierrot,
1240 3639 2226 3730 Pierrette und Harlekin bestreiten die eigentliche
