3392 4352
1973 152 2417 260 box 28/1
243 170 1826 270 23. Der Schleiender Pierrette
2798 1175 3130 1273 Ertappen wir
141 1178 2780 1261 ichtiger eine gruselige. Die Argwohn Arlechino geforscht, Pierrette muß sich ihn  immer ein klein wenig herabzieht. ...
132 1248 787 1312 en Poeten beliebt; sie ist das
790 1254 3120 1310 zurückholen. Wie gebannt folgt sie der Erscheinung, uns übrigens nicht wiederholt im „Schleier der Pierrette“
141 1286 796 1373 hterkreisen trägt. Ein Flirt mit
784 1298 3129 1365 Arlechino an der Seite. Das dritte Bild zeigt beide in bei der Erwartung, Pierrot sei gar nicht tot, spiele nur
159 1328 793 1411 ) der Dichter, der das Wort
1951 1361 3139 1413 zum Spaß den Toten? Die Pantomime mit aus der
781 1343 1965 1414 der Behausung des Toten. Arlechino faßt die Leiche,
143 1383 780 1459 ben brauchte. Das von einer
1948 1394 3139 1469 Commedia dell' arte geholten Typen, mit ihrer Ge¬
775 1408 1951 1471 trägt sie auf den Diwan, „in die vordere Ecke“. Zwingt
160 1444 785 1504 Wort Schnitzlers — wie gut
1949 1440 3140 1512 bärdensprache, die zur übertreibenden Verdeutlichung neigt,
788 1447 1960 1522 „mit teuflischem Lächeln" Pierrette an den Tisch, tafelt
134 1475 779 1566 per! Weniger eifrig würden wir
1948 1491 3146 1551 begünstigt das Komische vor dem Tragischen. Auf dem
786 1481 1954 1567 mit ihr, wird zärtlich. Der Tote lehnt auf seinem Diwan,
167 1541 782 1608 der Pantomime abspenstig
1943 1530 3146 1597 Gebiete eier Empfindungen berühren die einfachen,
775 1548 1966 1603 in der vorderen Ecke. Für Zweifler sei nochmals be¬
145 1571 778 1652 hrt sich allerdings der „Schleier
1960 1593 3133 1656 rührenden weit wahrhaftiger im pantomimischen
792 1591 971 1655 kräftigt,
965 1591 1955 1662 daß diese Szene wirklich von Artur Schnitzler
138 1633 771 1692 nig mit Schnitzlers Dramatik,
1953 1632 3141 1706 Ausdruck, als hochgespannte Affekte, die die Gefahr der
791 1640 1963 1698 herrührt. Dann entfernt sich der angenehme Arlechino
135 1678 776 1753 hhrher. Der Schleier der Pierrette
1955 1685 2365 1763 Verzerrung laufen.
789 1697 1962 1749 und läßt Pierrette in versperrtem Zimmer mit dem
137 1730 781 1799 trice, flatterte nun aus dem
787 1729 1967 1811 Leichnam allein. Das Entsetzen macht sie wahnsinnig
2020 1731 3141 1831 Der Musiker wäre der letzte, den grelle Affekte und
155 1772 777 1853 ins Operntheater. Allerdings
783 1786 1959 1838 und im Wahnsinn beginnt sie zu tanzen, wie die
1951 1798 3142 1873 Kontraste schrecken würden. Einen Neuling auf drama¬
138 1832 775 1880 nur den Schleier und eine
784 1833 1953 1908 Heldinnen der Koloratur zu trillern pflegen. Tanzt, bis
1956 1849 3129 1920 tischem Gebiete, wie Ernst v. Dohnanyi, mochten sie
138 1865 771 1947 me ab: die Geliebte stiehlt sich
790 1877 1126 1959 sie tot hinfällt,
1951 1892 3139 1976 geradezu locken. Diese Pantomime ist sein erster, durch die
647 1919 786 1985 den
235 1918 670 1997 Liebhaber. Auf
851 1900 1953 2006 Elektras Leichentanz hat seine Vorgeschichte, krönt
1955 1949 3143 2013 Fußangeln dramatischen Gesanges nicht gefährdeter
133 1955 778 2042 tuation, ein Anatol=Abenteuer.
788 1975 1953 2031 gleichsam nur das Phänomen der Hysterie. Pierrette
1949 2000 3125 2059 Bühnenschritt. Dohnanyi braucht in Wien, das den Klavier¬
138 2021 775 2092 ahren, daß diese Situation
776 2020 1956 2092 jedoch, mit keinerlei dramatisch vorbereitenden oder er¬
1953 2034 3133 2112 spieler verhätschelt, nicht vorgestellt zu werden. Die wachsende
134 2057 775 2135 das Drama „Der Schleier der
787 2068 1949 2128 klärenden Charaktermerkmalen beschwert, ist nichts als
1948 2113 3132 2174 Kühle gegen sein Instrument hat er mit d'Albert
134 2108 775 2183 tatsächlich als heitere, vollends
779 2117 1955 2184 Pierrette. Allenfalls noch Wiener Hausherrnstochter, soweit
1954 2146 3130 2217 gemein; der ehrgeizig aufstrebende Komponist in ihm
128 2162 776 2233 acht war. So daß der Dichter
774 2163 1958 2230 ihr bürgerliches Nationale in Betracht kommt. Sie sind
1950 2185 3134 2251 ringt gleichsam den begabten Pianisten nieder. d'Albert
142 2207 775 2282 Dramas schließlich zu seiner
783 2218 1948 2274 nämlich alle aus Wien, Pierrette wie Pierrot und
1956 2246 3140 2312 hatte vielleicht noch mehr zu verlieren als Dohnanyi, hat
140 2248 777 2341 wäre, auf die nun das Drama,
783 2266 1960 2315 Arlechino, zudem aus Altwien, dem sonst mit allem
1959 2295 3139 2355 aber auch bereits — ein starker Theatererfolg wie „Tief¬
134 2305 262 2373 bte.
780 2310 1953 2366 üblichen Inventar der Gemütlichkeit ausgestatteten Milieu
1948 2344 3139 2400 land“ zählt — Erheblicheres eingetauscht. Dohnanyi be¬
780 2366 1960 2425 dieser ungemütlichen Geschehnisse. Artur Schnitzler, der
135 2341 782 2442 sich folgendermaßen: Pierrot
1955 2388 3128 2448 baute bislang das Feld der Konzertmusik, wobei er von
779 2404 1952 2471 feine Poet des Sterbens, spielt grausam mit dem Tode
153 2417 786 2483 der ungetreuen Pierrette nach.
1946 2428 3127 2516 Brahms ausging, um das in dessen Schule Erworbene
771 2455 1951 2509 in dieser Pantomime. Er hat uns verwöhnt; gerade durch
140 2457 773 2543 bst, in Myrtenkranz und Braut¬
1946 2481 3137 2565 als Ungar mit einigem nationalen und auch internatio¬
787 2495 1953 2558 die auffällig krasse Stofflichkeit der Handlung gestachelt,
153 2505 779 2581 im Gürtel, der vom un¬
1943 2527 3131 2597 nalen Esprit zu würzen. Wien hat das meiste zu hören
779 2546 1955 2610 forschen wir deren tieferen Absichten nach. Allein es hat
145 2554 775 2622 zu werden droht. Pierrot soll
1945 2575 3141 2646 bekommen; Kammermusik, Klavier= und Orchestersachen.
773 2594 1951 2663 den Anschein, daß man sich mit der jüngstens wiederholt
147 2610 780 2680 t das Gift; sie verliert den
1940 2631 3124 2711 Auch darin zeigt sich Dohnanyi d'Albert, der der Be¬
775 2656 1948 2708 hervortretenden Vorliebe des Dichters für das Seltsam¬
140 2646 773 2724 lselbstmordverträge, bei denen
1959 2680 3124 2743 gabtere und Wandlungsfähigere ist, verwandt, daß
776 2701 1945 2763 Abenteuerliche zu bescheiden hat. Die Gruselpantomime
141 2706 778 2778 blick zurücktritt. Von Entsetzen
1954 2713 3150 2802 Bildung und Geist stärker in ihm sind als Ursprünglich¬
776 2724 1964 2810 gehört zu den letzten Pariser Moden. Von ihren Wirkungen
163 2749 781 2817 der Nähe des Toten. Flieht
1945 2779 3129 2848 keit, Eigenart und Tiefe. In jungen Jahren schon fiel
776 2798 1949 2852 bestochen zu sein, darf man Schnitzler nicht zumuten.
152 2804 770 2877 wo der wütende Arlechino ihr
1939 2833 3149 2906 ihm die Zustimmung der guten Musiker in den Schoß,?
765 2829 1942 2908 Eher mag die spielerische Ironie des Dichters, der sich
159 2849 777 2920 Sie will nicht sagen, woher
1953 2892 3122 2940 er war die liebevoll gehegte Hoffnung, hat die Zünftigen
776 2886 1952 2965 sonst meisterlich in feinschmeckerischer Psychologie ergeht,
129 2888 774 2965 Mitten im Tanze — Erscheinung
1947 2923 3135 2998 nie herausgefordert, ihr Ohr nie beunruhigt. Vielleicht
897 2924 1947 3002 auch einmal an dem gewürzten Bühnen¬
783 2943 894 3006 sich
139 2939 776 3008 penst schenkt der Erschauernden
1941 2960 3133 3060 wäre ihm einige aufrührerische Neuerersucht, einige Be¬
766 2979 1947 3069 effekt als solchem habe vergnügen wollen. Zumal
141 2996 774 3073 hill, und es lockt mit dem Schleier,
138 3010 3154 3096 bhnung des Geliebten zurück= da er unwillkürlich mit der Mitwirkung des Musikers ziehung zur modernsten Nervenmusik gerade bei seiner.
138 3073 2674 3178 esem Schleier hat in rasendem rechnete, dieses Musikers, dessen Gesellschaft die Dichter! Pantomime zu statten gekommen.
2830 4084 2998 4165 —.—
