3392 4384
254 106 1814 199 23. Der Schleiender-Pierrette
557 419 960 525 Ausschnitt aus:
839 425 1477 547 termanne Moflatehefte, 1
555 554 702 615 vom:
1032 1759 1481 1814 Phot. Rembrandt, Charlottenburg.
636 1793 1473 1857 Szenenbild aus Schnitzlers „Schleier der Dierrette“
635 1843 1480 1894 im Deutschen Opernhause zu Charlottenburg (Einar
630 1860 1533 1952 Linden und Elsa Galafrés als Pierrot und Pierrette). b
473 2080 848 2154 aschhiet aus
602 2110 1527 2222 Westermanns Monatshefte, Branns
1236 2182 1541 2271 unschweig
461 2175 570 2248 m:
854 2732 899 2826 55
928 3664 1325 3721 Phot. Recker & Maaßz. Berlin.
472 3689 1335 3761 Tlse Galafrés als Pierrette in Arthur Schnitzlers
467 3741 1334 3804 Pantomime „Der Schleier der Pierrette" (Musik
479 3782 1336 3835 von Ernst von Dohnänyi). Nach der Aufführung
513 3823 1291 3892 im Deutschen Opernhause zu Tharlottenburg
480 3880 1137 3966 spielhauses stünde, wenn die Verr¬
1979 64 2398 159 box 28/1
2084 514 2559 639 rene Sie Weanne
1793 564 2728 748 Ausschmitiünsermnanne Moneenent
2163 682 2392 790 0n.1913
1803 779 1963 841 vom:
1814 878 1906 936 Feit
1928 853 2734 987 Fin Abend des Deuischen Opernhaufes in Char¬
1902 876 2746 1016 Esotenburg besam durch das vin Arione
1903 951 2741 1062 Schnitzler entworfene Szenarium zu einer Pan¬
1905 960 2766 1107 vornline einen halberanatischen Charat.“, deres
1906 1039 2761 1153 wal rechtfertigt, dast an bieser Stelte un0 midt
1910 1077 2772 1191 erst in der nächsten Musikalischen Rundschan
1918 1123 2769 1240 davon gesprochen wird. Dieser „Schleier der
1923 1167 2764 1283 Pierrette“ entpuppt sich bald als eine Bearbei¬
1916 1198 2770 1342 ung, genaner als eine printiv pantomtmische
1927 1252 2773 1377 abersenungder leren Schmtztertihn Nemassane
1856 1322 1922 1375 en
1926 1285 2784 1416 andie „der Schleier der Peatrie“. Sie hal
1860 1372 1931 1429 sei
1935 1342 2780 1453 etwas von dem wehen und rätselumhüllten Lebens¬
1869 1415 1931 1463 er
1932 1377 2793 1508 e, das senes Trama von 190 durchinge,.
1942 1421 2790 1552 uch in ihre Woristummheit herübergereltet, und
1871 1488 2817 1586 ##= Ernst von Dohnänyi hat eine Partitur dazu —
1873 1521 2799 1646 #r geschrieben, die nirgend den geborenen Musik=
1882 1564 2806 1683 is dramatiker und den meisterhaften Beherrscher des g
1962 1647 2414 1729 Orchesterstils verleugnet.
1993 1649 2812 1771 Pierot, der Maler, hat mit seiner Vierrener
1899 1723 1962 1786 th
1964 1687 2808 1815 gerechen, Aber sie tann in nicht vergesen.
1969 1731 2825 1856 an wrem Hochreislage sieht sie sch von derk
1969 1774 2823 1891 Seie Mtchtnes, ihres ungeliedten Gemahls, n1
1979 1823 2830 1949 vernteid zm Pieroi. Beide beschlichen, ger
1978 1879 2826 2000 msem aus dem Leben zn scheiden. aber vir
2104 1921 2884 2023 Watnenenenen nen Dinnmnnst
2022 2019 2867 2099 Pierrot findet den Mut, das Gift wirklich zu
2023 2085 2870 2143 trinken. Pierrette läßt den Becher in kraftloser
2018 2126 2875 2187 Todesfurcht zu Boden sinken, verliert dabei ihren
2024 2174 2861 2231 Schleier und flüchtet voller Schrecken zur Hoch¬
2023 2223 2866 2274 zeitsgesellschaft zurück. In sieberhaft ausgelasse¬
2024 2263 2869 2319 nem Tanze sucht sie ihr Gewissen zu betäuben
2015 2307 2870 2368 und den Argwohn des Gemahls zu zerstrei n.
2021 2344 2868 2410 Vergebens! Überall erscheint ihr die bleiche, ge¬
2022 2395 2865 2440 spenstische Gestalt Pierrots, und endlich fragt
2021 2444 2870 2489 Arlechino nach dem Schleier. Voll Angst und
2027 2481 2862 2535 Grauen muß sie mit ihm in die Wohnung des
2023 2528 2872 2596 Malers. Man findet den Schleier am Boden bei
2015 2574 2873 2643 dessen Leiche. Jetzt nimmt Arlechino grausige
2021 2615 2874 2663 Nache. Er lehnt den Toten, als lebte er noch,
2017 2671 2866 2717 in einen Stuhl und zwingt Pierrette, mit ihm
2020 2697 2878 2764 anzustoßen. Dann verläßt er das Zimmer und 1
2024 2738 2862 2793 schließt die Arme mit dem Toten zusammen ein.
2025 2780 2871 2853 Schrecken und Entsetzen fassen sie, und in ihrer
2020 2829 2871 2895 Verzweiflung weiß sie sich nicht anders zu trösten?
2022 2869 2875 2936 als durch Tanz, unaufhörlichen, wahnsinnigen“
2014 2910 2870 2989 Tanz, der immer wilder und wilder wird, bis
2016 2977 2867 3023 sie schließlich nehen der Leiche des Geliebten tot
2019 3019 2866 3078 zusammenbricht, das Antlitz mit dem verhängnis¬
2010 3058 2445 3122 vollen Schleier bedeckt.
2061 3079 2862 3167 Diese gruselige Geschichte könnte abgeschmackt
2013 3131 2865 3204 und roh wirken, wenn nicht durch ihre starken
2017 3194 2880 3261 romantischen und phantastischen Elemente über#
2016 3233 2884 3306 sie selbst ein Schleier gebreitet wäre. Dazu kommt ##
2023 3281 2876 3341 die phantasievolle Musik, die wohl gelegentlich *
2016 3321 2863 3379 unterstreicht, weit mehr aber noch streichelt, lin¬
2020 3372 2859 3424 dert und sänftigt. besonders dann, wenn das Cello
2021 3416 2852 3464 die Führung hat, um Liebesglück und Liebes¬
2017 3459 2879 3529 schmerz auszumalen. Elsa Galasrés' Spiel als#
2022 3504 2873 3565 Pierrette war merkbar geschulter und namentlich
2023 3543 2872 3599 auch mimisch durchgebildeter, als wir es sonst in
2011 3584 2868 3646 Pautomiumn gewöhnt sind. Nur ihre Tanzkunst
2015 3636 2865 3692 ließ es etwas an jener beseelten Grazie fehlen, die?
2014 3676 2853 3756 wir an andern Dienerinnen dieser Muse neuer¬
2019 3723 2802 3768 dings kennen und bewundern gelernt haben.
2096 3769 2653 3836 Lante imona“ Nie „
