3436 4384
1956 113 2370 204 box 28//1
213 114 1823 253 23. Der Schleiender Pierrette
2929 876 3212 960 Seite 6.
1275 921 1584 993 „Charivari“.
2630 1157 2876 1248 e.
1982 1158 2515 1259 Ieire
1633 1186 1787 1270 UI
207 1058 1385 1295 er Schleier
144 1301 3028 1412 mime in drei Bildern von Arthur Schnitzler. Musik von Ernst von Dohnänyi.
133 1405 3231 1550 Werk ist bei seiner Erstaufführung am 9. d. M. im Deutschen Opernhaus zu Charlottenburg, wie wir bereits
152 1388 3238 1626 Paten vei ven der Reit gingend ausgennmnen werden. Gon den graden eutschenischen Bicherhungen ragen
1145 1566 1803 1665 wir noch folgende nach:
2142 1669 3240 1731 „Berliner Neueste Nachrichten“. Schnitzler hat
872 1667 2061 1778 j und ihre dramatische Form läßt den bühnen¬
2063 1715 3233 1771 hier ein wirksames Szenarium entworfen. Mau
165 1702 812 1771 ie Musik Dohnänys ist e
890 1724 2056 1798 erfahrenen Dichter erkennen. Diese Pierrottragödie
2069 1730 3246 1807 fühlt die geschickte Hand des Dramatikers.
171 1751 894 1821 # mit blühender Phantasie
880 1764 2063 1839 könnte von E. T. A. Hoffm ann geschrieben sein, so dämonisch¬
2067 1778 3245 1845 Dohnänyi hat eine Partitur geschaffen, die überall den ge¬
164 1771 894 1862 sterhaft in jedem Zuge ge¬
900 1807 1822 1893 schauria, phantastisch und ergreifend tragisch ist sie.
2069 1817 3240 1897 borenen Musikdramatiker und einen meister¬
161 1827 888 1893 Gebärde natürlich, wie das bei der
964 1843 2062 1908 „Deutsche Montags-Zeitung“. Die Pantomime
2070 1861 3233 1931 haften Orchesterstil erkennen läßt. Wie
158 1874 897 1936 ie sich von selbst versteht, suggeriert sie
883 1882 2069 1967 zündete. Die Musik besticht durch ihre vor¬
2068 1895 3250 1957 Dohnänyi den Vorgängen auf der Bühne mit
155 1911 898 1969 jede Bewegung, jeden Ausdruck, jedes
890 1923 2072 2000 nehme, gewählte Melodik und durch dramatische
2069 1934 3244 2014 seiner Musik folgt, wie er illustriert, wie er
168 1945 888 2021 durchsichtige Gewebe der Instrumente
896 1975 2070 2030 Schlagfertigkeit. Ein distinguierter Walzer,
2055 1982 3245 2044 I mit den Blechbläsern droht und mit dem Cello
163 1991 894 2050 ndriß, dessen Linien die Darsteller nur
897 2005 2072 2078 der zum zweiten Bild überleitet, fiel an¬
2069 2020 3248 2091 von Liebesfreude erzählt, wie er leitmotivisch
149 2030 896 2089 Herständlich und überzeugend zum Publi¬
900 2042 2063 2115 genehm ins Ohr. Durchweg apart und in¬
2074 2061 3241 2125 entwickelt und prägnante, selbständige Motive
173 2061 901 2143 reizvollen Einfälle drängen
894 2076 2069 2149 strumental überaus (sauber gearbeitet, konnte
2070 2100 3252 2165 findet, alles das ist eigen und wirkungsvoll.
229 2104 903 2172 bisweilen zuckt ein Ge¬
902 2113 2077 2189 die Musik Dohnänyis auch verwöhntere Ohren
2068 2117 3246 2210 Und dann bringt die Partitur als Zwischenakts¬
154 2142 896 2216 an geradezu genial nennen
894 2164 2072 2234 befriedigen. Sie schließt sich den seineren Balletten der
2068 2171 3250 2252 musik einen Tanzwalzer, wie wir ihn lange
172 2193 904 2244 herumirrende Klarinette beim Wahn¬
899 2210 1756 2288 Gounod, Saint=Saens, Glazounow würdig an.
2065 2217 3251 2286 nicht gehört haben. Schwungvoll=Wienerisch, melodisch
157 2211 898 2302 Und dann kommen Melodien
972 2234 2077 2302 „Welt am Montag“. Diese Bühnenpartitur
2072 2266 3254 2324 und graziös. Nach dieser Probe wird man von Dohnänyi wohl
158 2248 901 2331 keinsten Geschmack eingegeben
903 2283 2074 2347 ist in Erfindung wie Arbeit und Instrumental¬
2069 2301 3247 2368 noch viel erwarten dürfen. Er hat das Talent dazu, uns eine
166 2306 902 2367 krnde Walzer im ersten Bild,
895 2317 2070 2381 kleid erste Nummer und wird dafür sorgen, daß der
170 2347 905 2409 sen der Oboe und Klarinette,
2073 2344 2995 2420 gute und brauchbare komische Opfer zu schreiben.
900 2358 2063 2424 Komponist von nun an nicht wieder aus dem Gesichts= oder viel¬
219 2384 901 2453 im zweiten und anderes
2152 2384 3250 2470 „Die Post“. Die Partitur enthält geistreiche
915 2395 2071 2466 mehr Gehörsfeld verschwindet. Man wird das auch librettistisch
171 2423 899 2492 sikalischen Feinschmecker ist
2066 2428 3244 2489 Züge, ein breit ausgesponnener melodiöser
899 2438 2070 2512 überaus packende Stück auf dem Repertoire behalten
170 2458 906 2539 [Leckerbissen, wie er ihn nicht
2081 2473 3255 2535 Walzer und ein ganz reizendes Menuett ver¬
907 2480 2074 2548 müssen, und dieser erste Theatertriumph wird den glücklichen
2072 2517 3143 2590 raten vor allem ein schöpferisches Talent.
919 2510 1899 2592 Tonautor auch zu trefflichen Opernschöpfungen anregen.
211 2520 904 2598 1 faszinierender Bühnen¬
1595 2540 2074 2618 ist erstaunlich, wie
2151 2556 3249 2622 „Der Reichsbote“. Arthur Schnitzler hat sein Stück zu
987 2557 1507 2623 „Freisinnige Zeitung“.
162 2578 900 2651 hur Schnitzlers Pantomime
915 2595 2070 2663 trefflich der Komponist die Vorgänge auf der
2072 2594 3258 2666 einer Pantomime umgestaltet und ohne Zweifel mit viel Ver¬
185 2627 908 2697 zieht alle Register mit ebensoviel Ge¬
906 2635 2077 2688 Bühne durch seine Musik charakterisiert. Fast
2087 2630 3253 2703 ständnis für die heutigen Zeitbebürfnisse ausgebaut. Die
169 2652 908 2726 ent. Seine Musik charakteri¬
911 2667 2085 2753 jedes Gefühl, jede Handlung findet im Orchester den adäquaten
2074 2673 3264 2749 szenische Wirkung war dementsprechend groß.
173 2697 908 2764 t, malt, präzisiert vortreff¬
911 2703 2085 2774 Ausdruck, das Leichte, Lustige ebenso wie das Finstere, Dämonische.
2085 2713 3264 2778 Dohnänni bewies sein musikalisches Können. Der Beifall war
180 2738 918 2800 [Innenarchitektur, wie in der
916 2735 2090 2816 Dohnänyi hat eine selbständige Art, die Motive zu ver¬
2086 2748 3253 2825 stark. Dohnänyi durfte mehrfach erscheinen; man wird seine
166 2781 908 2830 estaltung das eindrucksvolle
916 2785 2084 2854 werten und die Farben zu mischen. So hinterließ „Der Schleier
2080 2796 3101 2880 weitere musitalische Entwicklung mit Interesse verfolgen.
183 2815 918 2879 fenen Musikers. Der Walzer
909 2836 1743 2911 der Pierrette“ einen tiefen Eindruck.
2168 2832 3258 2915 „Coblenzer Zeilung“. Die Musik schmiegt sich auf das
187 2857 922 2933 s ist ein Prachtstück, er wird
992 2858 2086 2931 „Berliner Allgemeine Zeitung". Dohnänyi
2083 2884 3261 2957 allerintimste der Schnitzlerschen Dichtung an. Schnitzler hat die
908 2920 2075 2982 trifft dramatische Akzente mit guter Sicher¬
273 2916 920 3002 Was an dieser glitzernden
2086 2931 3257 2993 Pantomime, was vielleicht ein Unikum ist, zum Teil in Dialog¬
176 2925 296 3002 1“
905 2946 2087 3017 heit und steigert seine Musik ganz vortrefflich.
2093 2971 3260 3033 form geschrieben, und man kann sagen, daß Dohnänyi auch
191 2970 918 3029 Partitur fesselt, ist die ver¬
1719 2997 2079 3050 e Pantomime
983 2994 1726 3052 „Deutscher Reichsanzeiger“. Di
2094 3015 3264 3076 seinerseits den Dialog direkt aufnimmt. Man hört Pierrette
197 3014 913 3079 es Satzes, der erlesene Ge¬
918 3032 2085 3093 fand lebhafte und verdiente Anerkennung. Der
2096 3045 3251 3117 sprechen und den armen Pierrot, der aus Liebesgram sterben
184 3049 915 3117 ebildeten Musikers, der auf
923 3050 2090 3134 Stoff, der Heiteres und Grausiges, Tänzerisches und Schau¬
2085 3091 3267 3156 muß, und den von den Schauern wilder Eifersucht und blinder
184 3089 923 3151 Edie heterogensten Farben zu
919 3106 2086 3171 spielerisches geschickt vereinigt und die Handlung in großzügiger
2084 3127 3266 3216 Wut getriebenen Arlechino. Und so wundervoll rasch weiß
181 3130 920 3194 den Gemälde zu mischen ver¬
917 3142 2080 3207 I Weise nur auf einige Hauptmomente beschränkt, eignet sich be¬
195 3171 922 3230 e der entzückende Walzer im
2086 3175 3260 3230 Dohnänyi mit den Stimmungen zu wechseln, mit einem Schritt
919 3186 2090 3261 sonders gut für die pantomimische Darstellung. Der Komponist
2089 3207 3263 3271 von zartester Seligkeit in das Land wildester Leidenschaft hin¬
167 3207 918 3278 cher Polyphonie dahinströmende
920 3230 2087 3295 Dohr änyi arbeitet hier auch mit den rechten Mitteln; die Gegen¬
2082 3253 3265 3318 überzuführen. Den Höhepunkt dieser bemerkenswerten Kunst er¬
180 3251 922 3304 en Bild kann nur ein Meister
931 3261 2090 3336 sätze sind gut gegeneinander abgewogen, die Musik weist
2092 3290 3265 3353 klimmt er im zweiten Akt in der Zwiesprache zwischen Pierrot
186 3283 925 3354 iben, und um dieser seinen ästhetischen
927 3291 2087 3377 Farben= und Erfindungsreichtum sowohl in
2087 3325 3254 3383 und Pierrette. Pierrot will leben, Pierrette ruft ihn zum Tode.
187 3332 922 3419 die Musik zum „Schleier der Pierrette“
919 3349 2082 3411 ]den Tänzen, unter denen ein einschmeichelnder
2097 3363 3271 3426 Stärker und musikalisch einwandfreier, als es
931 3383 2094 3451 Walzer und ein hübsches Menuett Hervor¬
2085 3380 3275 3489 [hier geschehen ist, konnte dieser Gegensatz gar
178 3391 925 3488 enzeitung“. Die Musik Dohnänys ist
915 3425 2105 3509 ]hebung verdienen, wie in den dramatischen
188 3441 931 3515 beachtenswertes Ausdrucks¬
2144 3456 2899 3526 icht herausgearbeitet werden.
192 3477 1356 3564 ntomime hat Artbur Schnitzler erdacht, Momenten auf.
