3392 4384
216 250 1872 363 23 Der schleier der Pierrette
1013 1088 1532 1170 n für Zeitungs-Ausschaltte
810 1159 1414 1246 Concordiaplatz 4.
767 1238 1215 1302 Vertretungen
432 1271 1530 1336 in Berlin, Budapest, Chicago, Christiania, Genf, Kopen¬
438 1333 1532 1392 hagen, London, Madrid, Mailand, Minneapolis, New-Vork,
477 1380 1498 1452 Paris, Rom, San Francisco, Stockholm, St. Petersburg.
774 1417 1196 1479 (Quellenangabe ehne Gewäls).
438 1467 811 1542 An-schnitt aus:
879 1512 1019 1577 ract.
650 1508 1585 1609 n1 3 fslchor Inlonr : Szces
436 1572 618 1656 vom:
542 1638 1515 1728 (Der Schleier der Pierrette.) Artur Schnitzlers
456 1714 1510 1774 Pantomime „Der Schleier der Pierrette“ mit der Musik
468 1752 1500 1818 von Ernst v. Dohnanyi — man kennt das Stück von
454 1801 1498 1861 der Hofoper her — wurde gestern in der Urania zum besten
460 1842 1491 1918 der Gesellschaft zur Erforschung und Bekämpfung der
468 1885 1505 1976 Krebskrankheit aufgeführt. Es war eine Elitevorstellung
454 1929 1498 2013 vor einem Elitepublikum. Dirigent war Dohnanyi selbst,
453 1985 1505 2058 das Orchester das Tonkünstlerorchester, künstlerischer Leiter
461 2024 1500 2103 Karl Godlewski — die Bedingungen zu einer glanz¬
459 2069 1490 2145 vollen Vorstellung waren also gegeben. Und nun erst die
455 2117 1498 2182 Darsteller selbst. Frau Elsa Galafrès gab erschütternd
449 2164 1486 2230 die Heldin des stummen Dramas, Ferdinand Onno den
458 2215 1485 2280 unglücklichen Pierrot, hervorragend in der Kunst der
430 2309 1483 2381 Mimik. Außerdem wirkten die Damen Elsa Föry, Lotte
446 2377 1479 2426 Erol, Else Raeder, die Herren Karl Ebmann,
448 2396 1492 2470 Paul Askonas, Gustav Buttula, Nobert Lessen,
442 2437 1490 2511 Dr. Czempin, Hugo Brady, Robert Kasson,
447 2503 1490 2566 Theodor Grieg mit und bildeten ein prächtiges Ensemble.
447 2545 1481 2616 Mehrere Paare des Ballettkorps der Hofoper fanden im
439 2591 1487 2659 zweiten Bilde Gelegenheit, ihre Kunst zu zeigen. Hansi
445 2645 1486 2702 Insl, Liesl Roitner, Theres Roitner, Mitzi¬
450 2680 1470 2755 Prach, Emma Kunz und die Herren Robert Binder,
441 2738 1479 2797 Willi Mikeis, Hans Binder und Robert Kasson
440 2788 1473 2843 absolvierten die hier vorkommenden Tenze in dem lieben
446 2823 1477 2884 Stil des alten Wien. Erwähnt sei noch, daß die musikalische
440 2873 1465 2926 Einstudierung von Fräulein Fritzi Neumann besorgt
443 2922 1465 2980 wurde. Das Publikum nahm die Pantomime mit stürmischem
440 2968 1459 3033 Beifall auf, und wiederholt mußten die Darsteller der
439 3015 1466 3064 Hauptrollen und der Komponist vor dem Vorhang erscheinen.
444 3062 1461 3122 Artur Schnitzler selbst hielt sich bescheiden unter dem Publikum.
438 3099 1471 3149 Unter den Anwesenden befanden sich die Protektorin
428 3147 1474 3218 der Veranstaltung Fürstin Pauline Metternich, Fürstip“
434 3188 1469 3248 Klementine Metternich, Gräfin. Misa Wydenbruck,
438 3246 1479 3292 Graf und Gräfin Czernin, Statthalter Baron Bienexth
434 3286 1476 3346 und Gemah. Baron Haas=Teichen, Hofrat Schäuta
442 3327 1475 3411 und Gemahlin, Professor Riehl, Professor Dr., Julius
436 3385 1080 3437 Schnitzler, Frau Flora Dub 2c.
1108 3440 1263 3468 "  "
1936 222 2368 323 box 28/1
1945 1280 3035 1362 in Berlin, Budapest, Chicago, Christianla, Genf, Kopen¬
1944 1351 3032 1415 hagen, London, Madrid, Mailand, Minneapolis, New-Vork,
1981 1388 2998 1461 Paris, Rom, San Francisco, Stockholm, St. Petersburg.
2269 1428 2704 1491 (Quellenangabe ohne Gewähr).
1929 1469 2326 1550 Ausschnitt aus:
2289 1465 3054 1608 Aaues Wiener Jeurkar
1928 1548 2575 1650 vom: 47. MEhr 131:
1888 1615 3058 1719 (Wohltätigkeitssolree in der Urania.) Gestern
1773 1683 3050 1766 fand zum Besten der unter dem Protestorat des Kaisers stehenden
1785 1741 3061 1802 Gesellschaft für Erforschung und Bekampfung der Krebskrankheit
1788 1797 3054 1848 eine höchst interessante Au.führung der Pantomime „Der Schleier
1788 1830 3056 1908 der Picreite“ von Artur Schnitzler, Musik von Frnst Dohnanyi, statt.
1789 1888 3057 1953 Das längst bekannte und gewürdigte Stück fand auch in der
1790 1937 3054 1995 Urania bei dem zahlreich erschienenen, hichst diniuguierten
1795 1984 3053 2038 Publikum enthusiastische Würdigung. Frau Elsa Galafres Huberman
1786 2029 3054 2085 brachte als Pierette den schauspielerischen Teil der schwierigen Roll¬
1792 2074 3049 2145 zu Ehren. Die ganze große dramatische Kraft der schilksalsreichen
1789 2132 3047 2189 Hauptfigur vermittete die Künstlerin unter Verzicht auf die
1792 2176 3044 2246 Wirkung des gesprochenen Wortes meisterlich durch Mienen und
1799 2227 3059 2293 E=bärden. Ueberdies faszinierte Frau Galafr's — als Konzession
2571 2269 3043 2335 — durch ihre grazisse
1790 2278 2525 2337 an die Intentionen des Komponisten
1788 2305 3059 2387 Anmut. Ferdinand Onno mimte mit seiner nüan enreichen, viel¬
1783 2370 3073 2435 gestaltigen Kunst den Vierrot und half dem ergreifenden Musik¬
1783 2423 3062 2507 drama zu großer Wirkung. Herr Askonas und Fräulein Föry sowie
1776 2482 3048 2546 die anderen Mitwirkenden ergänzten erfolgreich das Ensemble. Der
1788 2538 3042 2595 Komponist Ernst v. Dohnanyi, der persönlich die Vorstellung diri¬
1786 2586 3056 2666 gierte, wurde stürmisch gefeiert und ebenso wie die Mitwirkenden
1791 2616 3053 2692 mit Lorbeerkränzen bedacht. Karl Godlewski, der die Vorstellung
1791 2686 3054 2750 inszenierte, und sämtliche Darsteller erschienen wiederholt vom
1791 2729 3064 2789 Publikum gerufen. Das Protektorat über diese Wohltätigkeits¬
1789 2775 3049 2840 soiree hatte Fürstin Pauline Metternich Sandor, die auch mit
1791 2822 3055 2880 Prinzessin Klementine erschienen war. Weiters sah man: Statt¬
1797 2864 3053 2932 halter Baron Bienerth und Gemahlin, Gräfin Mysa Wydenbruck,
1792 2914 3061 2987 Erz. Graf und Gräfin Czernin, Herrn und Frau Professor
1796 2952 3071 3040 Schauta, Professor Hochenegg, Professor Schnitzler, Baron Philipp
1783 2991 3064 3076 Haas, Frau Marianne May v. Mayenau und Tochter, Dramaturg
1796 3058 3060 3135 Heinrich Glücksmann, Schriftsteller Artur Schnitzler, Herrn Angelo
1793 3133 3066 3179 Eisner v. Eisenhof und Gemahlin, die Professoren Mandl, Hayck,
1793 3160 3062 3233 Kreidl, Regierungsrat Umlauft, Herrn Otto und Georg Seybel,
1791 3230 3057 3288 Kapellmeister der Hofoper Herrn Reichenberger, Lili Berger, Frau
1792 3250 3061 3344 Maria v. Elissen, Kommerzialrat Grab und Frau, Frau von
1785 3307 3066 3391 Stene, Shriftsteller Siegfried Trebitsch, Sekretär Anton Geiringer,
1788 3361 2413 3434 Frau Flora Dub u. v. a. m.
2438 3378 3101 3457 „ „ „ —. Matels
