3392 4384
209 176 391 271 23.
387 170 1788 253 DeSchleiender-Pierrete
1573 827 1805 915 Die Ges
689 854 805 924 252
695 962 1745 1050 Liebesmotiv mag man in der „Walküre“ nach¬
690 1041 1758 1108 lesen. Aber nur ein starker Empfinder vermag
700 1096 1748 1169 es, das Unheimliche und das Lebensfreudige so
697 1175 1750 1240 wirksam nebeneinanderzustellen, bald, jauchzend
702 1227 1748 1307 und jubeind, die Laute des Alt=Wiener Tanzes
690 1273 1753 1344 zu spielen und dann wieder den musikalischen
703 1332 1746 1413 Schattenriß einer Vision, die grellen Disso¬
692 1408 1764 1465 nanzen des Wahnsinns mit ganz besonderen
705 1453 1757 1524 Mitteln musiknotenmöglich auszudrücken. Ich
694 1515 1756 1572 darf mich um so beherzter neben diese reiche,
711 1570 1747 1647 vielseitige und wertvolle Partitur stellen, als
708 1632 1756 1703 ich an der Spieloper Dohnänyis, „Tante
703 1691 1753 1757 Simona“, zu der Victor Heindel einen Wasser¬
710 1761 1753 1820 süppchen=Text geschrieben hat, außer einiger
707 1805 1755 1883 thematischer Sauberkeit überhaupt nichts Po¬
700 1871 1758 1942 sitives entdecken kann. Ein Lortzing=Stoff: in
708 1922 1756 2003 das Haus der männerfeindlichen Tante hat sich
708 1984 1765 2059 zum Nichtchen ein Galan in der Maske eines
708 2058 1759 2120 stummen Gärtners geschlichen: auch der Tante
707 2104 1760 2187 sprießen schließlich am Baume eines alten Ver¬
705 2159 1755 2226 ehrers die Johannistriebe. Aber dieser dünn¬
717 2210 1764 2291 flüssigen Verkleidungs=Harlekinade des alten
722 2288 1766 2348 Stils gibt Dohnanyi, nachdem er sich im Vor¬
718 2326 1769 2411 spiel als Schüler des leichtfüßigen Armanno
720 2401 1762 2465 Wolff=Ferrari noch einigermaßen graziös ge¬
718 2457 1765 2539 berdet hat, eine merkwürdig freudlose, un¬
707 2517 1772 2577 freundliche Musik mit auf den Weg. Ein ge¬
717 2583 1771 2642 häuftes Maß von Langeweile und Humorfrei¬
709 2628 1764 2696 heit hat diese Oper als Aussteuer erhalten:
709 2693 1779 2762 neben diesem gar nicht naiven, zur Kompliziert¬
716 2743 1764 2823 heit künstlich aufgepäppelten Buffo=Opern¬
721 2812 1778 2879 Gernegroß stehen die Musikkomödien anderer
724 2868 1769 2931 Moderner, die dem Molière=Ruhm auf den
717 2931 1767 2997 Wegen der Musik nachstreben, stehen selbst die
724 2999 1775 3056 kleineren Arbeiten der Leo Blech, Eduard Kün¬
720 3042 1771 3112 necke, Waldemar Wendlandt usw. triumphie¬
716 3109 1776 3167 rend da. In allem: Ernst von Dohnanyi scheint
714 3154 1779 3239 sich seine Empfängnis vom Gefühl, von der
727 3216 1764 3286 Sensation, von dem „starken Tabak“ zu holen.
730 3266 1776 3346 Mit dem Humor hat er kaum etwas zu schaffen.
822 3332 1771 3407 Um die dekorativen Stimmungen des
718 3396 1776 3458 Abends, um das gespenstische Biedermeier der
727 3456 1782 3535 Pantomime und das leuchtende Frühlingsgrün
719 3531 1789 3580 der Oper hatte sich die Regie des Dr. Kauff¬
730 3570 1358 3669 mann mit Erfolg bemüht.
1542 3617 1715 3702 W. J.
1124 3745 1385 3836 #
1927 131 2381 226 box 28/1
1852 2969 2903 3041 dicken Erevola pisten. In den rogen mreuten—
1852 3036 2890 3105 sich die Köpfe vor, die Aufmerksamkeit ver¬
1845 3095 2896 3149 zerrte die Züge, die Augen und die Münder
1848 3129 2895 3193 waren weit aufgerissen. Herr Motiers de Fraisse
1848 3182 2883 3245 verkündete, daß Frau d’Entraque, ohne ver¬
1840 3248 2889 3295 eidigt zu werden, eine Auskunft geben sollte.
1939 3297 2891 3350 „Nun, Frau Gräfin, sagen Sie, was Sie
1835 3333 2256 3398 zu sagen haben.“
1945 3365 2884 3437 Sie wurde von jener Ruhe ergriffen, die
1840 3426 2886 3486 auf dem vollständigen Aufgeben der eigenen
1859 3486 2892 3543 Persönlichkeit beruht, die nichts zu verlieren
1843 3521 2900 3588 hat, weil sie alles verschenkt hat. Sie stützte
1841 3574 2888 3636 sich mit beiden Händen auf das Gitter, und
1846 3628 2902 3686 ihre Stimme klang so deutlich, daß man sie
1845 3674 2460 3742 überall vernehmen konnte.
1948 3712 2895 3789 „Die Aussage meines Mannes ist von
1851 3765 2904 3850 Anfang bis zu Ende falsch: Gestern noch
