3436 4384
232 155 412 247 23.
407 146 1805 249 DeSchleiender-Pierrete
529 1196 1738 1288 scheinen läßt. Der „Blende“ ähnelt das „Pökeln“ wobei ge¬
532 1256 1739 1337 wisse Karten vor dem Spiel über Salzwasserdampf gehalten
1124 1311 1748 1389 Mutstrich nentzichen Der
1959 114 2379 210 box 28/1
2159 1023 2958 1098 I... Chef des Stildes, der Major Feril)
1743 1081 2960 1131 Bey, hat sich während des Krieges gegen Italien als Adjutant
1752 1134 2972 1183 Neschad Beys, des Kommandanten von Tripolis, bekannt ge¬
1753 1229 2972 1279 oder auch durch ein unauffälliges Spiel der Finger an den
1760 1276 2967 1323 Rock= und Westenknöpfen. Die Komplizen des Grecs im
1762 1308 2971 1371 Spielklub gehören meist der Dienerschaft an; ihre Aufgabe ist
1759 1370 2960 1417 es, die präparierten Karten einzuschmuggeln und die ge¬
1761 1411 2963 1463 brauchten rechtzeitig verschwinden zu lassen oder gegen gültige
1750 1447 2964 1512 umzutauschen. Cavaillé, der ehemalige Dirigent der Abtei¬
1757 1492 2964 1541 lung für das Spielwesen bei der Pariser Polizei, hat über
1759 1550 2964 1604 die Tricks dieser Komplizen ein ganzes Buch veröffentlicht,
1749 1589 2435 1646 das überraschende Aufschlüsse gibt.
1841 1633 2972 1688 Am wenigsten betrogen kann man bei der Roulette werden.
1764 1674 2965 1738 Natürlich kennt die Geschichte des Falschsviels auch zum Be¬
1760 1728 2963 1784 trug konstruierte Roulettes, aber sie sind doch immer nur für
1751 1764 2970 1824 Grünlinge verwendbar, für Leute, die keine Ahnung vom
1752 1800 2966 1867 Spiel haben. Dafür ist bei Roulette die Gewinnchance des
1757 1859 2968 1917 Bankhalters noch einmal so groß als die des Pointeurs. Wer
1752 1899 2971 1955 also seine Spielwut nicht zu zügeln vermag, der geht am
1756 1945 2965 2013 besten nach Monte Carlo: da wird er sein Geld wenigstens
2753 1992 2931 2065 F. v. Z.
1764 1994 2274 2075 „auf ehrliche Weise“ los.
2043 2092 2679 2198 Theater und musik.
1829 2175 2983 2237 B.Z. „Siehe der Lenz lacht in den Saal!“ Man kennt die
1760 2229 2981 2277 Situation im ersten Akte der Walküre, in die mit dem Auf.
1769 2258 2977 2327 springen der großen Türe im Hintergrunde der Hundingshütte der
1775 2321 2985 2358 unvergleichlich poctische Zauber der Lenznacht einströmt. Aus dem
1765 2352 2982 2406 Berichte über die Neuinszenierung der „Walküre“ an der Ber¬
1765 2381 2977 2439 liner Hofoper in den „Hamb. Nachr.“ ist zu ersehen, daß in
1769 2425 2986 2480 dieser Neuinszenierung nicht mehr, wie es von Wagner vorge¬
1768 2468 2980 2517 schrieben ist, das Tor aufspringt, sondern ein großer Vorhang von
1762 2504 2988 2556 dem Winde, der auch das Gezweige der Esche in Bewegung setzt,
1769 2550 2997 2591 flatternd heruntergeweht wird. Ein planvoll=feiner Gedanke Wag¬
1759 2574 2984 2654 ners, der mit dem innersten tragischen Kerne des Nibelungendramas
1759 2617 2997 2689 verflochten ist, ist in der Hülsenschen Inszenierung in seiner drama¬
1763 2670 2990 2720 tischen Beziehung nicht erkannt worden. Nicht der Wind, nicht eine
1774 2698 2995 2762 Naturkraft stößt die Türe auf, durch die „der Lenz in den Saal
1774 2740 2972 2792 lacht“ sondern Wotan. In seiner Göttersorge, sich den „Freien“
1769 2776 2985 2844 zu schaffen, der, außerhalb des Götter= und Menschengesetzes stehend,
1780 2812 2985 2877 für ihn „schüfe die Tat“, die er selbst scheuen muß, umspannt
1776 2868 2997 2909 Wotan das Wälsungenpaar in der Hütte mit Liebeszauber, lockt
1781 2893 2985 2956 listig die verführerische Stimmungspracht der Frühlingsnacht in
1786 2934 2993 3005 den „Saal“, indem er von außen die Türe aufstößt, um so Sieg¬
1793 2979 3005 3036 mund und Sieglinde einander in die Arme zu führen, aus deren
1782 3017 2997 3075 Bund ihm „der Freie“ erstehen soll. Der Vorgang des Türauf¬
1783 3059 2992 3126 springens muß nach Wagners Absicht dem ahnenden Zuschauer wie
1787 3104 2994 3156 etwas Geheimnisvolles erscheinen, wie ein nicht auf natürliche Weise
1789 3135 2991 3198 zu erklärendes Wunderbares. Diese Absicht wird in ihr Gegenteil
1793 3167 2997 3235 verkehrt, wenn der „Wind“ oder irgendeine natürliche Kraft die
1782 3213 3002 3273 dramatische Bedeutung des Vorganges ausschaltet und aus ihm
1793 3265 3000 3316 einen szenischen Effekt ohne dramatische Beziehung macht. Das geht
1789 3296 3005 3351 bei Meyerbeer an, nicht aber bei Wagner, dessen ganzes Schaffen
1794 3339 3004 3393 dramatisches Zweckbewußtsein ist. Wagner ist noch immer selbst der
1790 3374 2994 3445 beste Regisseur seiner Werke, von dessen Vorschriften man kaum an
1784 3408 3006 3464 einer Stelle abgehen kann, ohne an das Zwingend=Logische seines
1782 3451 3005 3507 dramatischen Geflechtes zu rühren. Der ganz äußerliche Effekt der
1791 3504 3000 3554 Berliner Neuinszenierung sollte darum auch nirgends sonst Nach¬
1794 3541 2121 3616 ahmung finden.
1861 3575 3004 3640 Db. Dohnanyi=Premieren im Deutschen Opernhause. Unser
1789 3632 2996 3694 Berliner Musikreferent schreibt uns: Obwohl Ernst von Dohnany¬#
1792 3673 3002 3744 schon seit einer ganzen Reihe von Jahren in Berlin ansässig ist und
1797 3707 2999 3774 alle seine Konzertkompositionen hier aufgeführt worden sind, hal
1764 3743 3016 3836 sich die Generalintendantur bisher nicht entschließen können, seine
