3436 4384
238 163 428 253 23
430 167 1821 274 Der-Schleiender Bierrette
1303 1332 1703 1426 Telephon 12.801.
731 1450 1491 1568 „ODSLNTEN
575 1531 1667 1642 1. österr. beh. konz. Unternehmen für Zeitungs¬
777 1573 1470 1669 Ausschnitte und Bibliographie.
748 1621 1522 1729 Wien, I., Concordiaplatz 4.
971 1710 1304 1782 Vertretungen
559 1727 1662 1845 in Berlin, Brüssel, Budapest, Chicago, Cleveland, Christiania,
566 1799 1668 1865 Genf, Kopenhagen, London, Madrid, Mailand, Minneapolis,
564 1818 1674 1923 New-Vork, Paris, Rom, San Francisco, Stockholm, St. Peters¬
961 1879 1268 1938 burg, Toronto.
916 1897 1303 1989 (Gaslienangabe ohne Gewähr.)
560 1945 965 2038 Ausschnitt aus:
649 1997 1485 2127 112 1910#amburger Nachrichten
559 2084 727 2134 vom:
1050 2105 1317 2193 Hamburz
501 2172 1685 2246 = [Zwei Uraufführungen in Magdeburg.] Aus Magde¬
425 2229 1658 2281 burg schreibt uns unser Bt.=Mitarbeiter unterm 29. November:
427 2265 1663 2317 Wie ich schon telegraphisch berichtete, erlebten wir heute gleich zwei
435 2309 1666 2359 Premieren am hiesigen Stadttheater. Zwei Werke von größtem
433 2352 1660 2396 Gegensatz gelangten zur Aufführung: die von feinem Stimmungs¬
444 2391 1670 2443 reiz erfüllte Oper Claude Debussys „Der verlorene
450 2417 1674 2478 Sohn“ (L’enfant prodigue) und die Schnitzlen=Dohnanyi¬
456 2467 1666 2528 sche dreiaktige Pantomime „Der Schleier der Pierrette“
454 2509 1661 2561 Hier künstlerisches Vermeiden nur rein theatralischer Wirkungen,
444 2554 1665 2601 dort ein Sich=Häufen äußerlicher Effekte. über die Musik Claude
445 2594 1662 2637 Debussys wurde Ihnen bereits aus Zürich berichtet. Hier hob sich
445 2637 1662 2693 der Vorhang erst nach der Ouvertüre, worauf sogleich der Gesang
450 2668 1662 2721 einsetzte. Mimi Gutheil=Pönsgen fand als Lia zu Herzen gehende
448 2702 1660 2761 Töne und bot eine von leidenschaftlichem Schmerz um den Ver¬
448 2757 1662 2812 lust des Sohnes erfüllte Darstellung, während Herrn Struensees
458 2793 1667 2859 Azaël eine mehr als mäßige Leistung war, gesanglich wie schau¬
449 2840 667 2905 spielerisch.
525 2853 1675 2933 Arthur Schnitzler hat zu der Pantomime eine sehr bunt¬
430 2917 1668 2977 bewegte Handlung geschaffen und an Kontrasten nicht gespart.
394 3001 1604 3075 Allzu kraß ist der Schluß: Pierrette wird eingeschlossen bei dem
390 3032 1611 3107 toten Pierrot und tanzt, von Wahnsinn erfaßt, bis auch sie tot
385 3072 1598 3153 zusammenbricht. Dohnanyis Komposition ist der Handlung ent¬
393 3107 1603 3190 sprechend bald frohbewegt, bald von Schwermut erfüllt. Ich lobe
392 3153 1606 3235 mir doch eine Dichtung, die der Worte nicht entbehrt und dafür
386 3203 1315 3286 Übertreibungen in der Darstellung entraten kann.
1979 156 2421 233 box 27/5
2297 1473 2718 1582 OBSERVER“
2289 1536 2753 1645 ## Grr. behördl.
2324 1597 2700 1707 Seesionirtes
2399 1659 2614 1747 Bureau
2276 1697 2706 1809 # Seitungsnachrichten
2390 1776 2603 1848 Wien, I.
2293 1811 2685 1904 Ronkordiaplatz 4
2025 1890 2285 2003 1 72 1910.
2256 1980 3083 2112 Volksstimme, Magsoburg
1897 2041 2554 2129 AOgeah. Wierungeren A 2.
1978 2112 3072 2191 Der Schleier der Pierrette. Ernst von Dahnany hat eine
1901 2126 3071 2228 Musik zu Artur Schnitzlers dreiaktiger Pantomime geschrieben,
1891 2193 3069 2278 Neber undünsre Leser aus den Vornotizen schon
1886 2210 3052 2305 Prientiert. Die Musik Dohnanys ist eine feurige, von Leiden¬
1875 2243 3065 2342 schaft durchglühte Arbeit, die wirklich eine treffende Illustration
1881 2310 3070 2385 zur Pantomime ist. Bis in die kleinsten musikalischen Phrasen
1888 2337 3066 2429 kann man die Handlung verfolgen und der Komponist überträgt
1875 2384 3061 2466 mit einer Naturtreue, die den elementaren Wert noch um ein
1877 2415 3061 2493 bedeutendes erhöht. Dohnany ist ein stark empfindender Musiker,
1874 2453 3047 2543 der sich nicht von einer zufälligen Laune beherrschen läßt, son¬
1876 2484 3055 2576 dern dessen starker Wille auch einen kraftvollen Ausdruck findet.
1965 2525 3047 2613 Inszeniert und einstudiert war die Pantomime von der
1869 2571 3050 2669 Ballettmeisterin Anna Schubert. Es darf ausgesprochen wer¬
1874 2604 3044 2695 den, daß die Pantomime im ganzen treffend eingerichtet war.
1864 2637 3040 2734 Die Hauptrollenträger, Pierrot, Pierrette und deren Bräutigam,
1870 2685 3037 2766 panto = mimten äußerst wirkungsvoll. Nur für die Wahnsinns¬
1870 2728 3039 2821 szene am Schluß, die Dohnany so sauber und sorgfältig musi¬
1867 2758 3042 2845 kalisch zurechtgelegt hat, paßt der Tanz zu der Phrase nicht oder
1857 2785 2594 2870 deckte sich wenigstens nicht mit dieser.
1948 2843 3045 2927 Die Pantomime hinterläßt infolge der aufregenden Musik
1858 2875 3041 2968 und der aufregenden Handlung einen starken Eindruck, in dem
1859 2924 3027 3004 jedoch die Hauptrollenträger, Margarete Sedlmayr als
1865 2960 3029 3040 Pierrette, Alex Ingo=Brandt als Pierrot und Robert Becker
1854 2990 3027 3084 als Bräutigam wesentlich beteiligt waren. Am Pult saß Joseph
1853 3027 3025 3113 Göllrich, der mit Kraft und Entschlossenheit der feurigen
1859 3067 2837 3157 Musik des Ungarn einen schönen Erfolg verschaffte.
2789 3133 3001 3213 Grote.
