3344 4320
238 157 1814 236 23. Der Schleiender-Bierrette
469 565 1344 695 T ATTRrR Ter Auueemer gon
476 657 1327 739 BERLIN SO 16. RUNGESTRASSE 22-24
468 770 1327 892 Berliner Lokal-Anzeiger
555 849 1232 948 Zentralorgan für die Reichshauptstadt
644 916 1134 996 Ausschalt aus der Rummer vom.
682 1045 1190 1198 Kn
506 1196 1333 1324 Kunft und Wissenschaft.
487 1301 1369 1375 R. R. Kammerspiele des Deutschen The¬
457 1360 1373 1411 nters. „Der Schleier des Pierette“
448 1376 1369 1449 Arthur) Schnitzlers nicht sehr beseelte
453 1429 1370 1488 Pantorhin vran Jahren auch in Berlin
444 1481 1373 1526 gegeben, wurde von einer russischen Gesellschaft
446 1509 1376 1553 „Kikimora“ wieder ans Licht der Rampe geholt.
456 1541 1372 1600 Ernst von Dohnanji hatte eine Musik dazu
440 1587 1367 1641 geschrieben, die das vage, zerbrechliche Leben dieser
447 1604 1370 1684 Dichtung, in der Schnitzler sich selbst bestiehlt,
454 1653 1371 1716 vollends zum Erlöschen brachte. Pierrot und
465 1692 1370 1756 Pierette, Harlekins. Die Gestalten der Tragödie
457 1744 1376 1796 „Der Schleier der Beatrice" sind zu Puppen ge¬
463 1775 1375 1827 worden. Pierette vergißt den Schleier, den Hoch¬
452 1802 1365 1874 zeitsschleier bei Pierrot. Der melancholische Reiz,
450 1851 1363 1903 der — es ist immerhin Schnitzler, der die Pan¬
455 1883 1358 1940 tomime erdachte — aus einigen Stellen aufblühen
459 1924 1373 1988 könnte, wurde von den Russen völlig verkitscht.
646 1963 683 1994 G·
442 1972 1367 2028 Richt das Tanzerische, nicht das Mimische erreichte
456 2005 1361 2071 nur den üblichen Durchschnitt. Ein paar leidlich
446 2041 1359 2103 hübsche Tanzbilder im zweiten Akt litten auch an
451 2081 1354 2142 der Enge des Aufbaus. Man konnte den Beifall
448 2121 1361 2193 durchaus den russischen Landsleuten des jungen
458 2161 938 2217 Unternehmens überlassen.
1137 2187 1283 2238 —
1357 2327 1462 2445 7
492 2419 1465 2544 ADOLF SCHUSTERMANN
417 2515 1540 2644 ZEITUNGSNACHRICHTEN-BUREAU
577 2611 1373 2688 BERLIN SO. 16, RUNGESTR 22-24
506 2668 1379 2794 Zetung: Berliner Volkszeitung
893 2760 1200 2821 Morgen-Husgabe
494 2803 1000 2889 Adresse, Berlin
1010 2885 1456 2989 2 4 SE P. 1997
490 2934 734 3008 Datum:
597 3020 1405 3122 üssische Dankomime in Berlin.
711 3100 1297 3175 „Der Schleier der Pierette.“
426 3173 1597 3238 In den Kammerspielen gab man Arthur Schnitzler
393 3207 1601 3285 Pantomime „Der Schleier der Pierrette“ Ein allmödtsche
386 3254 1602 3306 echtes Tanzspiel von der Liebe Pierrots. Mit den russischen Beinen
389 3297 1593 3352 des berühmten Theaters Kikimora getanzt. Man hatte erwartet
387 3338 1592 3405 Durchbruch zu einer neuen Form, Temperament, revolutionäre Auf
395 3380 1589 3437 wühlung der Seele vor mimischer Offenbarung. Moskauer Staats¬
384 3418 1598 3485 ballett — man hatte sich gefreut. Und sah: eine tränenselige Idylle
385 3464 1594 3531 vom Tod, ein hübsches Menuett und eine lane Beweglichkeit. So
383 3510 1604 3580 daß die Frage nach dem Warum? dieses Abends ungelöst blieb. Auch
382 3557 1592 3610 die Musik von Dohnanyi kam über einige unoriginelle Illu¬
383 3591 883 3650 strierungen nicht hinaus.
429 3644 1598 3712 Interessant das Publikum. Meist Russen. Emigranten, die der
374 3662 1590 3742 harten Arbeit drüben fluchen und sich nach den Pfründen des Zaris¬
370 3730 1600 3798 mus sehnen. Sehr gut angezogen. Es scheint ihnen nicht schlecht
375 3767 1601 3842 zu gehen. Man sollte immer beim Lesen der reaktionären Russen¬
365 3815 1590 3881 zeitungen in Berlin an diese Leute denken. Rußland kann froh sein,
368 3846 730 3917 daß es sie los ist.
427 3893 1603 3983 Uebrigens: nichts ist überflüssiger als Fremdengastspiele, die
366 3945 1348 4012 unproduktiv sind. Sie entfernen eher als sie nähern.
1964 147 2402 235 box 28/1
2691 863 2802 942 74
1902 963 2966 1091 Boure u-Courier, Bertin
2509 1311 2985 1419 & 3 SEP M22
2034 1490 2826 1566 „Der Schleier der Pierette“.
2232 1551 2656 1626 Kammerspfrle.
2025 1602 2925 1662 Deprimierte Stimmung. Warum „muß das
1957 1647 2976 1707 sein? Wir haben so viel gutes Russische gesehen,
1953 1675 2904 1744 das Mittelgut macht mißtrauisch. Blauer Vogel,
2903 1687 2950 1751 1
1967 1740 2949 1794 wo bist du? Kikimora heißt dies russische=
1971 1775 2928 1822 Theater und Sofia Fedorowa II ist
1968 1800 2948 1875 seine Ballerine. In Rußland geschätzt als
1983 1860 2926 1932 Charaktertänzerin, aber in dieser dramatischen
1976 1899 2915 1956 Rolle unmöglich, ohne Charakter, ohne Jugend.
1969 1936 2929 2002 Pierrot, Herr Vermeil, hat gewisse statuarische
1975 1977 2926 2035 Vorstellungen, Tschabrow, der Bräutigam, ge¬
1974 2018 2921 2078 wisse gesammelte Energien. Ja, das Lied vom
1971 2066 2923 2125 Brautschleier der Pierette, das ihren Pierrot
1974 2104 2928 2148 durch die Heirat des Harlekins in den Tod treibt,
1963 2146 2922 2200 und sich selbst zuletzt auch, ist ein bißchen vieux
1965 2191 2917 2244 jeu (Schnitzler zeichnet gleichwohl als Autor),
1962 2223 2921 2272 aber es läßt sich durch gute Mimen schon
1968 2272 2915 2330 drastischer machen, zumal es eine Reihe dank¬
1971 2310 2918 2371 barer grotesker Elemente enthält. Hier ver¬
1975 2345 2916 2413 sagte das. Viel besser gelangen die Ensemble¬
1968 2399 2915 2451 tänze im zweiten Akt bei der Hochzeitsfeier, in
1968 2435 2910 2489 hübschen Kostümen graziöse Schritte, und, wenn
1962 2469 2914 2533 auch der Taumel des Wiedersehens nicht ganz
1966 2524 2921 2580 glückte, so war doch Spannung und Dämonie in
1967 2557 2917 2620 den Bewegungen derer, die auf das Entsetzliche
1969 2604 2912 2649 warten. In diesem zweiten Akt wirkte auch
1971 2627 2928 2695 die helle Dekoration der Gontscharowa, in den
1967 2682 2913 2728 Pierrotakten war das Dekorative Kompromiß.
1966 2709 2949 2804 Etwas Armes, Gezwungenes, Notdürftiges lag
1963 2755 2236 2828 in der Luft.
1937 2813 2022 2879 1
2023 2893 2932 2962 Die Musik Dohnanyis ist das Reizvollste
1941 2942 2939 2988 dieses Stückes, das im Ausland sehr viel, hier
1976 2980 2925 3038 sehr weng gespielt wird. Sie ist von reizender
1981 3023 2923 3084 Erfindung, Rhythmik, Melodik in allem Tänze¬
1966 3067 2929 3130 rischen und ist kammermusikalisch oft durch geist¬
1980 3111 2929 3166 reiche Wendungen und Solokunststücke belebt.
1976 3146 2924 3195 Im Ernsten freilich erscheint sie uns heute nicht
1968 3192 2921 3243 zu ihrem Vorteil vielfach in der Geste Wagners.
1969 3235 2923 3290 Dieses Orchester (unter Herrn Forter) raubte
1980 3268 2932 3346 ihr manches von ihrer Liebenswürdigkeit und
1969 3309 2827 3366 ihrer Sinnlichkeit. Auch das blieb ärmlich.
2024 3345 2923 3413 Deshalb sage ich: ohne zwingende Gründe.
1959 3381 2918 3442 Wir lieben die russische Kunst zu sehr, um nicht
1961 3439 2929 3500 Außergewöhnliches von ihr zu erwarten und zu
1960 3475 2194 3532 verlangen.
2742 3485 2883 3541 Bie.
