3436 4384
690 240 768 308 S
1985 240 2434 327 box 27/5
262 244 1861 345 23. Der Schleier der Pierrette
459 1217 1856 1318 Neubau entstanden, aber dieser, reut sich schon 22. L.
2105 1270 2886 1356 — Cunisge#leerven 70#
455 1326 1452 1397 einen Seite die gesuchte Rückkehr zu einfacheren
1441 1354 2405 1445 lobung mit einer reichen Amerikanerin, obwohl ihm
454 1357 1436 1441 Formen, auf der anderen der Niederschlag einer
2403 1390 3347 1477 denen eins durchaus das Gepräge des #rühmte
1436 1395 2404 1470 ein abschreckendes Bild von ihr vorgelegt wird. Er
457 1389 1450 1477 überhitzten Phantasie und das Ueberbietenwollen
1441 1429 2405 1514 ist aber nur bereit, um sich für die Familie zu
2392 1427 3352 1515 Rembrandtbildes der Londoner Nationalgaleri
448 1435 1437 1524 krasser Effekte, wie sie nach dem italienischen
1429 1469 2403 1547 opfern und verliebt sich ehrlich in die strahlende
2402 1468 3351 1560 „Die Anbetung der Weisen“ trägt. Die Darstellung
448 1471 1440 1557 Verismo eine Salome und Elektra auf die Spitze
1427 1503 2397 1583 Wirklichkeit. Die Bilderverwechslung muß zu einem
2397 1488 3364 1593 ist jedoch etwas von dem Londoner Bilde verschie
446 1506 1431 1596 getrieben haben. Der praktische Richard Strauß
1437 1532 2406 1623 Rückfall in die übliche Dankeepose herhalten klärt
2393 1541 3360 1645 den, so daß es sich um keine reine Kopie handeln
441 1541 1434 1635 hat mit seinem Rosenkavalier“ die Sensationen
2393 1566 2526 1632 kann.
1432 1583 2407 1665 sich aber in Wohlgefallen auf uno das Bestreben
446 1593 1424 1677 aufgegeben und sich in das tändelnde Milieu der
1427 1616 2394 1699 der Braut, des gefürchteten Rittmeisters Gewogen¬
2444 1612 3359 1698 Das zweite Bild behandolt den bekannten Bibel
442 1629 1423 1710 theresianischen Galanterie zurückgezogen. Nun
1420 1660 2395 1744 heit zu erlangen. hat eine freundliche Verwechslung
2391 1650 3362 1738 stoff der Auferweckung des Jairi Töchterlein. Lion
437 1658 1427 1750 werden das alle die anderen wieder nachmethen.
1420 1696 2395 1781 mit dem Herrn Wachtmeister Kulicke zur Folge, die
2388 1686 3362 1793 weist nach daß die beiden Bilder aus der berühmten
441 1699 1429 1796 Wir leben doch in einer künstlerisch höchst herk¬
2380 1731 3109 1805 Brentano=Birckenstockschen
1416 1730 2387 1813 gleichfalls ihre Wirkung tut. Im ersten Akt werden
440 1739 790 1825 würdigen Zeit —
3131 1762 3349 1815 Samm¬
1138 1759 1397 1838 Hans Pll.
1423 1777 2390 1854 die Freuden der Leutnantsstube bei marliertem
2382 1769 3357 1865 lung stammen, von der sie der jetzige Besitzer 1870
1428 1813 2381 1891 Sekt, im zweiten die Familienstimmungen auf dem
2380 1809 3363 1905 erworben hat. Goethe hat im Jahre 1815 die
1421 1849 2388 1935 gräflichen Schlosse vorgeführt und der dritte beginnt
2379 1849 3353 1940 Sammlung besichtigt und sich sehr lobend darüber
658 1861 1226 1964 O diese Leutnants.
1410 1883 2384 1967 mit getrennter Wirtschaft im gleichen Zimmer, wie
2377 1884 3355 1974 ausgesprochen. Uebrigens wies diese Sammlung
1428 1914 2377 2014 es die Witzblätter s. Z. von Podbielski zeichneten.
2372 1912 3335 2003 meist Originale von größter Bedeutung auf; so
494 1931 1411 2021 Vom Feldlager Wallensteins zum Kilatzschen
1417 1957 1726 2016 Hie Luxus —
2381 1962 3345 2055 sind z. B. einige der besten Stücke der Städelgalerie,
1702 1977 2379 2045 hie spartanische Einfachheit. Und
431 1959 1414 2059 Schwank! Das Militärstück ist nicht besse gewor¬
1420 2000 2372 2073 dazu kommt die Umkehrung, wie ein smarter Ameri¬
2373 1997 3332 2086 u. a. ein jüngerer Holbein, ein Leyden, ein Cranach
429 2006 1415 2097 den im Laufe der Zeit, aber es bleibt einesper aus¬
1415 2035 2371 2124 kaner eine blaräugige deutsche Komteß für Herz und
2373 2039 3344 2136 ein Teniers, ein von Goyen und ein Stuerbout, aus
437 2050 1411 2132 sichtsreichsten Spekulationsobjekte für die Verfasser
2373 2069 2747 2141 dieser Sammlung.
1404 2068 2379 2158 Wirtschaft zugleich gewinnt. Der Schwank ist so¬
425 2081 1410 2167 der leichten Unterhaltungsware und es muß schon
1406 2098 2377 2188 weit ganz unterhaltsam gemacht und hat im gut be¬
2424 2127 3343 2199 Lion schließt seine Betrachtung mit der Auffor¬
437 2126 1415 2205 ganz traurig um die Erfindung stehen, wenn die
1406 2137 2369 2232 setzten Schauspielhause auch gefallen. Schon nach
2368 2140 3343 2238 derung an die Rembrandtforscher. durch eine wei¬
426 2154 1415 2237 Wirkung ganz versagen soll. Gustav v. Moser, der
1408 2181 2368 2269 dem zweiten Akt konnte Herr Kraatz sich inmitten
2362 2185 3352 2272 tere Verfolgung der gegebenen Spuren und eine
427 2209 1408 2283 „älteste Leutnant“, lebte fast ganz von diesem Genre.
1402 2228 2365 2303 der Darsteller zeigen. Gespielt wurde unter Dr.
2364 2229 3338 2314 genaue Prüfung der Bilder deren Herkunft nachzu¬
422 2220 1412 2319 Reif Reiflingen. Der Veilchenfresser Im bunten
1398 2261 2368 2332 Heines Regie flott und mit guter Laune. Die
2374 2262 3333 2345 weisen. Handelt es sich wirklich um neue Rem¬
417 2267 1396 2359 Rock, die Tanzhusaren haben ihre Verfasser reich
1400 2291 2371 2386 Hauptrollen waren bei den Damen Irmen (auf
2362 2297 3333 2402 brandts, so würde diese Entdeckung eine Sensation
415 2315 1405 2406 gemacht, Hartleben und Beyerlein haben mit ihren
1397 2329 2356 2417 die Amerikanerin ja hinlänglich eingespielt)
2349 2326 3306 2439 allerersten Ranges auf dem Kunstmarkt bedeuten.
408 2345 1399 2432 ernster gemeinten Stücken Rosenmontag und
1401 2377 2368 2461 Klinkhammer. Reubke und Hartmann
417 2393 1406 2478 Zapfenstreich mehr Geld verdient als mit ihrem
1402 2409 2013 2480 (Kadett), den Herren Krauß,
2461 2417 3336 2497 Der Frankfurter Komponist Bernhard Sekles
2030 2432 2354 2498 Bolz, Bauer,
415 2422 1393 2503 gesamten übrigen Schaffen. Und dann hat die ein¬
1386 2445 2357 2527 Hellmer, Reimann, Pfeil und Däne¬
2349 2436 3327 2538 erzielte vor einigen Tagen in Dresden einen
423 2469 1401 2548 schlägige Literatur so mancherlei kleine Motive, die
1390 2490 1984 2571 borg vortrefflich aufgehoben.
2352 2490 3327 2577 beachtenswerten Erfolg. Der dortige Lehrergesang¬
2139 2514 2339 2583 M. M.
422 2502 1408 2592 sich bei einiger Belesenheit mit den entsprechenden
2351 2516 3318 2613 verein unter Prof. Brandes brachte die „sechs volks¬
415 2540 1390 2639 Bearbeitungen immer neu herausputzen lassen. Herr
2357 2571 3317 2644 tümlichen Gesänge“ zu Gehör, die Sekles für So¬
404 2580 1381 2658 Kurt Kraatz mit seinem dreiaktigen Schwank „O
1393 2585 2351 2685 Zwei neue Rembrandts in Frankfurt?
2340 2600 3332 2691 pransolo, Männerchor und Klavier geschrieben hat.
399 2616 1399 2704 diese Leutnants“ versteht sich auf die Chancen des
2342 2644 3321 2730 Diese eigentümliche Zusammenstellung ist zwar im
1441 2656 2350 2732 In der Samstagsnummer der „Mainbrücke“
407 2660 1392 2737 zweierlei Tuchs, auf die amerikunischen freien
2346 2676 3320 2759 Gesamtklang bisweilen fremdartig, aber in den
1393 2673 2349 2779 schreibt Stadtverordneter Regierungsbaumeister
412 2708 1390 2781 Damen und ihr erwachendes Interesse für die
2338 2719 3313 2803 Kompositionen steckt doch so viel Schönes, daß die
1380 2736 2338 2810 Lion unter der Spitzmarke „Auf den Spuren
399 2732 1384 2814 Manneszucht bei „dieses häßliche Mayor“ oder in
2337 2764 3322 2850 Wirkung nicht ausbleiben konnte. Auch einige Lie¬
1383 2765 2350 2854 Rembrandts“ eine Studie, in der er von seiner
404 2758 1386 2856 unserm Falle das gleichfalls Gehorsam heischende
2345 2798 3308 2875 der aus der chinesischen Gedichtsammlung „Schi
1378 2816 2345 2890 Entdeckung zweier Bilder erzählt, die sich in dem
407 2817 1378 2888 „Rittsmeister“. Und dann werden aus dieser
2335 2830 3319 2906 King“, die Sekles in der Rückertschen Nachdichtung
1383 2850 2338 2918 Hause eines Frankfurter Verwandten des Ver¬
399 2846 1384 2930 Schwankwelt der unbegrenzten Möglichkeiten heraus
2330 2870 3315 2963 komponiert hat, fanden, von Frl. Doris Waldo
1383 2890 2343 2961 fassers befanden, und aus denen er nach einer
389 2886 1382 2960 nur wenige Abstecher in die Ernsthaftigkeit ge¬
2333 2903 3307 2990 sorgfältig gesungen, viel Anerkennung. Sekles ist
1367 2926 2341 3004 gründlichen Reinigung Bilder von hervorragendem
406 2924 1376 3003 macht, die allerdings etwas draufgängerisch klingen.
2331 2947 3316 3048 übrigens s. Zt. von Dresden aus zum ersten Male
1366 2957 2330 3044 Kunstwert mit der deutlichen Signatur des Hollän¬
400 2960 1371 3041 Da werden den entsprechenden Stellen die schönsten
2325 2981 3310 3080 weiteren Kreisen bekannt geworden, da seine Sere¬
1371 2983 1836 3060 der Mersters entdeckte.
393 2998 1383 3085 Wahrheiten gesagt und es fallen Worte fürs Gemüt
2321 3028 3299 3108 nade für Blasinstrumente bei der Dresdner Ton¬
1425 3039 2337 3116 Der Verfasser weist selbst darauf hin, daß kurz
389 3022 1371 3114 von erhebendster Gesinnungstüchtigkeit. Aber wenn
2324 3056 3302 3161 künstlerversammlung im Sommer 1907 eine der
1376 3066 2339 3150 nach Rembrandts Tode sehr viele Kopien und
385 3076 1374 3155 sie eingeschlagen haben, wuren sie „nichts für ungut“
2333 3091 2930 3173 erfolgreichsten Neuheiten war.
1364 3109 2338 3184 Fälschungen entstanden sind, so daß er keineswegs
380 3110 1374 3196 gemeint und die kurze Stilverwechslung verstimmt
1371 3150 2334 3225 unter allen Umständen für die Authentizität der
2445 3150 3299 3218 Clande Monet der Führer des französischen
388 3151 1372 3234 nicht weiter. Hier willigt ein gräflicher Ulanen¬
2334 3164 3292 3262 Impressionismus, vollendet morgen (Montag) sein
1367 3185 2334 3270 Bilder eintritt. Er schildert jedoch im Einsehen die
2324 3215 3295 3305 70. Lebensjahr. Ein mehr als 40jähriges Schaffen
380 3193 3356 3303 leumant in die von seinem Vater betriebene Ver= wunderbaren Beleuchtungseffekte der Bilder, von liegt heute hinter dem Meister. In seiner Jugend# un
