3392 4352
1997 141 2461 230 box 28/1
277 152 1858 221 23. Der Schleiender-Pierrette
910 668 1448 825 ### 111
846 848 2731 902 — ————
934 967 1227 1046 heit 25 1h4#
1134 1001 2645 1103 SARRN
1552 1130 2044 1256 Rundschau.
1431 1297 2255 1432 S
2251 1361 2413 1447 O
859 1435 2626 1532 AA
1635 1548 1936 1657 Theater.
1241 1656 1451 1723 Hofoper.
1790 1653 2666 1734 Grauenhaften. Seine Spiele von Liebe und Tod,
1788 1704 2666 1775 in den Dramen und Novellen oft zu höchster
1029 1701 1661 1785 Der Schleier der Pierrette.
1782 1750 2221 1799 Anmut verklärt, oft
2260 1755 2662 1819 wie im „Tapferen
957 1758 1766 1835 Wenige Werke der letzteren Zeit, denen man
1784 1786 2483 1851 Cassian“ und im „Großen Wurstel“
2527 1803 2674 1851 zum
908 1817 1767 1875 mit so froher und herzlicher Erwartung ent¬
1779 1824 2659 1889 tiefsinnig Grotesken gewendet, verirren sich
906 1859 1772 1902 gegensah wie dieser Pantomime, zu der sich
1782 1875 2658 1930 dann manchmal ins bloß Spielerische mit dem
894 1902 1767 1957 Arthur Schniteler und Einst von Doh¬
1785 1909 2662 1961 Gräßlichen, ins Willkürliche, ja ins Brutale;
898 1936 1778 1990 nanyikünstlerisch vereinigt hatten. Schnitaler,
1787 1944 2658 2009 aber nicht ins Brutale der überschäumenden
910 1983 1762 2025 der zärtliche, versonnene, anmutsvoll melancho¬
1783 1987 2663 2051 Kraft, des Urmenschentums — wie in den
901 2017 1776 2079 lische Dichter aller Kostbarkeiten der Wiener
1781 2032 2664 2085 Greueln des „König Cear“ — sondern in das
906 2055 1768 2116 Seeie, ihrer lässigen Eleganz, ihrer leichtsinnigen,
1780 2075 2656 2128 der Angst und Schwäche. Nirgends schlimmer als
899 2098 1763 2141 ein wenig schwermütigen Verliebtheit, unter
1787 2103 2652 2164 in diesem von Schalk etwas „beiläufig“ diri¬
902 2137 1771 2190 deren schmeichelnder Sorglosigkeit immer eine
1781 2149 2659 2205 gierten, von Wymétal recht konventionell
890 2178 1771 2229 seltsame Unterströmung zu fühlen ist, ein
1778 2185 2661 2238 inszenierten, von Godlewski, Erich und
893 2214 1771 2259 kosendes und mahnendes Flüstern von Liebes¬
1775 2222 1971 2271 Fräulein
1984 2219 2223 2273 Tamrich
2222 2230 2653 2289 glänzend gespielten
895 2254 1761 2308 und Todesstimmen, Klänge heiterer Tanzmusik,
1776 2259 2652 2306 „Schleier der Pierrette“, der etwas grinsend
895 2294 1770 2350 die doch von der Fiedel Freund Heins zu tönen
1781 2307 2659 2362 Skeletthaftes an sich hat — und auch ein Skelett
895 2333 1764 2374 scheint — und Dohnanyi, der rhpthmisch be¬
1774 2342 2648 2399 ist: das der übervollen, in dichterischem Reich¬
904 2376 1759 2424 wegte, mit feiner Sorgfalt gestaltende, niemals
1774 2380 2661 2427 tum überfließenden und nur durch diesen Reich¬
891 2409 1764 2462 aufrührerische und seelisch beschenkende, immer
1781 2422 2647 2477 tum an voller Theaterwirkung gehinderten
902 2451 1768 2498 aber geistreich und wählerisch fesselnde Musiker:
1775 2460 2653 2520 Renaissancetragödie Schnitzlers vom „Schleier
894 2491 1767 2533 ein Bündnis, von dem man — und gar in der
1774 2502 2647 2558 der Beatrice“. Unbegreiflich, daß er imstande
894 2534 1764 2589 edlen, viel zu wenig gepflegten und noch zu
1773 2545 2658 2589 war, geliebte Gestalten, wie die wundervolle
894 2575 1765 2624 tausend Möglichkeiten bereiten Abart der Pan¬
1777 2586 2645 2633 des Dichters Filippo Loschi und die herrlich
892 2609 1763 2655 tomime — einen entzückenden Reigen erwarten
1782 2618 2650 2684 königliche, stolz geistige des Herzogs Benti¬
901 2647 1758 2704 durfte: Altwiener Stimmung, lächeinde, schöne
1774 2659 2666 2706 voglio zu den dürftigen, nichtssagenden und
900 2687 1764 2741 Frauen, galante Jünglinge, eine bestrickende
1776 2704 2654 2759 gleichgiltigen dieses Pierrot und dieses Arlechino
898 2726 1769 2785 Atmosphäre von Sinnlichkeit und nonchalanter
1777 2744 2655 2804 einschrumpfen zu lassen; daß er nicht fühlte,
891 2770 1760 2821 Sentimentalität, ein freudvolles, leidvolles und
1781 2779 2649 2842 wie diese Vorgänge an sich, der sondersamen,
887 2809 1758 2852 gedankenvolles Spiel, unter dessen Oberfläche
1769 2821 2652 2878 eigenwilligen und bestrickend subtilen Psy¬
887 2854 1765 2903 doch träumerische Zusammenhänge mit dem
1770 2863 2657 2913 chologie beraubt, nur kraß, fremdartig und grell
898 2888 1755 2950 Sinn des Daseinszu spüren sind. — und das alles
1772 2893 2647 2940 wirken müssen und daß sie bestenfalls den Ein¬
893 2923 1762 2979 von anschmiegsamen, deutungsreichen, zu be¬
1764 2932 2648 2980 druck eines schauerlichen, phantastischen Schatten¬
888 2971 1757 3033 ziehungsvollen Maskenzügen gefügten Tönen
1772 2979 2654 3032 spiels machen können; daß es seinem empfind¬
892 3002 1142 3063 geschaukelt.
1762 3010 2654 3078 lichen Gefühl entgehen konnte, wie widerwärtig
949 3035 1761 3097 Es ist leider anders gekommen. Zwur: Alt¬
1771 3058 2646 3098 dieser Schlußakt wirkt, in dem eine Leiche herum¬
889 3078 1755 3136 wiener Stimmung ist da, aber die eines grellen
1769 3098 2652 3147 geserrt und als stiller Zuseher zu Gelage und
884 3123 1757 3179 Altwiener Totentanzes. Man kennt diese oft
1768 3127 2646 3172 Tanz mißbraucht wird — wie unmöglich eine
888 3166 1757 3216 absonderlichen Stunden bei Schniteler, in denen
1764 3167 2656 3230 reine Wirkung solcher Szenen ist, deren innere
883 3197 1764 3264 sein beschaulicher Geist plötzlich ins Rätselhafte,
1774 3210 2647 3267 Notwendigkeit nirgends fühlbar ist, zu denen
898 3241 1755 3297 Schauerliche, ja Blutrünstige flüchtet, in denen
1770 3247 2655 3298 Keiner innerliche Beziehung finden kann und
881 3283 1756 3335 er sich in „Dämmerseelen“ versenkt, in die
1772 3289 2645 3332 deren Gewolltes auch die Möglichkeit des künst¬
894 3326 1763 3379 dunklen, blutigen Tiefen von geheimnisvollen
1771 3327 2642 3387 lerischen Symbolisierens verwehrt. Dieser dritte
891 3360 1755 3416 Taten, von Mord und Schändung taucht, mit
1775 3371 2636 3412 Akt ist eine Verirrung, die durch den Musiker
890 3398 1752 3463 einer fast gespenstigen Lust am unerklärlich
1770 3409 2641 3479 noch deutlicher offenbar worden ist. Tlirgends
1107 3450 1268 3509 ——
1680 3507 1859 3585 1033 —
