3392 4352
1151 83 1549 179 en
545 145 1588 222 wer dabei am meisten zu gewinnen hoffte, das waren
544 183 1596 274 die „glücklichen“ Autoren der Pantomime, die vor dem
541 220 1584 322 Auftreten Carusos zum erstenmal gegeben wurde. Eine
531 288 1408 368 solche Premiere ward doch noch nicht erlebt.
626 335 1567 425 Ja, in der Tat! Eine solche Premiere ward —
527 389 1586 479 zum mindesten selten erlebt. Ein Dichter wie Schnitzler,
513 428 1577 528 ein Musiker wie Dohnanyi, eine neue, originelle Auf¬
525 490 1577 579 gabe für die mimischen Kräfte der Hofoper, das
507 538 1572 614 glänzendste Publikum, allgemeine Spannung — und
514 588 1569 680 dann war es nichts, rein gar nichts, schlimmer als
512 635 1571 730 nichts. Das Trügerische des Werkes kennzeichnet sich
509 688 1577 785 schon im Titel. Der Schleier ist nämlich vollkommen
509 727 1577 819 überflüssig. Ein Liebespaar will gemeinsam in den
497 787 1561 881 Tod gehen. Aber im letzten Augenblicke entsinkt der
488 842 1562 929 Liebenden der Mut. Er stirbt, sie bleibt am Leben,
488 865 1550 975 und wird Braut eines anderen. Doch der Tote er¬
492 937 1548 1017 scheint ihr beim Hochzeitsfeste und holt sie zu sich
485 980 1554 1072 in seine Wohnung, und der Bräutigam rächt sich an
480 1032 1552 1119 der Braut, indem er sie mit dem Leichnam einsperrt.
491 1088 1545 1170 Sie wird wahnsinnig und stirbt nun gleichfalls. Alle
486 1135 1545 1227 diese Vorgänge ließen sich auch ohne das Requisit des
485 1186 1541 1274 Schleiers darstellen, dem nicht einmal symbolische Be¬
472 1217 1529 1327 deutung zukommt. Auch sonst ist das Stück sehr ober¬
470 1294 1536 1370 flächlich, ohne jede Vertiefung zusammengefügt. Solch
468 1330 1536 1429 baual=sentimentale Liebesgeschichten im Biedermeier¬
470 1371 1535 1474 kostüm mit einem pervers=gruseligen Schlußeffekt
473 1420 1530 1535 schreiben unsere Artisten und Asthelen aus dem Hand¬
464 1482 1407 1573 geienk. Dazu war kein Artur Schnitzler nötig.
545 1548 1529 1610 Aber vielleicht war wirklich ein Ernst von Dohnanyi
466 1566 1532 1682 dazu nötig, um eine so unpassende und langweilige
451 1626 1520 1729 Musik zutage zu fördern, wie sie gestern als Begleitung
457 1683 1512 1778 der Pantomime erklungen ist. Der berühmte Klavier¬
452 1733 1505 1830 spieler, der bisher auch als schaffender Künstler ganz
454 1781 1519 1878 gute Figur machte, hat seine ausgesprochene Unfähigkeit
440 1838 1511 1930 erwiesen, für die Bühne zu schreiben, sich einem
447 1885 1501 1981 dichterischen Entwurse und den Forderungen der Szene
441 1936 1501 2033 anzupassen. Jeder seichte Operettenkomponist weiß
440 1987 1505 2080 besser Bescheid in den Aufgaben, die hier gestellt waren:
432 2039 1496 2127 Wo blieb das vierrothafte Getändel, wo die Alt=Wiener
439 2082 1491 2179 Tanzstimmung, wo vor allem die genaue Übereinstim¬
438 2132 1498 2231 mung der melodisch=rhythmischen Bildungen mit der
434 2178 1493 2270 Handlung und der Mimik? Die Regie des Herrn von
424 2237 1491 2327 Whymetai hat allerdings wieder schwere Fehler be¬
434 2289 1488 2378 gangen. Aber diese Musik ist überhaupt nicht panto¬
424 2332 1489 2418 mimisch zu verkörpern, weil sie selbst den Inhalt der
419 2384 1481 2475 Pantomime nicht in Tönen ausdrückt. Einzig und
420 2441 1475 2525 allein die Tragik dieses Inhaltes verschafft sich in
421 2488 1485 2588 einem ans Komische streisenden, dröhnenden Pathos
410 2533 1481 2652 ausdeingemtung. Für den Liebesschmerz Pierrots
409 2582 1476 2678 w#ia „#####in Not“ aus der Walküre, ein wenig
413 2631 1469 2731 gedrückt und verbogen, als Hauptmotiv des ganzen
405 2683 1464 2777 Werkes verwendet und noch manche Weisen Richard
411 2729 1466 2831 Wagners müssen Intervalle und Klangfarben hergeben
401 2783 1467 2880 für eine kaum technisch interessante Musik, der jedes
400 2836 1484 2955 individuelle Gepräge fehlt. So kurz das Stück ist,
395 2932 734 3013 Pon
363 2999 1428 3063 so endlos scheint es zu dauern. Die Mitwirkenden
370 3057 1427 3111 (Fräulein Jamrich, Herr Godlewski und Herr Czadill)
371 3104 1431 3156 fühlten sich mehr gelähmt als beflügelt. Eine böse,
377 3168 1424 3221 niederdrückende Premiere, der es noch zu besonderem
375 3200 1429 3257 Unheil ausschlug, daß der Abend im Zeichen des
367 3256 722 3317 Rummels stand.
457 3282 1435 3368 Das gewöhnliche Premierenpublikum wäre vielleicht
374 3356 1422 3409 artiger gewesen. Aber diesmal war es das Caruso¬
364 3407 1423 3472 Publikum, das für sein Geld auch einen Genuß haben
370 3462 1419 3508 wollte und schon dadurch ungeduldig wurde, daß es
374 3505 1423 3562 so lange auf den Bajazzo warten mußte. Pierrot und
373 3556 1424 3615 Pierrette wurden in Gegenwart des Hofes, des Adels
359 3621 1431 3673 und des Reichtums von Wien mit dem eisigen Schweigen
361 3663 1423 3713 der Ruhigen und Vornehmen, dem leidenschaftlichen
366 3715 1421 3761 Zischen der Temperamentvollen und dem verlegenen
370 3768 1425 3818 Klatschen einiger Wohlmeinenden, die wenigstens den
365 3801 752 3877 Mii
760 3807 1427 3872 bezeigen wollten, recht unfeierlich
661 3865 1418 3920 igen. Aus der unverdienten Ehrung,
373 3862 607 3922 zu Grute
372 3910 1421 3962 die die Hofoper den Autoren erwiesen hatte, war eine
372 3963 1425 4022 verdiente, aber immerhin peinliche Kränkung geworden.
465 4008 1427 4066 Sogar die Stimmung für Caruso war verdorben,
705 4055 1220 4126 ##astosen Leistung als —
2023 116 2930 293 manen und e hunt ung,.
2184 213 2460 304 25 S 1911
2005 234 2164 324 vom:
2168 325 2772 438 Theater und Kunst.
1976 392 3070 494 Hofoperntheater. Einen Sensationsabend erster
1838 428 3074 537 Ordnung gab es am vorigen Mittwoch im Hofoperntheater:
1849 495 3081 603 Die Erstaufführung der Pantomime „Der Schleier
1841 548 3067 640 der Pierette“ von niemand geringerem als den
1832 607 3068 679 Herren Scitler und Dohnanyi und dann das erste
1845 652 3060 736 Auftreten Carusos in seinem dreitägigen Gastspiel als
1836 683 3062 796 Canio in Leoncavallos „Bajazzo“. — Die Pantomime, die
1830 751 3056 840 stofflich eine Umänderung der Handlung des „Schleiers der
1825 801 3053 896 Beatrice“ beinhaltet, ist ein Stück „Totentanz“ bizarr
1835 848 3055 932 pikant, schauerlich, abstoßend, beidermeierisch=grazios,
1831 915 3050 989 auch ein wenig satyrisch, alles zusammengenommen aber
1831 953 3045 1040 nicht sonderlich packend. Die Musik ist der Eindrücksfähig¬
1834 989 3055 1116 keit des Werkes nicht sonderlich zu Hilfe gekommen, obzwvar
1883 1217 3104 1291 der Komponist, ein ehrlicher Musiker, in allen Mitteln des
1880 1295 3102 1347 Ausdruckes Bescheid weiß. Der Mangel bei ihm liegt in der
1884 1350 3095 1412 Tiefe der Erfindung, die ihm fehlt. Der Inhalt der Panto¬
1879 1398 3098 1453 mime ist kurz folgender: Pierette, eine Wiener Hausherrn¬
1880 1445 3093 1505 tochter aus der Zeit der politierten Möbel und des
1881 1490 3090 1547 Paradeisgartels kann ihren geliebten Pierrot nicht heira¬
1882 1545 3099 1617 ten, sondern wird dem, Arlechino einem Alt=Wiener
1881 1598 3091 1649 Fabrikantenssohne bestimmt. Von den Hochzeitsfeierlich¬
1888 1649 3095 1701 keiten weg eilt sie im Brautschleier heimlich in die Woh¬
1886 1692 3106 1745 nung Pierrots, den Tod mit ihm durch mitgebrachtes Gift
1886 1745 3097 1798 einem Leben an der Seite eines Ungeliebten vorziehend.
1882 1797 3096 1858 Nach einer heißen Liebesszene verläßt sie aber im ent¬
1896 1843 3099 1905 scheidenden Momente der Todesmut und während Pierrot
1886 1892 3102 1960 das Giftglas leert, entgleitet das ihre der zitternden Hand
1880 1946 3088 2007 und zerschellt. Pierrot stirbt und von Entsetzen gepackt,
1879 1981 3104 2053 eilt Pierette in das festliche Vaterhaus zurück, wo sie bei
1883 2040 3103 2126 den tanzenden Gästen schon unruhig vermißt wird. Den
1896 2094 3116 2151 forschenden Bräutigam will sie im Tanze beschwichtigen,
1891 2147 3104 2206 da erscheint ihr der tote Pierrot und voll Grauen bricht sie
1882 2193 3098 2247 zusammen. Um ihre Labung bemüht bemerkt Arlechino,
1880 2235 3099 2303 das Fehlen ihres Schleiers. Dieser war neben der Leiche
1892 2298 3093 2348 Pierrots liegen geblieben. Und als Pierette nach einer
1887 2346 3104 2410 Ausflucht sucht, erscheint neuerdings das Gespenst Pierrots
1888 2387 3096 2460 den Schleier haltend. Den Hallunciationen folgend wandelt
1888 2446 3096 2507 Pierette von Arlechino gefolgt dem entschwebenden Schleier
1879 2492 3096 2563 nach, bis ins Zimmer Pierrots. Dort wird Arlechino das
1886 2545 3091 2600 Geschehene klar, und von eifervoller Wut gepeinigt, ver¬
1886 2592 3094 2653 anstaltet er mit dem Toten und dem entsetzten Weibe ein
1888 2641 3092 2699 Gelage zu Dreien. Zum Schlusse verläßt er das Zimmer
1889 2690 3096 2753 und sperrt es ab. Mit dem Toten allein verfällt Pierrette
1886 2739 3100 2797 dem Irrsinn und in wahnwitzigem Tanze bricht sie tot
1879 2793 3095 2876 nieder, als die Hochzeitsgäste, die sie suchen, die versperrte
1886 2841 2190 2907 Tür sprengen.
1970 2882 3099 2957 Der Erfolg der Pantomime war ein, trotz der Mängel
1886 2943 3093 3000 unverdient geringer. Die Darsteller Frl. Jamrich,
1888 2991 3104 3052 Herr Czadill und Herr Godlewski waren redlich um
1880 3031 3094 3096 ihre schwierigen Aufgaben bemüht, wenn auch manches
1881 3096 3089 3157 allzu Balletmäßige der Mimik den Stil und Eindruck des
1889 3140 3088 3199 Spieles schwächte.. Der armselige Beifall des Publikums
1881 3191 3099 3246 wurde noch durch die Ungeduldigen gestört, die nach dem
1884 3239 3080 3286 berühmten „man hat bezahlt ja, will lachen für sein. Geld“
1879 3285 3088 3354 lechzten, aber in dem folgenden Bajazzostücke auch nicht
1886 3339 3088 3407 ganz auf ihre Rechnung kamen. Denn Caruso ist kein
1877 3390 3089 3447 Effekthascher, hat in den „Pagliacci“ wenig zu singen und
1887 3439 3097 3500 wiederholt nichts, wenn der Applaus auch noch so schmeichelt
1882 3483 3091 3552 und fordert. Und so beschränkte sich denn der Genuß der
1885 3533 3101 3585 vielen, die nicht alle werden, die kommen und zahlen, um
1885 3578 3099 3642 dabei gewesen zu sein, auf die handgreiflichere Wirkung
1891 3636 3099 3700 des mit erschütterndem Schmerze vorgetragenen Bajozzo¬
1883 3694 3098 3749 liedes, während sich die Sensitiveren im ganzen Verlaufe
1884 3731 3100 3794 des Stückes an dem pointenreichen, geschmackvoll=naturali¬
1887 3782 3092 3837 stischen Spiele des großen Künstlers und seiner im kleinsten
1885 3835 3089 3887 verblüffenden Technik des Gesanges, die das Schwerste
1897 3883 3102 3941 selbstverständlich erscheinen läßt, für die quantitative
1883 3912 3102 3993 Musikarmut der Rolle entschädigen konnten. Buchmachep“!
1881 3962 3100 4040 und Agioteure sind bei Wettrennen und Caruso die Ver¬
1879 4023 3101 4102 gnügtesten. Käme Caruso öfter nach Wien, gäbe es für biele
1881 4084 2781 4163 sonst anständige Leute einen neuen Beruf.
