3344 4352
1068 1167 1449 1259 Telephon 12.801.
513 1308 1271 1426 „SOSERVEN
490 1407 1460 1493 zrr. beh. konz. Unternehmen für Zeitunge¬
572 1450 1263 1522 Ausschnitte und Bibliographie.
550 1499 1319 1604 Wien, I., Conoordiaplats 4.
785 1589 1098 1651 Vertretungen
429 1614 1477 1702 n Ein, Brüssel, Budapest, Chicago, Cleveland, Christiania,
440 1658 1478 1741 Ge Kopenhagen, London, Madrid, Mailand, Minneapolis,
446 1710 1486 1792 Neork, Faris, Rom, San Francisco, Stockholm, St. Petere¬
784 1752 1094 1811 burg, Toronto.
718 1781 1143 1856 Quellenangabe ohne Gewähr.)
701 1823 1645 1960 Tagesbote aus Mähren und Schlesie,
457 1866 810 1946 schnitt aus:
1066 1893 1268 1983 Brünn.
548 1937 846 2023 30 9. 1911
1008 1964 1349 2051 Abendblatt,
555 2088 1664 2171 Die Hofoper hat das Ereignis eines mehrmaliger
489 2154 1667 2204 Auftretens Carusos hinter sich und damit drei ausbet¬
482 2254 1667 2295 dert sich! überall wird zurzeit ein Nachlassen des Inter¬
486 2292 1674 2342 esses fürs Theater festgestellt, überall klagen die Bühnen¬
489 2352 1671 2407 leiter über schwachen Besuch und schlechte Einnahmen. Die
488 2396 1679 2446 Ansprüche der ausübenden Künstler jedoch sind in stetem
486 2447 1675 2500 Wachstum begriffen und werden in ihrer ganzen Höhe
481 2562 1677 2603 cavallos „Pagliacci“! Eine Rolle im kleinen Umfang von
479 2595 1679 2659 wenigen Arien in einer Oper, die etwa fünfviertel Stunden
488 2636 1680 2709 Spieldauer hat! Und dafür zahlen die Theaterbesucher
485 2680 1673 2748 40.000 K! über 100.000 K geben Menschen an drei Abenden
491 2736 1679 2810 für einen angenehmen Ohrenschmaus in derselben Stadt
479 2789 1687 2842 Wien aus, in der Tausende nicht wissen, wie sie sich am
491 2844 1680 2905 nächsten Tag ihren Bissen Brot, ihre armselige Schlaf¬
489 2889 1680 2961 stelle erschwingen werden! Das ist ein greller Mißklang,
497 2951 1670 3006 der den Genuß an Carusos unverändert wohllautender,
490 2988 1682 3047 ausgeglichener, edler Stimme, an seiner großen Gesang¬
497 3037 1687 3088 kunst und an seiner auch nicht unbedeutenden Darstellungs¬
500 3089 1690 3155 kunst erheblich trübt. Carusos erstem Gastspiel als Canio
510 3138 1681 3198 — der Herzog von Mantua und Don José folgten —
505 3188 1696 3243 ging als Novität Ernst v. Dohnanyis Pantomime „Der
497 3239 1691 3284 Schleier der Pierrette“ voran, deren Text kein
496 3286 1691 3341 Beringerer als Artur Schnitzler geschrieben hat. (Parti¬
504 3337 1701 3401 ur, Klavierauszug und Textblich sind — ausnahmsweise —
495 3376 1691 3439 in Österreich, bei Ludwig Doblinger=Bernhard Herzmansky
499 3442 1684 3493 erschienen.) Das Buch ist mit den Anderungen, die die
489 3486 1686 3531 Umwandlung in eine Pantomime erforderte, dem Re¬
498 3538 1695 3585 naissance=Drama „Der Schleier der Beatrice“
500 3579 1691 3651 (bei S. Fischer, 1901) entnommen, das seinerzeit die Ur¬
500 3631 1694 3713 sache eines heftigen Zwiespalts zwischen Schnitzler und
491 3685 1691 3746 Schlenther war und das vor wenigen Wochen von Hage¬
499 3736 1693 3789 mann in Hamburg zu neuem Leben erweckt wurde. Aus
487 3787 1694 3851 dem Dichter Filippo Loschi ist Pierrot geworden, aus seiner
491 3836 1709 3897 Geliebten Beatrice ward Pierrette, Lionardo Bentivoglio,
493 3878 1699 3948 der stolze Herzog von Bologna und betrogene Gatte Bea¬
489 3955 1703 3996 tricens, wurde ein schlichtbürgerlicher Arlechino. Sogar
499 3986 1714 4052 die reichen Bologneser Tibaldi und Nigeti mit ihren sla¬
494 4037 1720 4112 rentinischen Courtisanen Ijabella und Lucrezia sind in
1690 123 2210 194 eerecen
1649 187 2852 230 an den Mund. Pierrot trinkt aus und schlägt Pierreite,
1660 216 2861 288 da er sie zaudern sieht, den zweiten Becher aus der Hand.
1647 258 2870 344 Er stirbt; Pierrette, grauengeschüttelt, entflieht. Das Fest
1654 318 2875 390 im Herzogspalast (vierter Akt) oird zur Hochzeitsfeier im
1660 367 2866 423 Bürgerhaus von Pierrettens Eltern (zweites Bild). Die
1649 417 2862 481 Braut wird zur Quadrille vermißt. Arlechino, der Bräuti¬
1651 464 2866 545 gam, rast. Endlich kommt sie, verstört, mit schwachen Aus¬
1662 515 2875 594 reden und falschen Schmeicheleien den Gatten beruhigend.
1657 582 2870 628 Da erscheint — ein richtiges Pantomimenmotiv, das im
1657 614 2868 672 Drama fehlt —, nur für Pierrette sichtbar, dreimal der
1658 659 2859 728 tote Pierrot; das drittemal hält er den Brautschleier auf
1661 725 2867 771 dem Arm, den Schleier, den Pierrette bei ihrer eiligen
1656 755 2872 823 Flucht aus des Toten Haus vergessen und nach dem Arle¬
1655 814 2865 867 chino soeben argwöhnisch gefragt hat. Pierrette eilt dem
1659 862 2798 924 Geist Pierrots mit dem Schleier nach; Arlechino folgt.
1659 917 2862 974 Wie der letzte Akt des Dramas, so spielt das letzte Bild
1662 971 2871 1023 der Pantomime wieder im Haus des toten Liebhabers. Der
1667 1016 2286 1091 Gatte findet erst den Schleier
2092 1052 2778 1126 „von so wunderbarer Schönheit,
1795 1114 2698 1167 Wie keinen, den ein Mädchen dieses Lands
1793 1164 2579 1219 Und niemals eine Herzogin getragen.
1794 1216 2694 1263 So kostbar, daß der Fürst von Pergamum
1786 1253 2685 1306 Ihn und nur ihn allein als Hochzeitsgabe
1789 1304 2664 1365 Der Fürstin schenkte, die er sich erwählt",
1668 1342 2882 1415 und dann den nicht sofort sichtbaren, hinter einer Staffelei
1672 1399 2883 1469 liegenden Leichnam. Nun trennen sich die Wege von Drama
1665 1452 2887 1532 und Pantomime wieder. Dort verzeiht der Herzog, aber ein
1669 1484 2888 1577 ehrbar-entrüsteter Bruder erdolcht die Schwester. Arlechino
1671 1558 2881 1613 ist nicht so nachsichtig, wie Herzog Lionardo; er zwingt
1670 1599 2889 1661 Pierrette zuerst zu einem grausigen Dreier=Souper mit
1674 1644 2886 1712 dem Toten, den er in einen Sessel setzt, will dann ange¬
1682 1704 2890 1764 sichts des verstorbenen Nebenbuhlers Hochzeit feiern und
1671 1746 2893 1801 sperrt endlich, als Pierrette seinem Andrängen widerstrebt,
1674 1804 2882 1857 davoneilend die Widerspenstige bei dem Selbstmörder ein.
1684 1863 2895 1914 Darauf wird Pierrette wahnsinnig und sinkt nach einem
1673 1886 2893 1960 wirren, wilden Tanz tot zu Boden. Die Musik, mit der
1667 1943 2889 2003 Dohnanyi, der Meisterpianist und Vollblutmusiker, dieses
1669 1986 2889 2070 Nachtstück umsponnen hat, läßt sich nicht ohne weiteres
1683 2053 2895 2106 mit dem Schlagwort Kapellmeister= und Virtuosenmusik ab¬
1677 2092 2896 2150 tun. Bei aller offenkundigen Anlehnung an Wagner, beson¬
1684 2137 2901 2208 ders in einem oft wiederkehrenden Leitmotive, und andere
1679 2192 2894 2257 Vorläufer hat Dohnanyi in gewählter, gepflegter Sprache
1687 2239 2902 2320 auch viel Eigenes zu sagen. Der gefällige D=Dur=Walzer,
1678 2288 2887 2348 den das Freundschaftsquartett im ersten Bild tanzt, die
1692 2360 2889 2410 glühende Liebesszene in E=Dur, der barocke H=Moll=Marsch,
1688 2405 2896 2452 nach dessen Takt Pierrot und Pierrette ihr Souper vorbe¬
1690 2438 2900 2503 reiten, das innig=süße G=Dur=Menuett, später die gespen¬
1687 2510 2896 2560 stische Schnellpolka der Hochzeitsmusikanten, denen Arle¬
1697 2537 2909 2610 chino im Zorn die Instrumente ruiniert hat, zuletzt Pier¬
1698 2601 2889 2650 rettens Wahnsinnswalzer in F=Moll sind persönliche Musik,
1688 2643 2902 2696 die einer zweifellosen, wenn auch noch nicht ganz souveränen
1694 2696 2894 2744 Gestaltungskraft entsprossen sind. Das von Schalk sehr
1696 2733 2911 2803 gut vorbereiteie, aparte Werk wurde im Musikalischen und
1706 2804 2906 2852 Szenischen in der Hofoper ungemein stilvoll herausgebracht
1696 2831 2913 2912 und Fräulein Jamrich spielte die wechselnden Gefühle
1692 2895 2909 2951 von Beatrice=Pierrette mit ausdrucksvoller Mimik. Gleich¬
1693 2952 2899 2998 wohl ist die Pantomime nur verständlich, wenn man vor¬
1694 2982 2907 3048 her den Text gelesen hat. Da sich nun erfahrungsgemäß
1707 3033 2908 3098 die Mehrzahl der Theaterbesucher keine Textbücher kauft,
1701 3079 2910 3152 so gäbe es nur ein Mittel, eine wegen des Nichtverstehens
1703 3144 2902 3191 gereizte Stimmung des Publikums zu vermeiden: es müßte
1701 3181 2911 3242 jedem Besucher ein Zettel mit einer kurzen Inhaltsangabe
1700 3233 2911 3289 der Pantomime umsonst eingehändigt werden. Zu dem
1702 3297 2899 3348 Arger über die Unerklärlichkeit der Bühnenvorgänge ge¬
1710 3324 2904 3394 sellte sich als zweiter störender Umstand die Tatsache, daß
1709 3385 2912 3442 der größte Teil der Zuhörer nur Curusos wegen gekommen
1705 3421 2913 3486 war und die vorhergehende Premiere bloß als unliebsame
1707 3469 2916 3557 Verzögerung empfand. Noch dazu war — was bei den
1697 3534 2906 3581 hohen Preisen übrigens überraschen mußte — auf den
1700 3579 2911 3647 Galerien sehr viel Musikpöbel, der, wo er der Pantomimen¬
1715 3639 2906 3690 handlung nicht folgen konnte, halblaut ironische Bemer¬
1710 3646 2914 3732 kungen äußerte und am Schluß in den freundlichen Berll
1717 3728 2921 3790 hineinpfiff und =zischte. Wenn sich „Der Schleier der Pier¬
1713 3770 2924 3840 rette“ nicht an den „Nippes“ fängt und festhält, so wird;
1715 3826 2845 3901 er vomrauhen Herbstwind bald weggeblasen werden.
