3344 4320
1237 155 2136 241 Theater, Kunst und Titeratur.
1272 251 2124 330 Der Schleier der Pierrette.
1188 321 2199 387 Pantomime in drei Bildern von Arthur Schnitzler
1355 371 2030 428 Musik von Ernst von Dohnäunyi.
1181 379 2207 460 Erste Aufführung in der königlichen Oper am 7. Mai 1910.
1291 488 2205 548 Die vereinzelten Bersuche, die in den letzten.
1195 533 2219 599 Jahren auch von namhafteren Komponisten unter¬
1182 592 2218 651 nommen worden sind, das Ballet wieder zu einer
1178 621 2214 699 höheren Kunstform zu adeln, haben sich als künst¬
1190 687 2224 743 lerische Nieten erwiesen. Mochte auch der Hinweis,
1170 728 2217 795 daß man eine Tanzlegende, ein Tanzpoem dichten
1189 784 2227 834 wolle, die höhere artistische Ambition des Libret¬
1162 833 2217 893 tisten und Komponisten andeuten, im Grunde stan¬
1182 884 2218 940 den Handlung und Musik nach wie vor hinter den
1128 939 2226 992 zillusionistischen Reizungen zurück, die Balletmeister,
1187 981 2225 1032 Costumier, Dekorationsmaler und Maschinist zu
1180 1028 2214 1089 vermitteln beflissen waren. Die Schnitzler¬
1166 1089 2221 1132 Dohnäny i'sche Pantomime „Der Schleier
1170 1115 2215 1179 [der Pierrette“, die heute auf der Bühne der
1168 1171 2224 1236 königlichen Oper zur Aufführung gebracht wurde,
1180 1233 2218 1279 ist endlich ein wirkliches Kunstwerk. Die Arbeit eines
1189 1269 2225 1318 Dichters, der es vermochte, in den knappen Rahmen
1172 1308 2225 1380 einer dramatisch bewegten, logisch bestimmten Aktion
1181 1365 2222 1429 auch psychologische Vertiefung zu tragen, gleichzeitig
1177 1416 2216 1464 doch auch den Bedürfnissen des Choreuten durch
1186 1465 2216 1524 organische Entwicklungsmöglichkeit der Tanzformen
1187 1523 2226 1574 zu entsprechen; die Arbeit vor Allem eines genialen
1184 1559 2231 1615 Tonkünstlers, in dessen Musik unter der stummen
1184 1619 2226 1671 Aktion die subtilsten lyrischen, dramatischen und sze¬
1180 1651 2230 1706 nischen Intentionen des Textdichters in Formen zum
1180 1703 2230 1769 Klingen gebracht werden, deren Schönheit und Geist
1190 1758 2223 1819 allein hinreichen würde, dem Doppelwerk vornehmste
1189 1798 1875 1874 künstlerische Bedeutung zu sichern.
1298 1867 2225 1913 Arthur Schnitzer hat das Libretto zu der
1183 1877 2229 1965 Pantomime aus seinem shakespearisirenden preciös¬
1189 1958 2225 2012 artistischen Versdrama „Der Schleier der Beatrice“
1187 2003 2225 2070 herausgeschält, und das tragische Schleiermotiv in
1199 2051 2230 2103 ein Dramolet von prächtiger Knappheit gefaßt.
1198 2103 2227 2155 Pierrot ist tiefbetrübt ob der Treulosigkeit seiner
1202 2148 2240 2195 Pierrette. Da erscheint sie, schon die Braut Arlecchino's,
1202 2243 2221 2305 schleier darüber, in der Wahnung des Liebsten ...
1199 2295 2232 2344 Der Schleier offenbart Pierrot die ganze Wahrheit.
1194 2355 2226 2400 Sie löst ihn willig aus dem Haar, daß er zu Boden
1194 2404 2229 2462 fällt. Aber es gilt den Abschied auf ewig, oder den
1176 2437 2238 2514 gemeinsamen Tod. Pierrot leert sein Glas, da sieht
1194 2492 2222 2550 er Pierrette schwanken und zittern. Noch hat er die
1179 2537 2220 2607 Kraft, ihr den Giftbecher aus der Hand zu schleudern,
1177 2606 2227 2656 dann stirbt er. Die entsetzte Pierrette flüchtet. In
1195 2635 2227 2691 die freie Lebensluft hinaus, ins Elternhaus zurück,
1201 2690 2224 2744 in dem die Hochzeitsgäste harren. Schon dreht sich
1194 2733 2227 2783 Alles im fröhlichen Reigen, doch die Braut fehlt. In
1197 2780 2232 2839 zorniger Ungeduld erwartet Arlecchino die Verlobte,
1187 2839 2229 2896 die vergebens im ganzen Haus gesucht wird. Wüthend
1190 2897 2226 2942 stellt er sie zur Rede. Er läßt sich endlich durch ihren Lieb¬
1190 2924 2226 2986 reiz beschwichtigen und reicht ihr den Arm zum Tanze.
1190 2980 2225 3043 Da steigt vor Pierrette, nur ihr sichtbar, das Phantom
1192 3024 2239 3089 Pierrot's empor. Ihr jähes Erschrecken weckt den
1202 3077 2226 3132 neuen Argwohn Arlecchino's und mit Eins bemerkt
1187 3116 2216 3184 er, daß Pierrette ihren Schleier nicht mehr trage
1200 3175 2230 3226 Die zornwüthige Frage nach dem jungfräulichen
1190 3215 2241 3291 Symbol. Zagende, zitternde Ausflüchte Pierrette's,
1184 3264 2231 3333 vor der plötzlich wieder das Phantom Pierrot's er¬
1191 3325 2232 3375 schein“ den Schleier in den Händen. Pierreite sucht
1194 3358 2224 3421 ihn zu erhaschen, Arlecchino faßt ihre Hand und
1193 3420 2222 3475 folgt ihr, wohin sie willenlos, fast bewußtlos eilt —
1186 3458 2221 3536 in Pierrot's Zimmer. Dort liegt der Schleier, und
1191 3516 2226 3564 in der anderen Ecke der todte Liebhaber. Hier also
1200 3561 2229 3615 brach sie die Treue! Arlecchino schleppt den Leich¬
1185 3603 2231 3683 nam an den noch reichbesetzten Tisch und zwingt
1192 3649 2229 3710 Pierrette, dem Todten zuzutrinken. Dann läßt er sie
1192 3716 2235 3759 mit ihm allein und schließt die Thüre. Die entsetzte
1189 3758 2204 3810 Pierrette tanzt sich in den Wahnsinn und sinkt end
1190 3795 2223 3856 lich vor Pierrot entseelt zu Bohen. Die Thüre wird
1183 3854 2219 3903 erbrochen; die eintretenden Freunde erblicken das
1179 3897 1549 3963 tedte Lie espaar.
1297 3943 2224 4007 Die Musik Dohnänyi's imponirt vor Allem
1186 3994 2226 4055 durch ihre künstlerische Würde. Sie ist in jedem
1190 4052 2239 4115 Takte die Aeußerung einer warmblütigen, geistvollen
2734 4076 3089 4173 e
