3392 4320
276 145 1847 253 23. Der Schleier der Bierrette
775 1040 928 1104 —
169 1101 1760 1151 hit umso beredterer Ueberdies wird die Pierrette=Musik von einer erstaunlichen
173 1136 1750 1206 nist Dohnanyi mit Menge kleiner Klangbilder, rhythmischer Figuren durchsetzt.
175 1202 1755 1259 geradezu bei einem Alles für den Moment eingestellt, blitzschnell wechselnd mit
572 1246 1757 1303 den Bewegungen, dem Mienenspiel der Personen. Die Leitmotive
173 1242 559 1313 nluft geatmet hat,
565 1293 1753 1348 sind zumeist zutreffend gewählt, zeigen markante Fassung.
173 1297 242 1373 in
235 1283 568 1374 die Welt der
216 1336 556 1408 Strenges, dem
566 1347 1751 1415 Der Schleier Pierrettens flattert in gleißenden Terzen¬
162 1375 563 1455 inz Angepaßtes ist
572 1382 1751 1450 gängen auf und nieder, eine kleine Gazewolke in Tönen.
570 1442 1748 1486 Pierrette wird mit einem melodischen Thema von etwas
165 1438 556 1505 ksche Tiefen hinab¬
162 1488 561 1543 einen Neuling des
567 1480 1761 1536 launenhafter Anmut gezeichnet; Arlecchino hat seine finstere,
570 1536 1753 1598 wie zähneknirschende Sextole und aus den Bässen steigt das
169 1534 557 1601 Geschicklichkeit, mit
566 1584 1753 1632 bange, dumpfe Thema Pierrcks auf. Es hängt sich wie ein
173 1587 558 1652 liegt, die Gestalten
572 1628 1750 1698 Schatten an Pierrette, verfolgt sie bis zum grausigen Ende,
168 1634 552 1705 n die letzte Einzel¬
568 1685 1606 1753 mahnend, drohend, unerbittlich wie das Verhängms.
162 1681 555 1749 ngen und Gebärden
171 1736 563 1798 nur einer, der den
646 1737 1747 1790 Dieses Hauptmotiv beherrscht schon das Vorspiel,
573 1766 1749 1832 bereitet die trübe Stimmung der ersten Szene vor. Sehr
161 1780 555 1845 ie hat und dazu
570 1827 1753 1888 beweglich seufzt und schluchzt das Orchester mit dem trost¬
173 1825 551 1894 Orchesters gebietet.
567 1877 1756 1939 losen Pierrot und es kichert und schäkert, wenn das Boheme¬
179 1879 557 1944 doppelten Vorzug,
206 1930 548 1995 Daß die Erfin¬
571 1928 1754 1984 quartett in das Zimmer hüpft und dann sein Tänzchen
172 1967 561 2040 fließt, sei immerhin
572 1968 1754 2031 improvisiert. Bei reizender Walzermusik, die sich auf weichsten
179 2026 566 2091 hier auf Wagner
567 2017 1763 2097 Rhythmen wiegt. Eine Valse noble, aber schon hier mit
162 2072 555 2138 inn Strauß deuten,
576 2076 1752 2136 Betonung der Wiener Note, wie fast alles, was sich im
162 2121 569 2188 s so ungefähr „in
579 2117 1753 2176 Dreivierteltakt dreht. Ausdrucksvoll begleitet das Orchester
175 2170 574 2236 auch hier eine so
572 2170 1744 2227 die Wiederbegegnung des Paares, umspielt die Liebesszene
157 2218 556 2286 de Einflüsse nie die
567 2219 1749 2269 mit einer schmachtenden Kantilene, die bei den letzten Um¬
183 2269 564 2337 eingewirkte Fäden
577 2264 1749 2325 armungen zu zärtlicher Tristan=Ekstase aufglüht. In der
581 2322 1747 2380 aufregenden Vergiftungsszene nimmt auch die Musik schar¬
166 2317 558 2373 einer Musik. Man
161 2366 561 2430 libes „Sinfonische
571 2362 1754 2425 fen dramatischen Anlauf, untermalt den Vorgang mit
569 2421 1745 2471 düsteren und grell aufblitzenden Klängen, schreit der davon¬
182 2414 549 2483 kann man sagen,
161 2461 562 2530 ime geschrieben hat.
560 2467 1755 2525 stürzenden Braut wütend das Motiv Pierrots nach. Ein
562 2507 1745 2567 Walzerpotpourri besorgt als Zwischenaktmusik den Ueber¬
162 2505 570 2578 reicher, oft witziger
571 2564 1750 2623 gang zum Hochzeitsball. Diese Tanzmusik eilt der Bieder¬
164 2561 577 2624 hrsamkeit aus dem
163 2617 1744 2673 sikalischen mit den meierzeit um einige Jahrzehnte voraus. Johann Strauß,
179 2659 1754 2708 e steht auch zumeist der Sohn, hat hier das erste Wort und behält das letzte;
164 2706 1749 2771 ganzen Reihe fest= also voriges Jahrhundert, das schon bis zur Mitte
165 2756 560 2817 die Pantomime ist
568 2751 1752 2814 vorgeschritten ist und auch darüber hinaus. Für den
577 2803 1748 2860 Anachronismus entschädigt immerhin der gut getroffene
165 2808 562 2879 eitmotiven gespannt,
187 2857 561 2927 schlingen, in den
566 2856 1750 2912 fesche Ton und die geschmackvolle Instrumentierung.
566 2908 1760 2962 Die graziös=steife Gavotte beim Promenieren der Gäste, das
163 2900 562 2969 ichen, von bunten
189 2952 560 3019 Der Musiker und
570 2959 1749 3012 hübsch verzopfte, am Schlusse mit einer Variation verbrämte
197 3004 562 3067 zu dem gemein¬
567 2996 1758 3068 Menuett, zu dem sich die Gesellschaft trotz Abwesenheit der
224 3046 1761 3102 Schilderung der Braut entschließt, erinnern dann an altväterliche Tanz¬
157 3097 1764 3159 seelischen Voraänge. ordnuna. Wenn die Musikanten auf ihren arg zerschlagenen
2001 149 2439 230 box 27/5
1966 1176 3169 1234 Instrumenten noch mit einer Polka aufwarten müssen, so
1977 1213 3183 1288 gibt das eine bemerkenswerte Leistung im Falschspielen.
1973 1271 3165 1332 Hier entspringt die Kakophonie wirklich einer musikalischen
1988 1316 3164 1383 Zwangslage. Lauter spaßige Dissonanzen, mit besonderer
1975 1366 3161 1427 Berücksichtigung einer verstümmelten Klaviatur, zerrissener
1979 1420 3159 1471 Violinsaiten und bedenklicher Klappenfehler der Klarinette.
1976 1463 3165 1520 Die groteske Polka wendet sich bald ins Gespenstische, da
1978 1515 3170 1559 bei der Erscheinuh des toten Pierrot sein Motiv als
1976 1554 3177 1630 finstere Unterstimme in den Tanz hineindröhnt. Die heftige
1985 1612 3166 1670 Erregung zittert noch durch das sinfonische Vorspiel, das
1984 1668 3166 1729 zum letzten Bilde hinüberleitet. Die Musik illustriert dann
1979 1702 3168 1774 mit einer Fülle ausdrucksvoller Details die teuflische Rache
1986 1764 3170 1820 des Betrogenen, die Todesangst der Braut, und die phan¬
1975 1800 3168 1868 tastischen Walzermelodien, bei deren Klängen Pierrette
1978 1848 3170 1915 immer wilder den Leichnam umkreist, verzerren sich zum
1986 1899 3171 1968 Schlusse so unheimlich, wie die Züge der wahnsinnigen Tänzerin.
2071 1951 3174 2021 Das Werk fand eine überaus warme Aufnahme; mit
1985 1997 3167 2062 gespanntem Interesse folgte das Publikum bis zum
1983 2047 3175 2113 Schlusse den aufregenden Vorgängen auf der Bühne und
1980 2092 3179 2171 der geistvollen Musik Ernst Dohnanyis. Die Aufführung
1984 2154 3164 2214 war mit besonderer Sorgfalt vorbereitet; zwischen der Bühnen¬
1979 2193 3170 2272 aktion und dem von Herrn Szikla temperamentvoll ge¬
1975 2239 3162 2301 leiteten Orchester gab es volle Uebereinstimmung und leben¬
1973 2299 3164 2359 diges Ineinandergreifen. Frau M.=Szoyer spielte die
1979 2320 3176 2421 Pierrette. Sie hatte in Pose und Geste reiche Abwechslung
1979 2402 3161 2464 zu bieten und sie bewahrte auch in den tragischen Momenten,
1985 2456 3165 2510 in der Vergiftungsszeue, beim Hochzeitsball und im aus¬
1977 2501 3166 2560 brechenden Wahnsinn noch die Anmut des einfachen
1983 2553 3164 2610 Bürgermädchens. Sie bot in dieser schwierigen, auf starke
1978 2583 3167 2659 Effekte angelegten Rolle weitaus mehr, als man ihrer
1984 2648 3177 2706 heiteren Soubrettennatur zugetraut hätte. Ballettmeister
1982 2680 3172 2755 Guerra, der bisher nur im Probesaal und hinter den
1977 2738 3171 2798 Kulissen seines Amtes waltete, erschien zum ersten Male
1976 2788 3177 2857 als Darsteller auf der Bühne. Er bewährte sich als vor¬
1986 2836 3185 2907 trefflicher Mimiker, gab den finsteren Arlecchino sehr
1982 2890 3154 2953 charakteristisch, mit plastischer Gebärde, ausdrucksvollen
1979 2937 3143 3008 Mienenspiel. Man sah eine energisch gezeichnete Figun
1983 2989 3147 3044 Herr Kornai, auch sonst einer der besten Darsteller in
1989 3034 3158 3111 Sängerensemble des Operntheaters, gab den Pierrot. Ele
1982 3089 3175 3174 gant und empfindsam, dabei mit einem stilisierten Auflug,
1990 3145 2666 3213 wie ihn auch sein Kostüm zeigte.
2541 3190 2675 3265 —
2621 3230 2663 3292 8
