3436 4352
541 171 588 239 D
2041 178 2479 265 box 27/5
302 176 1890 264 23. Ler Schleien der Pierrette
1956 1405 2306 1488 Telephen 12.891.
1409 1535 2129 1630 „UDSENVER
1238 1618 2349 1686 I. österr. behördl. konz. Unternehmen für Zeitungs-Ausschaltte
1435 1661 2174 1736 Wien, I., Concordiaplatz 4.
1655 1718 1969 1784 Vertretungen
1245 1766 2353 1837 in Berlin, Basel, Budapest, Chicago, Cleveland, Christiania.
1237 1806 2350 1874 Genf, Kopenhagen, London, Madrid, Mailand, Minnespolts,
1234 1841 2347 1912 New-Vork, Paris, Rom, San Francisco, Stockholm, St. Prter¬
1648 1888 1944 1943 burg, Toronto.
1554 1917 2045 1988 (Ouclienangabs ohns Awvähr.
1596 1975 2449 2063 Norddeutsche Allgemeine Zeitulig.
1234 1985 1680 2064 Ausschnitt aus
1891 2033 2113 2120 Berlln,
1236 2066 1732 2143 vom: 25 1 72. 0
1507 2195 2062 2288 Theater und Musik.
1255 2270 2381 2349 F. Z. Man schreibt uns aus Dresden: Das nur noch wenig
1183 2329 2387 2372 gepflegte Genre der Pantomime hat einen unerwarteten Erfolg
1177 2362 2385 2419 gehabt: an der Dresdener Hofoper wurde Der Schleier
1197 2403 2389 2458 der Pierrette Pantomime in drei Bildern von Arthur
1184 2439 2397 2502 Schnitzler mit Musik von Ernst v. Dohnänyi, mit wärmster
1191 2479 2391 2532 usgenommen. In der Tat ist damit ein Werk ge¬
1182 2521 2394 2583 schaffen, das auch den gegen diese Kunstart Eingenommenen szur Be¬
1186 2554 2386 2617 wunderung und zum Miterleben hinzureißen vermag. Daß der
1188 2595 2384 2640 Handlungsvorgang ziemlich kraß ist, entspricht den Gesetzen der
1183 2636 2391 2696 Gattung, die deutliche Linien braucht und die Mitteilung der zarteren
1189 2677 2391 2731 Empfindungen und der lyrischen Stimmungen ganz der Musik über¬
1183 2712 2392 2770 läßt. Pierrette soll den finsteren Arlecchino heiraten, liebt aber
1175 2750 2390 2797 Pierrot. Im Brautschmuck eilt sie zu ihm, will sich mit ihm ver¬
1178 2795 2389 2850 giften, findet aber die Kraft dazu nicht, während er entseelt zu Boden
1178 2824 2391 2894 sinkt. Sie flieht zurück aufs Hochzeitsfest, verfolgt vom Schatten
1176 2865 2389 2926 Pierrots, der ihr den liegengelassenen Brautschleier entgegenhält.
1184 2909 2391 2967 Halb wahnsinnig eilt sie zurück, Arlecchino folgt ihr, findet den Toten,
1182 2940 2385 3004 setzt ihn aufs Sofa und zwingt Pierrette, ihm zuzutrinken. Dann
1191 2990 2395 3053 schließt er sie ins Zimmer ein. In wildem Tanze bricht ihr Wahn¬
1181 3019 2382 3079 sinn aus, und die Freunde finden sie tot am Boden neben Pierrots
1181 3063 2393 3125 Leiche. Dohnänvis Musik ist von höchster Verve und beredtester
1176 3094 2392 3166 Sprache, malt mit künstlichen Nuancen alle Vorgänge, nutzt
1166 3154 2386 3200 alle Instrumentationsmöglichkeiten des modernen Orchesters aus,
1186 3216 2410 3291 euj uscljofini sm Gjjugjaoa ub Bunaoibogg nauso) umbog
1177 3256 2341 3320 muoa (pij a#holog II ujohngs aoswvg obigupjsabaisung 1n0
