3344 4256
646 70 1361 136 Wien, I., Conoordiaplatz 4.
830 117 1137 186 Vertretungen
430 173 1538 243 in Berlin. Basel, Budapest, Chicago, Cleveland, Christianta.
434 209 1532 263 Oenl. Kopenhagen, London, Madrid, Malland, Minneapolls,
429 250 1531 318 New-Vork, Paris, Rom, San Francisco, Stockholm, St. Peters¬
823 290 1129 343 burg, Toronto.
738 331 1205 398 (Onelienangabe eie Dewül.
412 382 803 458 Ausschnltt aus:
887 472 993 560 20
479 512 576 596 11
1043 501 1191 597 EN
586 517 941 609 B
429 598 514 695 7
591 628 1416 768 Theater und Musik.
596 756 1346 843 „Der Schleier der Vierrette.“
476 832 1475 901 (Inhaltsangabe der heutigen Novität von Schnitzler
799 879 1175 946 und Dohnanyi.)
828 921 1149 992 Erster Akt.
571 966 1468 1041 Trüb und einsam sitzt Pierrot in seinem Stüb¬
487 1015 1471 1086 chen vor Pierrettens Bild an seinem Schreibtisch
473 1076 1470 1139 und weint der verlorenen Geliebten nach, die heute
477 1103 1469 1168 mit Arlechino im Hause ihrer Eltern Hochzeit feiert.
482 1153 1467 1195 Die Dämmerung gleitet durch den Raum und Pierrot
479 1184 1463 1248 sinkt vom Schlummer übermannt auf sein Lager.
481 1231 1467 1288 Plötzlich springt die Tür auf und der Diener geleitet
473 1279 1458 1347 das Freundespaar Fred und Florestan mit ihren
470 1316 1465 1382 Geliebten herein, die mit dem Klavierspieler gekom¬
482 1365 1456 1433 men sind, um Pierrot zum Schmaus und Tanz im
471 1392 1458 1469 Grünen abzuholen. Doch olle Erheiterungsversuche
474 1453 1468 1504 gleiten an Pierrots düsterer Laune ab und achsel¬
469 1492 1459 1551 zuckend und tänzelnd wie sie gekommen verlassen
470 1534 1459 1594 die Freunde wieder das Zimmer. Auch der Diener
472 1575 1463 1658 wird von Liebessehnsucht geplagt und bittet um
464 1615 1451 1671 Ausgang für heute Abend. Unwillig entläßt ihn
466 1642 1460 1722 Pierrot. Er ist wieder ganz mit seinen Gedanken
463 1693 1447 1759 allein. Er wirft alle Erinnerungen an Pierrette bei¬
457 1753 1453 1817 seite und will eben davonstürmen, als plötzlich
463 1792 1453 1855 Pierrette erscheint. Sie kommt im Brautschmuck von
466 1831 1463 1904 der Hochzeitstafel und gibt dem geliebten Dierrot
465 1874 1459 1918 ihren Entschluß kund, mit ihm vereint aus dem Le¬
459 1916 1457 1979 ben zu scheiden. Zögernd willigt Pierrot ein, hoch
460 1958 1458 1999 als nach einer in seligem Liebestaumel verbrachten
467 1997 1464 2066 Stunde Pierrot die Gläser mit dem todbringenden
467 2047 1462 2104 Trank füllte und das seinige leert, ist es nun Pier¬
468 2081 1446 2146 rette, die vor dem Ende zurückschandert. Mit ver¬
453 2118 1449 2204 ächtlichem Lachen schleudert Pierrot ihr das Glas
453 2174 1456 2235 aus der Hand und stürzt tot bei ihrem Bilde nieder.
463 2210 1441 2277 Pierrette versucht vergeblich, ihn ins Leben zurück¬
471 2259 1447 2336 zuführen; endlich stürzt sie verzweifelt davon, ihren
452 2280 1382 2367 Brautschleier im Zimmer Pierrots zurücklassend.
773 2346 1145 2419 Zweiter Akt.
543 2396 1451 2484 Im Festesjubel hat man das Verschwinden
449 2451 1448 2520 Pierrettens nicht bemerkt, Vater und Mutter nehmen
451 2498 1447 2570 die Glückwünsche der Gäste entgegen, bis endlich
457 2543 1448 2611 Gigolo, der Tanzarrangeur den mürrisch und ver¬
457 2587 1440 2648 schlossen dastehenden Arlechino bittet, am Tanze teil¬
461 2630 1443 2696 zunehmen. „Ja gern, aber Sie sehen doch, Pierrette
457 2674 1444 2718 ist nicht da.“ Man durchforscht das ganze Haus, ver¬
458 2716 1445 2771 geblich, Vater und Mutter sind trostlos und Arle¬
460 2757 1448 2810 chino schleudert in seiner Wut die fürchterlichsten
457 2797 1446 2849 Drohungen gegen die unschuldigen Eltern. Da plötz¬
466 2837 1447 2902 ich erscheint Pierrette auf der Schwelle, als ob nichts
444 2873 991 2932 geschehen. „Wo warst Du?“
996 2882 1446 2955 „„In meinem Zimmer
457 2919 1436 2987 oben““ „Das ist nicht wahr“ „„Ach quäl mich nicht,
442 2943 1441 3026 ich will tanzen““ Zögernd gibt sich Arlechino darein
444 3013 1437 3064 und der Tanz beginnt. Während diesem erscheint,
447 3051 1439 3099 für alle anderen unsichtbar, der tote Pierrot und
444 3094 1444 3140 winkt Pierrette ihm zu folgen. Sie ist einer Ohn¬
448 3123 1436 3187 macht nahe, als plötzlich Arlechino das Fehlen des
440 3180 1437 3241 Brautschleiers entdeckt und Pierrette aus dem Saale
440 3211 1448 3283 weist: „Du wirst jetzt mit mir vereint den verlo¬
448 3259 1156 3326 renen Schleier wieder herbeischaffen.“
761 3318 1138 3382 Dritter Akt.
523 3361 1432 3436 Im Morgengrauen erreichen beide Pierrots
439 3405 1432 3482 Zimmer. Pierrette stürzt auf den im Zimmer lie¬
442 3467 1441 3513 genden Schleier zu und will fort, doch Arlechino
441 3511 1435 3567 sieht sich im Raume um und gewahrt endlich den
442 3550 1429 3607 toten Pierrot am Boden. Er entdeckt wo und mit
432 3593 1434 3643 wem er betrogen worden und schwört Rache. Da
438 3626 1426 3676 Vierrette sich mit dem lebenden Pierrot so gut ver¬
442 3667 1430 3737 standen, möge sie auch des Toten Gesellschaft nicht
439 3718 1425 3767 scheuen. Er schleppt die Leiche zum Sofa, setzt sie
431 3758 1430 3819 vor den gedeckten Tisch und enteilt, indem er das
430 3796 1426 3863 Zimmer verschließt. Pierrette mit dem Toten allein
436 3843 1429 3900 gelassen, verfällt dem Wahnsinn und sinkt tot zu
434 3879 1439 3947 Pierrots Füßen nieder. Da wird die Tür erbrochen,
439 3936 1427 3974 und die beiden Pärchen, Pierrots Freunde mitz ihren
427 3973 1431 4026 Damen kommen vom Tanz heim und finden von
437 4011 1434 4093 Grausen gepackt das entseelte Liebespaar am Boden.
2747 209 3067 288 Telephon 12.801.
2199 348 2833 435 „ODSERTER
1967 446 3079 499 1. öeterr. behördl. konz. Unternehmen für Zeitungs-Ausschnltte
2163 483 2912 553 Wien, I., Concordiaplatz 4.
2377 536 2699 602 Vertretungen
1990 587 3086 638 In Berlin, Basel, Budapest, Chicago, Cleveland, Christiania,
1989 631 3075 688 Oenf, Kopenhagen, London, Madrid, Mailand, Minneapolla
1988 667 3079 735 New-Vork, Paris, Rom, San Francisco, Stockholm, St. Peters
2389 708 2681 763 burg, Toronto,
2293 748 2763 826 (Quellenangabe ohne DewährI.
1970 800 2384 900 Ausschnitt aus:
2389 823 2648 956 raGe
2131 902 2429 987 18 8 1910
1979 937 2133 1016 An
2267 977 2695 1074 Thcater.
2142 1062 2827 1154 Der Schleier der Pierrette“.
2141 1143 2808 1215 (Zur heutigen Erstaufführung.)
2091 1199 2964 1292 Die Handlung zu Ernst von Dohnanys Werk
1983 1238 2949 1319 ist bekanntlich Schnitzlers gleichnamiger Panto¬
1985 1297 2953 1357 mime entnommerntierung des Theater¬
1992 1344 2956 1402 publikums sei hier die vom Regisseur Herrn Kurt
2007 1385 2758 1451 Stern skizzierte Handlung mitgeteilt:
2306 1432 2643 1519 Erster Akt.
2095 1496 2959 1573 (Bei Pierrot.) Trüb und einsam sitzt Pierrot
1986 1557 2952 1617 in seinem Stübchen vor Pierrettens Bild an seinem
1989 1593 2962 1656 Schreibtisch und weint der verlorenen Geliebten
1991 1640 2958 1689 nach, die heute mit Arlechino im Hause ihrer Eltern
1984 1676 2958 1741 Hochzeit feiert. Die Dämmerung gleitet durch den
1980 1727 2951 1790 Raum und Pierrot sinkt vom Schlummer über¬
1990 1759 2948 1825 mannt, auf sein Lager. Plötzlich springt die Tür
1987 1810 2951 1878 auf und der Diener geleitet das Freundespaar Fred
1999 1859 2954 1920 und Florestan mit ihren Geliebten herein, die mit
1986 1898 2941 1964 dem Klavierspieler gekommen sind, um Pierrot zu
1985 1936 2947 2003 Schmaus und Tanz im Grünen abzuholen. Doch
1976 1989 2947 2053 alle Erheiterungsversuche gleiten an Pierrots
1983 2024 2943 2085 düsterer Laune ab und achselzuckend und tanzelnd,
1979 2070 2943 2121 wie sie gekommen, verlassen die Freunde wieder das
1983 2109 2955 2178 Zimmer. Auch der Diener wird von Liebessehnsucht
1985 2168 2942 2224 geplagt und bittet um Ausgang für heute Abend.
1989 2207 2945 2270 Unwillig entläßt ihn Pierrot. Er ist wieber ganz
1971 2237 2932 2303 nit seinen Gedanken allein. Er wirft alle Erinne¬
1976 2297 2938 2364 rungen an Pierrette beiseite und will eben davon¬
1977 2340 2934 2396 stürmen, als er plötzlich auf der Gasse Pierrettens
1982 2369 2937 2438 Gestalt sich nähern sieht. Ueberselig stürzt er
1975 2412 2938 2487 hinunter, ihr entgegen. Sie kommt im Braut¬
1984 2464 2936 2528 schmuck von der Hochzeitstafel und gibt dem ge¬
1977 2503 2941 2573 liebten Pierrot ihren Entschluß kund, mit ihm ver¬
1986 2555 2943 2622 eint aus dem Leben zu scheiden; zögernd willigt
1983 2597 2931 2655 Pierrot ein, doch als nach einer in seligem Liebes¬
1984 2640 2936 2701 taumel verbrachten Stunde Pierrot die Gläser mit
1971 2672 2944 2749 dem todbringenden Trank füllte und das seinige
1964 2719 2926 2788 lerrt, ist es nun Pierrette, die vor dem Ende zu¬
1970 2769 2931 2827 rückschauert. Mit verächtlichem Lachen schleudert
1971 2819 2947 2891 Pierrot ihr das Glas aus der Hand und stürzt tot
1960 2845 2931 2915 bei ihrem Bilde nieder. Pierrette versucht ver¬
1958 2893 2939 2979 geblich, ihn ins Leben zurückzurufen; endlich stürzt
1975 2937 2934 3006 sie verzweifelt davon, ihren Brautschleier im Zim¬
1969 2985 2496 3047 mer Pierrots zurücklassend.
2261 3034 2626 3115 Zweiter Akt.
2061 3094 2928 3192 (Im Hochzeitssaal.) Im Festesjubel hat maß
1957 3136 2918 3219 das Verschwinden Pierrettens nicht bemerkt, Vate
1961 3205 2913 3253 und Mutter nehmen die Glückwünsche der Gässe
1955 3225 2920 3301 entgegen, bis endlich Gigolo, der Tanzarrangeur
1955 3291 2922 3353 den mürrisch und verschlossen dastehenden Arlechino
1957 3327 2925 3390 bittet, am Tanze teilzunehmen. „Ja gern, aber Sie
1964 3370 2925 3434 sehen doch, Pierrette ist nicht da". Man durchforscht
1955 3405 2930 3485 das ganze Haus, vergeblich, Vater und Mutter sind
1959 3458 2915 3524 trostlos und Arlechino schleudert in seiner Wut die
1961 3492 2922 3570 fürchterlichsten Drohungen gegen die unschuldigen
1956 3543 2911 3612 Eltern. Da plötzlich erscheint Pierrette auf der
1963 3588 2902 3639 Schwelle, als ob nichts geschehen: „Wo warst Du?“
2000 3620 2910 3693 „„In meinem Zimmer oben!““ — „Das ist nicht
1949 3682 2915 3756 wahr!“ — „„Ach, quäl mich nicht, ich will tanzen!““
1951 3714 2905 3786 Zögernd gibt sich Arlechino darein und der Tanz be¬
1954 3771 2906 3821 ginnt. Während diesem erscheint für alle anderen
1949 3807 2915 3872 unsichtbar, der tote Pierrot und winkt Pierrette
1943 3846 2910 3900 ihm zu folgen. Sie ist einer Ohnmacht nahe, als
1947 3886 2917 3957 plötzlich Arlechino das Fehlen des Brautschleiers
1941 3937 2908 3986 entdeckt und Pierrette aus dem Saale weist: „Du
1941 3969 2913 4052 wirst jetzt mit mir vereint den veriorenen Schleier
1949 4014 2377 4083 wi. der herbeischaffen.“
2879 4058 2947 4125 —
2255 4071 2578 4148 Dritter Akt.
