3344 4320
1995 94 2427 186 box 28/1
273 100 1820 194 23. Der Schleiender- Bierrette
1648 446 2281 538 geo. " —o1, 1 Tagesor
2115 517 2275 572 Unser K
916 477 1650 592 Niklasdorf, 18. Dez., Scheidlstraße 44.
1644 518 1937 627 scre
2113 596 2281 649 abends,
2119 641 2289 685 samm
2119 675 2293 728 straße 4
1001 666 2034 772 Bahne und Kunst.
2124 710 2301 765 Herr M.
2116 747 2286 806 Wunder
1021 748 2033 846 „Der Schleier der Pierette“ bei Tairoff.
2119 779 2295 868 setzung !
1167 830 1881 914 Gastspiel im Deutschen Volkstheater.
1036 893 2102 948 Pantomime als Ausdruckskunst könnte ein Schlagwort
950 952 2101 1001 werden: die Voraussetzungen sind im Ballett gegeben, das vom
950 990 2108 1058 reinen Tanz so weit entfernt ist, wie die Pantomime vom
937 1056 1128 1125 Theater.
2142 1054 2272 1129 Der
1042 1071 2098 1168 Bei Tairoff ist es umgekehrt. Er kommt von der Aus¬
938 1131 2097 1199 druckskunst her und greift nach der Pantomime, um
2210 1160 2303 1248 W
948 1186 2098 1269 für jene in dieser ein Objekt zu finden. Boi aller Primitivität
2124 1222 2284 1304 Prozeß
944 1237 2104 1294 die Sehnsucht nach schöner Bewegung, nach der Aesthetik des
950 1301 2096 1355 Auges, bei allem Konstruktivismus die Sehnsucht nach einem
2120 1284 2304 1358 begann
950 1345 2109 1411 russischen Rokoko, das der Maler Konstantin Somoff so glück¬
958 1389 1932 1457 lich erfunden oder — besser gesagt — erträumt hat.
2121 1388 2308 1452 unter
1045 1435 2101 1497 Wenn einem Dichter nichts einfällt oder wenn er wort¬
2127 1439 2301 1503 habe, di
2118 1484 2300 1559 delka
955 1471 2101 1572 müde geworden, tastet er nach einem wortlosen Gebilde. Hier
951 1528 2101 1595 ist es die Pantomime. Und wenn einem Komponisten nichts
2130 1541 2303 1599 Kronen
951 1580 2106 1649 einfällt, dann „malt“ er in Tönen, ergibt sich einem Akkord¬
2139 1591 2309 1656 sie noch
961 1626 2103 1710 geplätscher, er wird wahl= und kritiklos. Beide werden Epi¬
2140 1644 2313 1718 Detac
956 1667 2118 1745 gonen. „Der Schleier der Pierette, ist das Werk eines müden,
2220 1686 2318 1753 Es
955 1728 2117 1792 abgebrauchten Epigonentums, eine Backfischangelegenheit, derer
2128 1739 2318 1807 leutnant
960 1778 2105 1854 man bald müde wird. Nein, Pierrot — Pierette — Harlekin
964 1826 2107 1900 sind nicht ewig, ihre Anziehungskraft ist erblaßt, nur noch im
2131 1846 2315 1913 einander
959 1887 2101 1962 Kabarett fristen sie ein dilettantisches Dasein: verwässerte Bal¬
2130 1896 2312 1954 wollten.
967 1918 2110 1994 lade, garniert mit Tristan=, Fidelio= und Bajazzo=Gemüse.
2133 1939 2327 2023 seiner #
950 1985 1659 2053 Kinomusik auch in der Darbietung!
2139 2000 2346 2064 Worte
1059 2010 2109 2087 Was Tairoff zu diesem Expermient führte, war die Mög¬
968 2073 2114 2145 lichkeit der Ueberwindung der körperlichen Unzulänglichkeiten
968 2123 2113 2188 und das Zeitlose des Sujets. Die trainierten Körper seiner
2133 2158 2328 2232 gestern
959 2179 2105 2255 Schar konnten sich ausleben, sein gotischer Stil ward wiederum
2137 2206 2329 2281 durchgefi“
966 2222 2104 2291 offenbar. Das Phantastische, das Dichtung und Musik vorent¬
964 2267 2340 2355 hielt, dichtete er selber in Farben, Kostümen, im Szenischen. 1 Wahnss
1229 2674 1537 2764 4. Juli 1925
1926 2698 2124 2774 Seite 7
1103 2790 2173 2873 Diesmal gab es bei aller Gliederung, bei allem Streben
1013 2856 2156 2911 nach harmonischer Durchbildung des Ganzen „Prominente“.
1010 2899 2165 2959 Zunächst den Tausendfassa Alexander Rumneff. Die schlanke
1019 2939 2158 3009 Figur dieses Jünglings vermochte das zarte, träumerische,
1026 2992 2169 3054 ätherische Wesen Pierrots zur Geltung zu bringen. Dämonisch
1024 3047 2156 3090 neben ihm in satanisch=mephistophelischer Maske der Harlekin
1021 3094 2164 3161 Boris Ferdinandoffs, gewaltig im Ausdruck, der einzige,
1021 3139 2173 3187 der Pantomime spielte. Frau Coonen fehlte diesmal
1006 3193 2154 3254 das Ueberzeugende. Mehr Madonna als Pierette brachte sie
1017 3232 2157 3291 uns um das starke Erlebnis. Der Wahnsinn, den sie mimte,
1021 3284 2165 3358 war ein „holder“ Wahnsinn, der Tod, den sie starb, ein holder
1009 3335 2157 3412 Blumentod. Ueberaus grotesk, von eindringlicher Wirkung, der
1014 3375 2158 3451 Kapellmeister des Nikolai Novljansky, eine Figur aus
1016 3427 2025 3498 E. T. A. Hoffmann und wahrscheinlich auch so gedacht.
1095 3471 2150 3548 Die Massenszenen zeigten wieder Tairoffs erfinderische,
874 3498 982 3572 in¬
1011 3528 2158 3585 wenn auch bisweilen harte Hand. Die Schwäche lag, man kann
879 3533 985 3595 gen
1009 3569 2156 3645 es nicht ändern, bei Dichter und Komponist. Das Publikum
878 3581 973 3639 An¬
894 3620 978 3668 185
1002 3620 2150 3682 wollte Bällett sehen und kam nicht auf seine Rechnung. Der
875 3659 966 3715 ko¬
1012 3674 2154 3745 Applaus galt dem anerkennenswerten Willen des Künstlers
874 3690 1184 3787 he 1Tairoff
1644 3717 2128 3798 Oskar Rosenfeld.
