3392 4384
431 161 583 239 Der
1094 172 1186 239 de
1943 170 2386 247 box 27/5
206 176 1804 273 23. ##Schleien ierrette
244 564 612 664 Telestes 12.801.
128 650 373 827 VER
124 788 630 893 sen für Zoltunge-Ausschuatte
113 864 479 953 Ediaplatz 4.
122 943 204 1004 8
116 949 645 1045 ro, Cleveland, Cintsdante
114 1002 642 1088 Adrid, Malland, Minnespolls,
110 1049 640 1129 Meisco, Stockholm, Bt. Petenr¬
122 1107 279 1169 Fonto.
118 1127 348 1220 u
115 1183 653 1289 Adetter efeete
121 1271 529 1388 Naetiedr
548 1479 2549 1542 .. Kampsen um die Verbandomeisterund 2.. „ „ Re
369 1581 3264 1628 Nichte Giulietta heiraten, die jedoch denmusiker. Am meisten gefielen im ersten Aktiwie bei der Oper, ein Stück gesungene Wirklich¬
2266 1608 3259 1666 keit vor uns, sondern ein Spiel, an das wir
362 1613 2284 1675 Studenten Lorenzo liebt. Bei einem Stelldich= das Duett zwischen Schüler und Meister mit
2277 1646 3257 1700 schon durch die Pierrot=Tracht immer wieder er¬
1324 1640 2289 1708 nachfolgendem Lachqnartet, im zweiten der den
360 1658 1343 1701 ein gestört, erklärt Lorenzo dem Niccolo auf die
2278 1691 3261 1738 innert werden; eine Tragödie, die jedoch durch
1321 1686 2286 1747 Professor parodierende Lorenzo mit dem großen
373 1700 1330 1747 Frage, was er in seinem Hause zu suchen habe,
2272 1715 3265 1779 die Stummheit der Darsteller etwas Schemen¬
1223 1741 1338 1788 ge¬
1319 1724 2273 1781 Schlußchor. Waschow als Professor hatte einen
367 1712 1189 1784 daß er — wie Almaviva im „Barbier“
2270 1761 3257 1826 haftes, Traumartiges bekommt; ein Wandel¬
1319 1773 2277 1819 besonders guten Tag, das Liebespaar sang Frau
362 1762 1324 1827 kommen sei, um sein Schüler zu werden. Der
129 1784 308 1867 Akten,
2279 1791 3262 1859 panorama nur daß hier keine Landschaft, son¬
1327 1800 2267 1861 Förster=Fröhlich und Hutt. Der anwesende
368 1817 1326 1867 geschmeichelte Professor bringt ihm sogleich
2275 1844 3254 1892 dern ein Menschenschicksal vor uns abrollt. Dem
1330 1848 2277 1903 Komponist konnte mehrere Male erscheinen,
362 1851 1335 1905 Owids ars amandi bei, die der Schüler schnell
127 1848 284 1921 bach.
2267 1873 3250 1930 eigenartigen Charakter dieses Genres muß na¬
1327 1889 2220 1954 einige Lorbeerkränze wurden ihm gereicht.
362 1877 1331 1940 begreift. In der Nacht darauf bringt er seiner
2276 1916 3259 1969 türlich auch die Musik angepaßt sein; vor allem
1324 1914 1806 1989 Voran ging der Oper
373 1920 1327 1981 Giulietta ein Ständchen, wird aber dabei vom
2276 1964 3255 2015 illustrierend; Richard Strauß sollte einmal die
113 1960 1336 2040 ember 1861] Professor gestört, der in höchster Wut die Nach¬
1467 1978 2128 2057 Der Schleier der Pierrette.
2274 1986 3260 2043 Musik zu einer Pantomime schreiben, denn was
365 2010 1334 2066 barn zur Hilfe herbeiruft, um den Studenten
127 2007 374 2079 nach Köln,
2275 2035 3258 2090 die einheitliche Wirkung seiner „Elektra“ zer¬
366 2047 1335 2102 zu verprügeln. Auf das „Burschen heraus!“
1322 2045 2280 2111 Pantomime in 3 Bildern von Arthur Schnitzler,
118 2037 375 2123 ben, verließ
2266 2064 3264 2128 stört, das Unterstreichen jedes Wortes und Ge¬
371 2083 1333 2140 Lorenzos eilen die Studenten herbei. Es ent¬
122 2094 379 2155 eder, da er
1455 2089 2085 2174 Musik von Ernst von Doh#
2267 2101 3254 2167 sdankens, jeder Geste, das wird gerade bei der
377 2124 1335 2178 steht eine allgemeine Holzerei, die durch das
129 2125 380 2189 noch nicht
2283 2150 3266 2207 Pantomime Pflicht. Dann muß die Musik auch
1380 2137 2280 2206 Der grausig=pikante Inhalt ist folgender:
373 2139 1335 2214 Dazwischentreten des Universitätspedells be¬
114 2161 382 2226 uchsal und
2280 2179 3252 2244 phantastisch sein, um die Effekten herauszubrin¬
1329 2187 2273 2245 Pierrot und Pierrette lieben einander, aber sie
377 2204 1328 2262 endet wird. Lorenzo soll in den Karzer abge¬
121 2204 379 2264 sium. Im
2275 2217 3265 2282 gen, die entstehen, wo das Komische und das
1327 2229 2281 2288 soll den reichen Arlechino heiraten. Sie kommt
363 2242 1335 2299 führt werden, da erklärt er ganz harmlos, er
135 2248 378 2305 Universität
2280 2264 3263 2321 Grausige zusammenstoßen. Die Musik von Doh¬
1327 2264 2281 2329 noch im Brautkranz und Schleier in Pierrots
375 2278 1330 2331 habe nur die Lehren der ars amandi befolgt, die
120 2278 381 2347 no Fischer
2274 2282 3257 2362 nanyt wurde allen Anforderungen gerecht, mehr
1325 2302 2290 2378 Wohnung und bringt Gift mit. Als sie den
366 2318 1324 2368 Niccolo ihm gegeben und wiederholt paro¬
140 2308 376 2383 , wo seine
2275 2334 3261 2404 als das, sie offenbarte stellenweise wie in der
1320 2344 2282 2404 Todestrank gemeinschaftlich an die Lippen setzen,
362 2359 1331 2410 dierend dessen Privatissimum unter dem allge¬
130 2360 377 2426 führt wur¬
2274 2376 3261 2440 grotesken, trauermarschähnlichen Begleitung zu
1325 2384 2283 2441 sehlt ihr der Mut, Pierrot trinkt allein und
141 2392 1328 2445 über und meinen Gelächter der Nachbarn und Studenten.
2275 2428 3255 2478 dem Todesmahle, und mehr noch in der
1326 2435 2284 2484 schlägt ihr sterbend das Glas aus der Hand. Sie
123 2426 1342 2490 kstituts für Da Niccolo weder sich selber, noch den Owid
2283 2451 3263 2520 Schnellpolka der verstimmten Instrumente,
1330 2461 2274 2522 flieht in das Haus ihrer Eltern, wo das Hoch¬
121 2473 1329 2534 ht sein ein= Lügen strafen mag, so segnet er den Liebesbund.
2277 2479 3260 2552 (man denke nur an den danse macahre von
1321 2497 2283 2559 zeitsfest noch im Gange ist. Sie wird gefragt, wo
113 2500 1339 2572 ls er Nach= Das zum Teil in Versen, zum Teil in Prosa
2290 2532 3269 2593 Saint=Saëns) eine wilde Genialität. Im ersten
1320 2534 2278 2595 sie war und wo sie ihren Brautschleier gelassen
361 2540 1336 2611 geschriebene Textbuch erhebt sich nirgends über
180 2561 377 2616 Lehrers
2274 2571 3264 2631 Teil sind mit Geschick und Geschmack Stim¬
1327 2586 2285 2633 hat, da erscheint, nur ihr sichtbar, der tote Ge¬
369 2596 1330 2637 die herkömmlichen Librettophrasen, die Er¬
118 2590 376 2658 g blieb er,
2280 2609 3266 2666 mungseffekte verwendet, wie man sie in Tristan
1329 2618 2280 2676 liebte mit dem Schleier und lockt sie nach sich.
374 2623 1321 2684 findung ist ärmlich. Worte wie „Oh, er ist klug
124 2636 374 2697 folgte, wo
2283 2642 3259 2705 findet, hierzu ist in Gegensatz gesetzt die brutal
1323 2661 2273 2714 So kommen sie in die Wohnung des Pierrots,
374 2667 1325 2718 und weise“ hätte Volbach besser vermieden, da
119 2679 369 2726 Feste leitete.
2271 2683 3258 2758 lärmende Lebensfreude der Glücklichen in einem
1333 2680 2287 2752 wo noch alles unverändert ist. Arlechino durch¬
372 2702 1337 2770 dem Hörer zugleich die bekannten Töne aus
120 2717 367 2771 sten Werke:
2283 2734 3262 2795 rauschenden Wiener Walzer, der von Johann
1321 2740 2279 2794 schaut den Betrug, setzt die Leiche aufs Sofa
374 2752 1329 2801 „Zar und Zimmermann“ einfallen. Und der
125 2752 372 2807 stern" und
2283 2779 3255 2833 Strauß herrühren könnte. Trotz seines zünden¬
1322 2771 2284 2831 und seine Braut daneben, dann verläßt er das
375 2777 1330 2838 ehemalige Bonner und Heidelberger Student
131 2781 370 2853 Balladen¬
2275 2808 3262 2865 den Rhytmus und seiner famosen Steigerung
1334 2823 2281 2875 Zimmer, beide einschließend. Sie fürchtet sich,
366 2828 1334 2882 hätte doch wohl noch ein anderes Studentenlied
117 2817 364 2889 ster, „Vom
2276 2855 3263 2908 beeinträchtigt er jedoch die einheitliche Wirkung
1321 2866 2276 2910 mit der Leiche allein zu bleiben und sucht ver¬
376 2859 1330 2916 fertig bringen können, als das so ganz und gar
119 2872 366 2926 aphael“ für
2273 2889 3267 2943 des Kunstwerkes, weil er durch seine Länge ein
1330 2892 2274 2953 zweifelt einen Ausweg. Da ein Entrinnen un¬
361 2900 1319 2954 unstudentische „Am hellen Tage — Sonnenlicht¬
125 2905 376 2969 Alt=Heidel¬
2274 2923 3268 2977 eigenes Dasein beansprucht, statt dem Ganzen un¬
1320 2938 2286 2985 möglich ist, steigert sich ihre Todesangst bis zum
365 2934 1330 2991 strahlen — wecken im Herzen uns — Liebe und
117 2942 375 3006 .Auch als
2284 2957 3267 3021 tergeordnet zu sein; auch das zweite Zwischen¬
1329 2977 2284 3025 Wahnsinn, sie beginnt einen rasenden Tanz, bis
370 2983 1310 3041 Lust. — Zünden der Liebe — leuchtende Fackel —
122 2977 366 3037 den besten
2280 2995 3263 3062 spiel mit seinen Elektra=Dissonanzen ist zu lang.
1326 3002 2217 3072 ein Herzschlag ihrem Leben ein Ende macht.
373 3012 1316 3073 führen zum Liebchen — sicher den Weg usw.!“
129 3016 383 3091 geschrieben,
2274 3037 3265 3106 Außerdem bietet der Komponist einen ent¬
1372 3044 2277 3104 Es wäre sehr zu wünschen, wenn dieses
143 3053 1329 3113 des Klas= Scheffel würde sich im Grabe herumdrehen!
2281 3060 3264 3134 zückend feinen Walzer, ein zierliches Menuett
1321 3073 2282 3150 Genre hier mehr kultiviert würde; kann man
358 3090 1323 3146 Volbachs Musik zeigt einen Komponisten von
127 3095 370 3163 cklung der
2271 3106 3265 3174 sowie eine Illustrierung der Liebesszene von
1334 3116 2286 3182 es doch als eine Veredelung des Balletts auf¬
163 3130 367 3199 moderne
362 3135 1331 3190 gediegenem musikalischem Wissen und vollendeter
2270 3151 3264 3210 hoher sinnlicher Klangschönheit, sowie manches
1328 3171 2282 3222 fassen. Auch die anmutigsten Bewegungen wir¬
362 3165 1331 3227 Beherrschung der orchestralen Technik, zudem
113 3171 375 3235 gund viele
2278 3200 3258 3249 andere in packenden Rhythmen. An origineller
1329 3204 2284 3263 ken, von vielen zu gleicher Zeit ausgeführt und
115 3218 372 3273 emöglichen
365 3208 1323 3277 hat er Geschmack genug, sich von Nachahmungen
2280 3230 3260 3286 Erfindung steht das Werk weit über Volbachs
1322 3232 2287 3302 zu lang ausgedehnt, monoton; und jeder den¬
121 3259 379 3319 ervorragen¬
667 3243 1325 3307 Jedoch erdrückt seine kom¬
358 3255 688 3311 freizuhalten.
2276 3285 3252 3329 Musik; man hätte die beiden Stücke in umge¬
1328 3278 2290 3338 kende Zuschauer ist sicher froh, wenn an die
360 3302 1332 3354 plizierte polyphone Musik, die den Singstimmen
112 3286 370 3348 lbach als
2274 3305 3264 3370 kehrter Folge aufführen sollen. Die drei Haupt¬
1329 3314 2277 3374 Stelle der geist= und sinnlosen „Hopferei“ eine
360 3322 1333 3389 gegenüber viel zu selbstherrlich auftritt, fast den
118 3327 378 3392 Range eines
2274 3341 3261 3420 personen wurden von Martha Esche,
1318 3354 2284 3411 Pantomime mit Inhalt und Charakterdar¬
125 3366 368 3434 ben Doktor¬
364 3371 1332 3421 harmlos heiteren Stoff, der nach ausge¬
2279 3383 3265 3444 Barré und von Zawilowski eindrucksvoll ge¬
1323 3401 2277 3455 stellung tritt. Wir haben in dieser Art in
127 3416 374 3468 orben. Die
366 3407 1331 3461 sprochenen liedartigen Melodien geradezu
2279 3429 3266 3487 spielt. Das Werk übte eine große nachhaltige
1328 3429 2272 3494 Düsseldorf bisher nur „Der verlorene Sohn“
121 3452 378 3509 ische Werk,
366 3456 1324 3513 schreit. Aber Lieder sind nun einmal (bei den
2285 3467 3258 3522 Wirkung aus und hatte einen schönen Erfolg.“
1319 3469 2288 3530 mit der Musik von Wormser kennen gelernt,
124 3492 374 3546 dazu hat er
360 3489 1336 3540 Komponisten) nicht mehr modern, und so läßt
2279 3495 3258 3562 Kapellmeister Fröhlich, der mit prächtiger Vervei
1316 3501 2274 3579 damit zugleich aber auch eins der originellsten
118 3525 369 3587 azu hat er
366 3535 1324 3585 sich auch hier Volbach die schöne Gelegenheit ent¬
2277 3550 3256 3614 dirigierte und alle Effekte pointierte, sowie Re¬
1329 3555 2279 3608 und besten Stücke dieser Art. Freilich war das
122 3558 362 3627 n Sevilla“
362 3561 1331 3638 gehen, solche dem Publikum vorzusetzen, ob¬
2286 3581 3209 3652 gisseur Leffler konnten wiederholt erscheinen.
1320 3596 2281 3655 Werk für Kabarettaufführungen und die Musik
918 3592 1323 3667 Daß er es kann,
122 3601 362 3666 dlung um
359 3600 938 3667 gleich dieses danach lechzt.
3071 3625 3206 3684 ung.
1332 3633 2297 3686 nur für Klavier geschrieben. Der Schleier der
365 3642 1324 3695 wenn er will, hat er ja bewiesen. Personen und
115 3643 373 3705 e, und wie
1325 3661 2304 3732 Pierrette ist dagegen eine sinfonische Dichtung und
117 3683 375 3740 ufgeblasene
366 3694 1338 3734 Situationen sind markant charakterisiert, davon
131 3697 2315 3790 chaus feinel hat aber das Publikum weniger als der Fach=Tarbeitet mit vollem Orchester. Wirhaben hier nicht,
2448 4085 3030 4167 a
