3392 4384
330 133 1526 188 ertennt ihr Verhaltnis zu dem Toten. Er schließt sie bei
321 167 1523 219 diesem ein. In ihrer Angst fängt sie zu tanzen an und hört,
313 211 1528 252 vom Wahnsinn ergriffen, nicht eher auf, als bis sie neben
319 270 1535 325 Pierrot tot niederröllt. Die lustig hereintanzenden Freunde
323 300 1237 354 Pierrots finden zu ihrem Entsetzen die Leichen.
411 352 1528 399 Dieses gruselige Drama soll den Zuschauern nur durch das
326 375 1531 440 Mienenspiel der Darsteller klargemacht werden. Diese dem
327 428 1520 476 Ballet naheverwandte Kunstgattung des Mimodramas war bis¬
316 478 1523 527 her nur durch Henri Berenyis „Die Hand" und André
321 519 1518 570 Wurmsers „Der verlorene Sohn“ weiteren Kreisen bekannt ge¬
318 560 1530 612 worden. Beide Tonsetzer hatten in wirksamster Weise die
319 604 1533 652 Darsteller durch ihre Musik unterstützt. Auch Herrn
313 664 1530 706 von Dohnanyi ist dies in hohem Grade gelungen.
1438 690 1535 746 ja
319 690 1433 741 Seine Musik ist in hohem Grade dramatisch,
320 742 1532 772 ungemein packend, sie paßt sich jeder vom Dichter ge¬
322 783 1527 828 wünschten Stimmung und Situation vortrefflich an, enthält
317 819 1533 877 also auch sehr wirksame Gegensätze und ist prachtvoll instru¬
311 861 1531 911 mentiert. Auch die Leitmotive, die gelegentlich etwas wagnerisch
318 908 1527 963 anmuten, während das Werk sonst im allgemeinen durchaus
326 949 1536 998 eine eigenartige, persönliche Note aufweist, sind brillant ver¬
321 997 1545 1054 arbeitet. Vor allem seien das Liebesschmerzmotiv Pierrots
322 1045 1530 1099 und das auf seine Liebe zu Pierrette hindeutende Motiv wegen
323 1098 1529 1142 ihrer Plastik hervorgehoben. Ein hübscher Gedanke war es,
312 1123 1537 1180 bei der Stelle, wo das Gift genommen wird, die
321 1171 1530 1227 entsprechende aus „Tristan und Isolde“ zu zitieren. Den
321 1226 1530 1276 Höhepunkt der Musik bedeuten das Erscheinen des
326 1248 1540 1314 toten Pierrots während eines gespenstischen Galopps und der
331 1307 1536 1353 etwas an Saint=Saëns' Totentanz erinnernde Schlußtanz der
317 1339 1541 1388 Pierrette. Ganz reizend ist der altwienerische Ländlerwalzer der
315 1396 1532 1437 Freunde und Freundinnen Pierrots, die ihn im ersten Bild
315 1430 1531 1486 trösten wollen; durch Flottheit und Schneid ist der Walzer beim
328 1478 1539 1528 Hochzeitsfest ausgezeichnet; sehr hübsch ist auch die Quadrille,
320 1516 1528 1557 reizend das Menuett; vor allem aber interessieren die hoch¬
330 1549 1535 1613 tragischen Momente in der Musik. Diese scheinen mir
337 1598 1534 1660 Dohnanyis Stärke ganz besonders zu sein. Hoffentlich findet
327 1662 1536 1715 er bald ein wirklich gutes Textbuch zu einer tragischen Oper,
331 1692 1086 1751 die dann hervorragend ausfallen dürfte.
409 1739 1525 1795 Daß ihm der Lustspielton bei weitem nicht so gut liegt,
317 1787 1534 1834 das hat er — leider — in der „Tante Simona“ bewiesen.
327 1832 1535 1879 Mir ist es direkt unbegreiflich, wie er sich zur Vertonung dieses
330 1873 1544 1928 unglaublich harmlosen, jeder Eigenart entbehrenden Librettos
331 1909 1543 1962 des Wiener Advokaten Victor Heindl hatte entschließen können.
341 1951 1534 2002 Es verlohnt kaum zu erzählen, wie diese Dame, die in ihrer
338 1994 1532 2051 Jugend von ihrem Liebhaber verlassen und darum eine Männer¬
337 2041 1539 2100 feindin geworden ist, doch nicht verhindern kann, daß ein Ver¬
336 2084 1532 2135 ehrer ihrer Nichte dieser sich in der Verkleidung eines taub¬
339 2130 1539 2192 stummen Gärtners doch nähert, und wie sie selbst ihrem
1424 2171 1544 2224 daß
339 2182 1424 2230 alten Verehrer liebegirrend in den Arm fällt, so
330 2214 1538 2275 wir am Schluß zwei glückliche Paare dann sehen. Es
332 2260 1541 2317 war sehr gut, daß auf dieses Operchen das Mimodrama
331 2302 1537 2362 folgte; es wurde zwar recht freundlich aufgenommen, allein es
336 2358 1544 2407 ist auch in der Musik durchaus belanglos; selbst die mancherlei
339 2388 1542 2450 eingestreuten Liedchen würden nie vermuten lassen, daß sie von
338 2440 1531 2493 Dohnanyi herrühren. Nur die Liebesszene zwischen der Donna
336 2489 1538 2539 Simona und ihrem alten Verehrer nimmt einen höheren Auf¬
340 2519 1544 2583 schwung; auch ist die Ouvertüre recht flott. Uebrigens ist das
338 2562 1540 2621 Werkchen auch viel zu dick instrumentiert. Ich halte es leider
338 2610 1538 2669 für ausgeschlossen, daß es sich auf dem Spielplan halten kann,
330 2653 1531 2710 worüber beim „Schleier der Pierrette“ kein Zweifel bei mir
334 2693 1536 2755 besteht, und möchte Herrn Direktor Hartmann vorschlagen,
337 2740 1534 2805 zu diesem Mimodrama Puccinis einaktige Oper „Die Willys“.
331 2781 1129 2846 zu geben, die auch stofflich gut dazu paßt.
426 2815 1541 2889 Während in der „Tante Simona“ der vortreffliche Kapell¬
333 2869 1531 2923 meister Rudolf Krasselt den Taktstock führte, dirigierte der
324 2920 1548 2988 Komponist das Mimodrama mit bestem Erfolge selbst. Trefflich
403 3014 1536 3073 Saene grjeßzt waren beide Werke von Dr. Hans Kauf¬
328 3074 1543 3127 mann, den in der Pantomime die Ballettmeisterin Mary
323 3104 1540 3160 Zimmermann wirkungsvoll unterstützt hatte. Sehr ge¬
330 3141 1543 3215 schmackvoll waren wieder die von dem Maler Gustav
331 3181 1550 3243 Wunderwald, einem wirklichen Wundermanne, herrührenden
325 3237 1536 3286 Kostüme und Dekorationen. Das Operchen wurde übrigens
327 3286 1544 3348 weniger gut gegeben als die Pantomime. Als Tante Simona
329 3324 1529 3374 erfreute die treffliche Altistin Louise Marck auch durch Deutlich¬
327 3367 1535 3422 keit der Aussprache, gegen die ihre Nichte Eleanor Paintner
326 3405 1531 3464 leider sehr sündigte. Gar nicht konnte ich mich mit deren Liebhaber¬
330 3456 1529 3513 tenor befreunden, während mir die schöne Stimme und ganze
324 3504 1538 3557 Art des Bassisten Ernst Lehmann gefiel. Flott wie immer,
325 3545 1527 3595 auch im Gesang, war Mizzi Fink als Zofe. In der Neben¬
330 3589 1496 3636 rolle eines Hausverwalters tat sich Eduard Kandl hervor.
421 3621 1529 3680 Für die Pierrette war die ausgezeichnete erste Wiener
316 3667 1534 3744 Darstellerin in dieser Rolle Elsa Galafrés=Hubermann
318 3717 1535 3781 gewonnen worden. Ejnar Linden (Pierrot) und Edwin
325 3757 1528 3814 Heyer (Harlekin), sowie Eduard Kandl und Elli Sander
319 3805 1529 3857 (Eltern der Pierrette) waren durchaus am Platze. Als Fest¬
315 3850 1536 3914 ordner bei der Hochzeit zeigte sich Josef Plaut wieder als
323 3886 907 3948 Chargenspieler ersten Ranges.
400 3934 1522 3977 Auf das völlig besetzte Haus machte „Der Schleier der
322 3964 1536 4044 Pierrette“ einen tiefen Eindruck, der sich am Schluß in sehr
333 4014 794 4098 starkem Beifall auslöste.
1840 290 2742 408 anin Abferliner Norgenpöst, Berli
1842 373 2143 461 10 ArHIL
2247 389 2310 456 17
1852 515 2027 588 920
2034 503 2706 578 Theater, Kunftund
2047 572 2702 636 Dissenschaft
1857 668 2478 768 Dohnänyi und Schnitzler
2080 755 2740 846 im Deutschen Opernhause.
1918 831 2741 890 „Tante Simona“ und „Der Schleier der
1865 878 2639 943 Dierreite“. Gestern erste Aufführung.
1922 912 2744 987 Mit zwei musikalischen Bühnenwerken ist
1869 979 2747 1041 gestern Ernst von Dohnänyi, der bekannte
1865 1022 2740 1083 vortreffliche Pianist, im Deutschen Opernhause
1871 1060 2752 1122 zu Worte gekommen. Als Autor schöner und
1864 1108 2748 1153 gediegener Kammermusik hat der Künstler in
1861 1147 2762 1218 der Musikwelt längst schon einen guten Namen, —
1871 1198 2748 1255 nach dem Ergebnis der gestrigen Darstellung“
1874 1245 2746 1290 seiner für das Theater verfaßten Musik aber muß
1860 1294 2740 1335 man leider feststellen, daß er für diese Art des
1872 1323 2745 1393 musikalischen Schaffens keine ausreichende Be¬
1860 1369 2147 1430 gabung besitzt.
1908 1398 2734 1465 Das einaktige Singspiel „Tante Si¬
1860 1450 2744 1512 mona“ ist in jeder Hinsicht herzlich unerheblich,
1913 1498 2742 1563 so unbedeutend, daß nicht einmal der Name
1867 1542 2736 1594 des Autors seine Aufführung rechtfertigt. Das
1862 1586 2737 1631 Buch von Viktor Heindel ist für unsere Zeit
1863 1630 2745 1684 schlimmer noch als kindlich=naiv. Die Tante, die
1864 1669 2743 1730 die ihre Nichte vor der Macht der Liebe
2671 1709 2738 1764 in
2385 1709 2621 1773 sie selbst
2193 1719 2386 1769 weil
1870 1720 2196 1779 bewachen will,
1868 1753 2735 1816 jüngeren Jahren einmal mit solchen Dingen
1866 1811 2750 1863 schlecht abgeschnitten hat, ist eine ebenso abge¬
1869 1849 2737 1902 spielte Theaterfigur, wie die endliche Lösung
1859 1905 2746 1949 der Geschichte zu dem ältesten Hausrat der
1864 1928 2739 1986 Bühne gehört: Tante und Nichte erliegen selbst¬
1866 1983 2745 2027 verständlich dem Zauber der gefürchteten Ge¬
1873 2012 2750 2083 walt. Dazu hat Dohnänyi eine Musik geschrie¬
1873 2074 2741 2121 ben, die auch nicht die Spur lebendigen, bühnen¬
1865 2109 2741 2167 dramatischen Flusses enthält. Trockene Musik
1861 2163 2748 2214 ohne Erfindung — ein mittelmäßiges Klavier¬
1864 2210 2742 2257 konzert, wenn man will, aber keine Tonsprache
1863 2246 2743 2309 zu einer Bühnenhandlung. In der Darstellung
1863 2295 2736 2338 war nur Mizzi Fink am Platze. Alle anderen
1861 2336 2734 2391 Mitwirkenden boten ungemein schwache Leistun¬
1873 2372 2740 2430 gen, bei denen nur die krasseste Unbeholfenheit
1872 2422 2695 2474 in Spiel und Gesang bemerkenswert erschien.
1920 2463 2741 2515 Besser ist die Pantomime „Der Schleier
1866 2501 2770 2575 der Pierette“ von Arthur Schnitzler—
1864 2560 2747 2610 deren Inhalt wir vor einigen Tagen an dieser
1862 2590 2749 2657 Stelle wiedergegeben haben. Das Stück wirkt
1872 2639 2744 2691 besonders durch seine künstlich hervorgerufenen
1865 2691 2745 2735 Gegensätze, und das tragische Ende Pierrettes,
1872 2724 2740 2782 die am Hochzeitstage dem Festestreiben entfloh,
1872 2768 2744 2824 um ihren geliebten Pierrot noch einmal zu sehen,
1874 2817 2748 2870 übt in der geschickten Disponierung und Durch¬
1868 2837 2757 2907 führung der Vorgänge immerhin Eindruck aus.
1872 2904 2746 2953 Freilich ist dies bißchen Handlung mitunter zu
1868 2946 2752 2991 sehr in die Breite gezogen. Aber eine flotte
1865 2986 2752 3040 Ballszene und die Geistererscheinung des toten
1865 3041 2754 3085 Pierrots unterstützen den phantastischen Verlauf
1854 3075 2748 3124 der Geschichte recht gut. Dohnänyis Musik zu
1865 3116 2751 3171 dieser Pantomime hat im ganzen und großen
1866 3167 2749 3225 Form und Geschlossenheit, rafft sich mitunter
1856 3200 2751 3263 auch zu scharfer Charakterisierung zusammen und
1867 3245 2740 3304 paßt im allgemeinen zu dem Vorwurf. Aber
1868 3294 2741 3346 auch hier zeigt sich ein betrüblicher Mangel an
1865 3332 2736 3385 Erfindung und innerer Kraft: die Partitur wirkt
1855 3367 2742 3440 aber vornehmlich nur durch äußere Mittel, durch
1863 3414 2746 3479 sinngemäße Instrumentierung und raffinierte
1862 3464 2093 3527 Tonmalerei.
1925 3489 2743 3564 Frau Galafrés hat in der Rolle der
2470 3545 2756 3603 eindringliches
1864 3556 2431 3618 Pierxette ansehnliche Kunst,
1868 3591 2749 3643 Minenspiel und klare Veranschaulichung der
1861 3638 2742 3692 Handlung durch maßvolle Geste betätigt, und
1861 3675 2750 3742 auch Edwin Heyer sowie Einar Linden
1859 3732 2747 3788 lösten ihre Aufgaben trefflich. Das Publikum
1855 3764 2750 3836 nahm die beiden Novitäten sehr freundlich auf.
2329 3807 2719 3877 J. C. Lusztig.
