3344 4352
824 180 1137 233 burg, Toronto.
786 203 1198 293 (Ouelienangabe ohne Gewähr.)
1784 200 3209 277 [Operette zu liefern, eines Einaliers, dessen Komponst eist nach
1786 261 3207 326 Fertigstellung des Buches bestimmt werden sollte. Leider blieb diese
415 255 849 365 Ausschnitt aus,
1793 321 3214 383 Schnitzlei=Operette ungeschrieben. Der Tichter suchte und suchte; er fand
376 310 837 406 17. SEP 1911
834 267 1521 447 Tamdenblatt
1789 359 3207 443 etwas, begann den Stoff zu gestalten — aber er zerfloß ihm wieder
434 377 611 441 vom:
1796 409 3206 473 zwischen den Fingern. Kurzum, Schnitzler erklärte schließlich der Direktion
1792 461 3224 521 des Theaters an der Wien, aus seiner Altwiener Operette könne nichts
1790 515 2653 592 werden, denn er finde kein passendes Sujet.
1911 530 3157 623 So fiel der ganze Schnitzler=Girardi=Abend —
698 572 1467 677 Aus der Theaterwelt.
1795 602 3202 669 welch' interessante wienerische Mischung — den die Direktoren des
1797 649 3214 724 Theaters an der Wien schon so schön auf dem Popier zusammengestellt
375 635 1786 716 (Zur bevorstehenden Erstaufführung von Schnitzler=Dohnanys
355 707 1776 768 Pantomime „Der Schleier der Pierrette“ im Hofopern¬
1787 700 3208 775 hatten, in den Brunnen. Dohnany umschwebte auf den Flügeln seines
361 739 1792 809 theater. — Warum Alexander Girardi in dieser Pantomime nicht
1793 745 3210 831 Klaviers ganz Europa und schob seine kompositorische Arbeit immer
368 800 1764 836 aufgetreten ist. — Das schnelle Dresden und das langsame Wien. —
1793 797 3207 872 wieder hinaus. Herr v. Zemlinsky hinwieder konnte sich mit dem Buch
365 832 1789 919 Reminiszenzen an Weingartner. — Eine ileine Einführung in die
1797 855 3221 915 „Der tapfere Kassian“ auch nicht befreunden. Und so fiel die Aufgabe,
604 888 1601 949 Grusligkeiten des „Schleier der Pierrette“.)
1794 895 3208 967 diese satirische Operette zu komponieren, an Oskar Straus, der sie
374 898 474 992 4
480 916 1789 990 Wie merkwürdig doch die Schicksale der Pantomimenbücher sind!
1790 949 3215 1007 auch mit der ihm eigenen Energie in kurzer Zeit durchführte. Das Werk
357 991 1789 1054 Viel interessanter als die der gewöhnlichen Bücher, von denen schon der
1788 989 3220 1052 ist bekanntlich von Weingartner für das Hofoperntheater erworben
364 1039 1785 1092 Spruch des alten Römers handelt. In einigen Tagen — am lommenden
1786 1040 3217 1112 worden. Freilich ist das auch schon wieder zwei Jahre her. Was nun damit
354 1077 1782 1140 Mittwoch, dem ersten Auftreten Carusos bei seinem diesjährigen Gast¬
1793 1096 2856 1172 geschehen wird? Nichts gewisses weiß man nicht ...
359 1136 1797 1202 spiel — wird im Hofoperntheater die Pantomime „Der
1898 1121 3218 1212 Von der Pantomime „Der Schleier der Pierrette“ war es aber in
365 1180 1786 1251 Schleier der Pierrette", Buch von Artur Schnitzler,
1787 1174 3212 1248 jenen Jahren so lange stille geblieben, daß ihr eigener Vater, Artur
366 1230 1742 1295 Musik von Ernst v. Dohnany, zum ersten Male in
1782 1235 3214 1306 Schnitzler, schon ihrer vergessen hatte. Es hätte ja auch wenig Zweck
365 1274 1786 1340 Daran wird niemand etwas Verwunderliches finden. Ein Dichler vom
1795 1284 3209 1350 gehabt, an sie zu denken. Girardi war längst aus dem Theater an der
372 1322 1790 1392 Range Schnitzlers, der isich mit einem Künstler von der musilglischen
1790 1327 3204 1397 Wien geschieden, umschmeichelt von der Wiener Operette, die wieder ihr
361 1379 1785 1446 Vornehmheit Dohnanys zu einem „dramatischen Werk ohne Wbite“.
1794 1364 3212 1442 Haupt siegreich erhoben hatte — der Künstler dachte gewiß nicht mehr
363 1433 1784 1493 verbindet, wie es das vorliegende ist — warum sollen sich ihm nicht
1785 1424 3217 1496 an das verzerrte Antlitz Pierrots und an dessen geisterhafte Spazier¬
375 1484 1785 1548 sofort die Tore des Hofoperntheaters angelweit öffnen, um aufzu¬
1785 1461 3216 1557 gänge, die ihre Puderspuren zurücklassen. ... Da fuhr eines Abends ein
357 1523 1785 1601 nehmen, was dem Publikum schon vermöge der Namen der
1787 1521 3215 1591 „fremder Herr“ vor der Villa Schnitzler vor, der bat, dem „Herrn
358 1579 1786 1635 Schöpfer als eine nicht gewöhnliche Darbietung erscheinen würde?
1796 1574 3224 1635 etwas auf dem Klavier vorspielen zu dürsen". Der Hausherr tritt ins
374 1622 1788 1693 Und doch: Es hat Jahre gedauext, bis die Dichtung Ein¬
1796 1632 3221 1703 Vorzimmer und erblickt Dobnany, der sich endlich doch zu der Arbeit
358 1669 1790 1729 gang in die Operngasse gefunden hat. Zunächst hatte die
1792 1676 2553 1749 entschlossen und sie fertiggestellt hatte.
359 1715 1794 1796 gute Sache deshalb so viel Weile gebraucht, weil sie gar nicht für das
1902 1709 3165 1791 Der Komponist spielte seinem Librettisten die Hauptszenen vor —
364 1769 1785 1838 Hofinstitut bestimmt war, sondern für ein böses Konkurrenztheater. Die
1787 1757 3219 1831 und dieser war entzückt und dankte vielmals. Und die beiden Autoren
371 1811 1792 1871 erste männliche Hauptpartie der Novität, der Pierrot, der so tragisch ist,
1787 1822 3205 1889 brschlossen, das Werk möglichst bald an einer Opernbühne unterzu¬
367 1860 1792 1934 wie es in der commedia dell' arte vielleicht noch; gar nicht dagewesen
1797 1879 3218 1933 bringen. Schnitzler hatte, wie schon erwähnt, Dohnanyi persönlich nicht
369 1912 1793 1982 (obgleich sich der Mann gerade in den letzten Jahren oft das Leben ge¬
1798 1913 3212 2001 gekannt, ehe er mit ihm durch die erwähnte Pantomime in Beziehung
374 1962 1785 2025 nommen hat), der Pierrot, den in der Hofopernpremiere am 20. d. M.
1803 1959 3217 2026 getreten war. Aber der Dichter hatte ihn als -Musiker schätzen gelernt.
371 2008 1782 2074 Herr Czadill spielen wird, er war ursprünglich dazu bestimmt,
1797 2017 3218 2071 Nicht nur als Pianisten, sondern auch als Symphoniker. Und Artur
373 2062 1790 2125 Alexander Girardi vor eine neue große schauspielerische Aufzabe zu
1797 2064 3201 2118 Schnitzter kann auf sein Urteil in solchen Dingen einigermaßen ver¬
382 2110 1786 2166 stellen, wie er selbst sie sich gewünscht hat! Girardi freute sich darauf
1786 2106 3204 2176 trauen. Denn er ist Musiker durch und durch und verdankt diesem seinem
376 2150 1790 2217 wie ein Anfänger, der die erste lobende Kritik schwarz auf weiß gedruckt
1793 2160 2684 2237 Können die größten Freuden des Genießens.
363 2190 1788 2278 vor sich sieht. Er wollte jenen unglücklichen, verlassenen Pierrot spielen,
1902 2206 3208 2273 Durch das Urteil Schnitzlers ermutigt, glaubte nun Dohnany, das
364 2249 1760 2299 daß allen Leuten die Tränen aus den Augen rollen, daß es ihnen —
1798 2255 3219 2329 Werk leicht am Hosopernthealer placieren zu können. Verband ihn doch
376 2310 1790 2363 wenn der Tote fast durch zwei Akte als strafendes Gespenst die Bahnen
1794 2305 3212 2358 langjährige Freundschaft mit dem alten pianistischen Kollegen Felix von
367 2338 1795 2417 der flatterhaften, leichtsinnigen Pierrette kreuzt, kalt über den Rücken
1796 2354 3210 2413 Weingartner. Allein — so liebenswärdig der verflossene Direktor unserer
382 2394 562 2468 läuft.
1798 2408 3216 2469 Hofoper im amtlichen und außeramtlichen Verkehr mit Sängern und
502 2422 1786 2509 Doch es ist nichts draus geworden aus dem schönen Plane. Wie
1798 2444 3219 2517 Sängerinnen, und mit den vielen wirklichen und vermeintlichen Inter¬
374 2494 1796 2560 denn überhaupt der Großteil alles Schönen, Großen, Sensationellen,
1803 2502 3225 2565 essenten war, die auf solch einen armen Operndirektor einstürmen, so
373 2549 1795 2609 das in den Tbeaterkanzleien in Stunden einer besseren, zum Höheren
1791 2551 3226 2621 charmant er Ja zu sagen wußte: Bei der Annahme von Werken kam das
371 2594 1786 2655 strebenden Eingebung geplant wird, auf dem Papier eintrocknet und in
1805 2602 3222 2652 vielsagende Wörtchen nur schwer von seinen Lippen! Es dauerte näm¬
375 2629 1789 2711 der Schreibtischlade vermodert. An welcher Stätte Girardi den beklagens¬
1796 2646 3221 2701 lich immer so lange, ehe sich der Direktor zum Klavier setzte, um die
380 2685 1787 2746 werten Pierrot hätte spielen sollen? Im Theater an der Wien.
1799 2690 3220 2760 neuen Sachen, die ihm da zuströmten, durchzuspielen oder wenigstens
375 2724 1803 2815 Denn der Direktor dieser Bühne, Wilhelm Karczag, ist sozusagen der
1789 2745 3221 2808 abzulesen. Man wird meinen, die Komponisten hätten es dem Direktor
373 2784 1597 2854 Urheber, der Anreger der nächsten Hofopernpremière gewesen.
1795 2782 3223 2859 leichter machen können, indem sie ihm ihre eingereichten Opern oder
496 2827 1795 2901 Es sind schon Jahre her. Damals fuhren Karczag und sein
1794 2832 3222 2895 Ballette selbst vorspielen. Aber dazu gebören doch zwei, drei Stunden
385 2872 1803 2946 Kollege Wallner vor der Villa Schnitzlers im Döblinger Kottageviertel
1851 2890 3227 2957 vielleicht ein halber Tag. Und diese Zeit muß man doch bewilligt
379 2935 1786 2991 vor, umsihm eine neue Idee vorzutragen., Die Direktion des Theaters an
1805 2939 3219 3002 erhalten. Und dann hatte Direktor Weinzarlner für Komponisten —
380 2979 1787 3039 der Wien wollte damals — es war in der Zeit vor Lehar, Fall und
1790 2978 3218 3059 selbst für solche, die so ausgezeichnet spielen wie der Konzertlöwe Ernst
379 3029 1786 3085 Straus — etwas tun, was dringend nötig war, um das Interesse des
1785 3036 3214 3106 v. Dohnany — eine stereotype Antwort, die nur darum nie beleidigte,
383 3071 1801 3137 Publikums an der Operette wieder zu heben. Zunächst sollte das Genre
1794 3080 3218 3157 weil sie der Direktor so schelmenhaft, so unschuldig schmunzelnd von
377 3122 1798 3187 der Operette selbst wieder auf eine Höhe gebracht werden, die an ver¬
1802 3128 3223 3202 den Lippen zu bringen wußte. Herr v. Weingartner pflegte nämlich
372 3170 1793 3237 gangene große Zeiten anknüpft. Und da stieg die Idee auf, einen
1800 3175 3218 3242 „vorspielen=wollenden Komponisten“ oder deren fürsprechenden Freunden
383 3223 1800 3272 Dichter wie Schnitzler der leichten Muse zu gewinnen — natürlich nur
1805 3230 3216 3286 die Antwort zu geben: „Einige Leute, zu denen ich Vertrauen habe,
381 3271 1798 3331 vorübergehend, denn auf ein „dauerndes Verhältnis“ hätte sich der ernste
1808 3269 3222 3343 sagen mir, ich könne leidlich Klavoor spieen. Wenigstens hab' ich es
376 3317 1798 3387 Mann gewiß nicht eingelassen. Direktor Karczag wollte zunächt für
1797 3336 3162 3398 gelernt. Also — glauben Sie mir — ich brauch' keinen Vorspieler!“
373 3366 1801 3426 Girardi einige neue, seine schauspielerische Kraft und Vielseitigkeit
1917 3352 3219 3436 So hätte sich die Sache vielleicht noch Jahre hingezogen, hätte sich
381 3415 1802 3490 förmlich aufpeitschende Aufgaben gewinnen; denn er war und
1804 3410 3208 3473 der Komponist der Pantomime nach einer ergebnislosen Wiener Kon¬
378 3456 1417 3523 ist — gleich vielen Kennern dieses Künstlers
1499 3460 1793 3536 der Ansicht,
1804 3473 3218 3533 ferenz, die er mit hiesigen Freunden gehalten, nicht entschlossen, nach
377 3500 1794 3575 daß Girardi immer noch mehr kann, als man von ihm
1800 3511 3210 3579 Dresden zu Herrn v. Sthuth zu fahren. Er kam hin, spielte dem
381 3548 1788 3625 weiß und gesehen hat. Das alles trug der Direktor dem Dichter vor
1806 3568 3213 3614 Generalmusildirektor vor, lund schon am nächsten Tage konnte Dohnanyi
436 3609 1791 3669 und Artur Schnitzler antwortete, er werde sich die Sache ernstlich
1812 3608 3229 3696 seinen Wiener Freunden telegraphieren: „Schleier der Pierrette von der
386 3650 1790 3723 überlegen. Und er kramte unter seinen alten Entwürfen und fand bald,
1809 3669 3220 3728 Dresdner königlichen Oper angenommen!" Das war eine prompte
378 3705 1799 3767 was er gesucht. Drei einaktige Werle Artur Schnitzlers sollten den
1808 3714 3222 3766 Erledigung! Nachdem das Werk von einer so geschätzten Bühne ange¬
390 3759 1797 3819 Rahmen eines Abends bilden, der wohl nicht ohne Einfluß auf die
1798 3759 3219 3818 nommen war, öffneten sich ihm bald auch (die anderen großen Hof¬
391 3792 1787 3866 Gestaltung des Kunstlebens an den Wiener Vorstadtbühnen geblieben
1798 3809 3219 3872 theater, und Wien ließ nicht mehr lange auf sich warten. Das heißt:
375 3855 1800 3908 wäre. Schnitzler sandte zunächst das Buch der Pantomime „Der
1806 3854 3217 3917 Direktor v. Weingartner spielle das Werk in einem Zug durch und
380 3905 1791 3962 Schleier der Pierrette", für deren Komposition auf seinen Wunsch der
1803 3908 2098 3981 nahm es an.
377 3963 1806 4019 ihm damals persönlich noch unbekannte Dohnanyi gewonnen werden
1922 3927 3213 4002 Wie man wissen dürfte, ist die Pantomime „Der Schleier der
385 3994 1795 4058 sollte; ferner lieferte der Dichter das Buch des „Tapieren Kassian",
1801 4001 3215 4064 Pierrette“ stofflich innig mit dem Drama Schnitzlers „Der Schleier der
392 4045 1799 4106 das Alexander v. Zemlinsky zur Vertonung übergeben wurde, und
1800 4047 3222 4117 Beatrice" verwandt. Es ist dies jenes Drama, das seinerzeit vom
379 4098 3221 4182 schließlich verwilichtete sch der Dichter. das Buch einer Altwieven! Direktor Dr. Schlentber für das Buratbeater angenommen und — nicht
