3392 4384
1932 123 2360 210 box 28/1
206 143 1780 246 23. Der Schleiender- Pierrette
555 1234 1584 1299 Paris, Rom, dan Francisco, otockhiolm, ot. Fetelsbelg.
873 1291 1757 1385 GGSUATTTNTPFITSTNPs! Neue Zeitschrift.
528 1341 1693 1447 Ausschnltt aus: Wochenblatt! für Musik,
742 1425 1028 1499 17APR. 1973
1104 1425 1477 1519 Leipzig.
515 1456 685 1514 vom:
1438 1545 2060 1653 Rundschau
1092 1583 1359 1673 —.—
1790 1634 2958 1699 nervenkitzeind in den Lehnstuhl setzt und die arme Pierrette
1792 1693 2960 1747 darüber wahnsinnig wird: da haben wir ein Stück Psyche aus
860 1545 1298 1764 t
1795 1737 2200 1794 dem Schinderhannes.
816 1736 1756 1809 Im Deutschen Opernhause gab es einen Doh¬
1871 1769 2958 1818 Dohnanvi versucht in diesem Werk grösser zu erscheinen,
615 1750 1778 1841 [Berin nanyi-Abend, mit „Tante Simonn- und dem
1795 1819 2960 1857 als er ist. Er wappnet sich mit Wagner, Brahms und einigen
613 1830 1769 1873 „Schleier der Pierrette“ im Programm. Die bescheidene
1792 1842 2958 1892 Anderen, redet abwechselnd in deren Idiom und poliert das
620 1872 1764 1915 „Tante Simona“ ist in der „Neuen Zeitschrift für Musik“
1785 1872 2971 1937 alles mit einer persönliche Noten aufweisenden Instrumentation
623 1903 1761 1957 gelegentlich der Dresdner Uraufführung eingehend besprochen
1793 1925 2956 1968 über. Er trifft gelegentlich mit ziemlicher Sicherheit die
615 1951 1761 1996 worden. Daher kann ich mich darüber kurz fassen. Es han¬
1791 1955 2968 2012 Situationen und kommt auch in den dramatischen Höhepunkten
611 1979 1760 2028 delt sich um eine unverletzende Nettigkeit, ohne hohe An¬
1798 1998 2961 2053 des Buches fast immer mit. Aber er kann kein Letztes geben.
609 2010 1771 2059 sprüche, ohne grosse Ziele für die Fortentwicklung der Spiel¬
1804 2047 2973 2096 Was das heisst, ist einem so recht klar geworden, als das rus¬
613 2059 1770 2105 oper, auf die wir noch immer warten, und auch ohne beson¬
1804 2072 2971 2134 sische Ballett die prächtigen Pantomimen des jungen Igor
605 2102 1780 2147 dere Durchschlagkraft beim Publikum. Ein paar Alberne
1798 2109 2969 2163 Stravinsky bei Kroll im Dezember aufführte. Die Darstellung
611 2139 1773 2188 zischten sogar. Bei „Tante Simona“ — zischen!!! Aber Doh¬
1795 2157 2964 2209 des Deutschen Opernhauses war im allgemeinen befriedigend.
618 2180 1777 2222 nanyi sollte sich etwas ernster mit der heiteren Oper beschäf¬
1805 2196 2966 2255 Mit den vorhandenen Mitteln konnte sie jedenfalls nicht besser
612 2208 1770 2257 tigen. Manches klang aus seiner Musik heraus, wie wenn mit
1806 2248 2971 2300 gegeben werden. Elsa Galafrès mimte sehr geschickt, aber sie
612 2251 1783 2298 einem besseren Buch auch er Treffliches geben könnte. Und
1793 2281 2968 2321 kann zu wenig tanzen. An solchen Punkten merkt man, dass
608 2288 1778 2327 dann muss er sein Untergedächtnis von den prägnanten Mo¬
1794 2304 2975 2356 die Pantomime eben dem Ballett und nicht den Schauspielern
600 2324 1777 2399 tiven, Themen und typischen Harmonisierungen seiner Olym¬
1807 2349 2980 2402 oder gar den Sängern gehört. Einar Linden (Pierrot) und
615 2369 917 2436 pier entlasten.
1796 2391 2973 2446 Edwin Heyer (Arlechino) „wären auch noch zu nennen. Die
687 2392 1773 2448 Das bewies auch die Musik zu Schnitzlers Pantomime „Der
1801 2436 2970 2472 Regie Dr. Kaufmanns-fätte nicht besser sein können. Doh¬
608 2441 1787 2501 Schleier der Pierrette“. Ein Gruselstück, Warum muss
1808 2463 2978 2519 nanyi selbst sas am Dirigentenpult und konnte am Schluss
610 2486 1779 2531 man nur heutzutage im Opernhaus bei allen neuen Sachen
1806 2513 2621 2571 einen sehr-stärken Beifall entgegennehmen.
615 2520 1785 2572 gegruselt, gegrobheitet, gesentimentalisiert, geroheitet, gehinter¬
2550 2529 3015 2620 II. W. Draher
611 2569 1784 2600 treppelt und gekientoppt werden? Man hätte es dem sonst so
611 2590 1780 2650 feinnervigen Schnitzler kaum zugetraut, dass er da mitmacht:
606 2637 1799 2697 Auch Dohnanyi nicht. Aber vielleicht haben unsere Libret-7
614 2683 1773 2728 tisten Recht? Das jauchzt auf nach dem Anhören, oder rich¬
612 2721 1769 2765 tiger Anschen grausiger Szenen! — Marsehners Zeit für seinen
606 2751 1781 2821 „Vampyr“ ist gekommen! Er griff allen Kollegen weit voraus
660 2795 1281 2856 jerzt erst lebt sein Publikum! —
681 2824 1773 2890 Dass ein Sehnitzler sein Buch immerhin geschickter aus
614 2863 1776 2916 führt wie die sonstigen Opernbuchsehreiber, ist selbstverständlich.
605 2910 1778 2960 Aber was nützt schliesslich die allerherrlichste Mache, wenk
613 2945 1790 3008 der Stoff widerlich ist? Die Sache füngt so an, dass man sich
622 2988 1791 3042 sagt: gut. Theater; lässt sich ertragen. Im zweiten Bild wirds
612 3034 1799 3075 eine Gespenstergeschichte. Und im dritten, wenn Arlechino
635 3060 1812 3115 den durch Selbstmord in Gegenvart der Geliebten, Pierrette,
622 3106 1806 3157 gestorbenen Pierrot über die Bühre geschleift und so recht
