3344 4352
252 190 1827 276 23. Der Schleien der pierrette
321 689 665 771 ScARFMIT
878 601 1443 786 # Haitung, Wien
685 713 847 810 —
793 765 1269 858 (Kleie Ausgabel
667 880 1206 978 Hofoperntheater.
434 944 1430 1020 [Caruso als Canio in „Bajazzo“. „Der
447 995 705 1051 Schleier
764 998 1272 1058 er Pierette" von
1284 1011 1439 1063 Artur
530 1043 1325 1096 Schnitzler und Ernst v. Dohnanyi.
497 1077 1436 1143 Der diesläligen Wiederkehr des berühmtesten aller
421 1122 1442 1194 lebenden Gesangskünstler war ein Samum von Sensation
433 1181 1435 1228 vorhergegangen. Der gestrige Abend wollte die Aufregung
427 1201 1433 1283 nicht ganz rechtfertigen. Fünsundvierzigtausend Kronen
427 1253 1439 1319 Honorar für dreimaliges Auftreten, ungeheuerer An¬
433 1305 1428 1356 drang bei den Vormerkungen, dreimaliges Ueberzeichnen
432 1345 1444 1406 des Theaters — und dann die dürstige Partie des
438 1385 1435 1456 Canio, drei kurze Gesangsstellen, von denen nur
426 1436 1051 1489 die mittlere, „Vesti la giubba
1104 1441 1427 1498 ridi pagliaccio“,
432 1472 1433 1541 die eigentliche Kunst Carusos ganz aufleuchten läßt. Die
424 1516 1433 1586 Begeisterung konnte sich nicht ausleben, vielleicht auch
428 1556 1433 1625 darum nicht, weil unser scharf urteilendes Publikum die
427 1604 1425 1663 Empfindung hatte, es geschehe nicht allein aus künst¬
433 1656 1432 1715 lerisch bemessener Absicht, wenn Caruso die
426 1686 798 1758 derben gesanglichen
794 1700 1419 1769 Effeltstellen der Partie ver¬
427 1734 1432 1798 edelte. Aber jene Arie am Abschluß des ersten
427 1776 1300 1844 Teiles war ein prächtiger Solitär. Zum Schluß des
1296 1792 1416 1843 ersten
415 1806 1426 1891 Teiles wollte man durch anhaltenden Applaus eine
417 1872 1420 1930 Wiederholung der Arie erzwingen. Caruso erschien
551 1910 733 1967 dankend,
784 1915 899 1967 aber
419 1901 558 1962 oft
942 1912 1263 1974 wie erschöpft
412 1945 1423 2022 der vorheigegangenen Emotion und wiederholte nicht. Und
416 1996 1244 2066 als über den zwei Leichen das „La commedia
1239 2008 1420 2065 6 finita“
419 2038 1243 2108 erklang, schien die richtige, enthusiastische
1251 2049 1429 2113 Wärme¬
419 2090 1198 2150 temperatur noch nicht gekommen zu sein.
1267 2094 1422 2152 Unsere
413 2128 1431 2200 Einheimischen, Frau Kiurina, die Herren Schwarz,
414 2169 1437 2241 Preuß und Rittmann bemühten sich, in dem
414 2222 1009 2280 Glanze des Abends zu bestehen.
483 2257 1426 2323 Dem „Bajazzo“ vorhergeschickt war eine verschärfte
413 2296 1427 2370 Ausgabe dieser Komödie. Eine befremdliche, unzweckmäßige
406 2328 1426 2413 Zusammenstellung. Die neue Pantomime von Artur
413 2384 1414 2455 [Schnitzler und Ernst v. Dohnanyi „Der
412 2420 1419 2499 Schleier der Pierette“ ist nichts anderes, als eine
415 2486 1414 2548 gemimte Variation des gesungenen „Bajazzo“. Bajazzo
417 2528 1414 2572 hat Colombine getötet, weil er sie untreu besunden,
405 2563 1421 2631 Arlechino beeilt sich dagegen, an der ungetreuen Pierette
416 2606 1417 2654 das Rächeramt zu vollführen. Nur die Methode ist eine
416 2659 1415 2725 andere. Aber es sollte doch, meinen wir, gerade für einen
408 2697 1419 2775 Bühnenabend das so einleuchtende Sprüchlein gelten:
416 2742 858 2797 Nicht zweimal dasselbe!
481 2789 1418 2856 Die Musik Ernst v. Dohnanyis, des bekannten
403 2815 1404 2893 Klaviervirtuosen, der auch als Komponist sich durch
393 2865 1404 2935 Geist und Temperament vorteilhaft bemerkbar gemacht
396 2907 1412 2967 hat und seit einigen Jahren an der Berliner Musik¬
401 2960 1406 3022 hochschule in erster Stellung wirkt, hat die Vorzüge der
412 2999 1409 3053 Modernität. Ueberall viel kompositorisches Können, das
403 3044 1409 3102 sich in reicher, mitunter kühner Harmonik ausspricht,
407 3089 1404 3144 guter Geschmack, der sich zu beherrschen weiß und den
406 3131 1249 3181 drohenden Gefahren der Uebertreibung entgeht.
487 3182 1400 3234 Das entgegenkommend gestimmte Publikum nahm
402 3214 1398 3287 die Pantomime recht freundlich auf, ließ die graziösen
405 3262 1410 3328 Schauer der Danse macabre des Fräuleins Jamrich
400 3318 1404 3359 als Pierette auf sich wirken, anerkannte die hoffmanneske
397 3353 1406 3412 Erscheinung Godlewskis als Arlechino, die gute
391 3403 1400 3459 Haltung des Herrn Czadill als Pierrot. Auch Herr
395 3435 1423 3510 van Hamme als geschäftiger Tanzarrangeur, die
414 3539 1429 3611 Damen Peterka und Wopalensky, die Herren
425 3595 1422 3652 Dubois und Rathner machten sich angenehm be¬
420 3644 1402 3694 merkbar. Herr Schalk waltete am Dirigentenpult.
1986 194 2422 294 box 28/1
2522 446 2825 510 a, Mallanld,
1913 455 3006 548 New-Vork, Faris, Kom, San Francisco, Stockholm, St. Peters¬
2320 525 2632 585 burg, Toronto.
2153 569 2779 649 (Quelienapgabe ohne Gewähr).
1920 622 2956 788 Auschnttrigfer. Volks Zoitung, Wier
2032 682 2237 760 S 1911
1924 741 2072 788 vom:
2001 815 2875 958 Cheater und Kunst.
2153 955 2701 1072 Hofoperntheater.
1911 1026 2923 1115 Caruso als Canio in „Bajazzo“. „Der
1918 1075 2169 1133 Schleier
2162 1090 2919 1158 der Pierette" von Artur
2012 1126 2823 1200 Schnitzler und Ernst v. Dohnanyi.
1987 1164 2924 1250 Der diesmaligen Wiederkehr des berühmtesten aller
1912 1199 2913 1300 lebenden Gesangskünstler war ein Samum von Sensation
1907 1246 2918 1337 vorhergegangen. Der gestrige Abend wollte die Aufregung
1909 1307 2930 1366 nicht ganz rechtfertigen. Fünfundvierzigtausend Kronen—
1909 1347 2912 1427 Honorar für dreimaliges Auftreten, ungeheuerer An¬
1894 1382 2912 1471 drang bei den Vormerkungen, dreimaliges Ueberzeichnen
1905 1418 2911 1519 des Theaters — und dann die dürftige Partie des
1902 1471 2905 1540 Canio, drei kurze Gesangsstellen, von denen nur
1904 1505 2887 1597 die mittlere, „Vesti la giubba — ridi pagliaccio“.
1903 1561 2903 1648 die eigentliche Kunst Carusos ganz aufleuchten läßt. Die
1889 1606 2906 1693 Begeisterung konnte sich nicht ausleben, vielleicht auch
1897 1642 2913 1733 darum nicht, weil unser scharf urteilendes Publikum die
1897 1689 2907 1779 Empfindung hatte, es geschehe nicht allein aus künst.
1889 1739 2781 1812 lerisch bemessener Absicht, wenn Caruso
2783 1765 2890 1824 die
1896 1780 2775 1855 derben gesanglichen Effektstellen der Partie
2769 1808 2887 1876 ver
1892 1813 2893 1894 edelte. Aber jene Arie am Abschluß des ersten
1893 1864 2890 1951 Teiles war ein prächtiger Solitär. Tieses, verzweifeltes
1888 1914 2880 1985 Leid drängte sich in den Ton, gleichwohl waren die
1883 1946 2877 2029 Linien des denkbar kultiviertesten Schöngesanges im
1890 1996 2882 2067 unübertrefflicher Reinheit gezogen. Eine Abhandlung
1890 2037 2874 2131 ließe sich über den Vortrag dieser Arie schreiben und
1890 2086 2883 2166 zur Ergänzung müßte auf die wuchtigen, hochs
1882 2124 2884 2214 dramatischen Akzente verwiesen werden, die den
1881 2161 2870 2269 Künstler auch in der Komödienszene gelingen. Durch¬
1881 2215 2872 2300 weg aber verschmilzt der Gesang mit einer
1877 2242 2871 2332 Darstellung, die, so berechnet sie unstreitig ist, den Ein
1836 2303 2876 2386 ück stärkster Unmittelbarkeit macht. Ist es nicht bei
1875 2342 2870 2419 greiflich, daß die schimmernden künstlerischen Höhepunkt
1868 2388 2867 2478 in ihrer bescheidenen Anzahl die Begier des Publikum,
1866 2427 2878 2519 mehr reizten als befriedigten? Zum Schluß des erstel¬
1876 2478 2870 2560 Teiles wollte man durch anhaltenden Applaus eine
1868 2522 2881 2606 Wiederholung der Arie erzwingen. Caruso erschien
1873 2558 1997 2618 oft
1990 2568 2187 2625 dankend,
2224 2575 2341 2632 aber
2384 2583 2717 2638 wie erschöpft
2766 2592 2869 2660 von
1861 2599 2862 2676 der vorhergegangenen Emotion und wiederholte nicht. Und
1858 2669 2856 2732 als über den zwei Leichen das „La commedia 6 finita“
1864 2692 2865 2773 erklang, schien die richtige, enthusiastische Wärme¬
1858 2731 2869 2824 temperatur noch nicht gekommen zu sein. — Unsere
1860 2774 2859 2869 Einheimischen, Frau Kiurina, die Herren Schwarz,
1861 2821 2858 2908 Preuß und Rittmann bemühten sich, in dem
1845 2857 2449 2936 XGlanze des Abends zu bestehen.
1925 2917 2864 2991 Dem „Bajazzo“ vorhergeschickt war eine verschärfte
1849 2945 2859 3044 Ausgabe dieser Komödie. Eine befremdliche, unzweckmäßige
1851 3009 2864 3085 Zusammenstellung. Die neue Pantomime von Artur
1848 3047 2857 3145 Schnitzler und Ernst v. Dohnanyi „Der
1855 3092 2842 3170 Schleier der Pierette“ ist nichts anderes, als eine
1854 3131 2847 3202 gemimte Variation des gesungenen „Bajazzo“. Bajazzo
1844 3174 2845 3265 hat Colombine getötet, weil er sie untreu befunden,
1848 3210 2846 3310 Arlechino beeilt sich dagegen, an der ungetreuen Pierette
1838 3259 2843 3352 das Rächeramt zu vollführen. Nur die Methode ist eine
1848 3313 2853 3385 andere. Aber es sollte doch, meinen wir, gerade für einen
1841 3352 2844 3438 Bühnenabend das so einleuchtende Sprüchlein gelten:
1843 3380 2281 3461 Nicht zweimal dasselbe!
1918 3443 2841 3522 Die Musik Ernst v. Dohnanyis, des bekannten
1835 3480 2839 3567 Klaviervirtnosen, der auch als Komponist sich durch
1833 3528 2833 3606 Geist und Temperament vorteilhaft bemerkbar gemacht
1835 3566 2856 3650 hat und seit einigen Jahren an der Berliner Musik=
2170 3621 2223 3691 —
1833 3701 2848 3765 hochschule in erster Stellung wirkt, hat die Vorzüge der
1849 3751 2851 3806 Modernität. Ueberall viel kompositorisches Können, das
1860 3782 2853 3851 sich in reicher, mitunter kühner Harmonik ausspricht,
1851 3825 2858 3900 guter Geschmack, der sich zu beherrschen weiß und den
1858 3870 2857 3922 drohenden Gefahren der Uebertreibung entgeht, eine hoch
1859 3916 2852 3979 über das Handwerksmäßige emporragende Art, die
1850 3952 2855 4023 Themen zu kombinieren, musikdramatische Beziehungen
1851 4003 2852 4050 herzustellen, die Handlung auszudeuten und zu ver¬
1860 4048 2841 4105 tiefen. Was man an zwingender Eigenart vermissen mag,
1853 4090 2844 4133 dürfte die durchgängige Sorgfalt, die ästhetische Zweck¬
1855 4128 3041 4203 mäßigkeit und die reiche Abwechslung dieser Musik zum
1838 4179 2843 4227 guten Teile ersetzen. Sie gravitiert entschieden nach
