3344 4320
2600 69 2708 119 Son
1398 66 2584 124 Gastspiel von Tairoffs Moskauer Kammer¬
2600 110 2703 170 mit
1871 122 2117 179 theater.
1740 161 2248 232 Deutsches Volkstheater.
2600 232 2696 282 den
1480 216 2595 306 Alle Kunst ist Seele und Rausch, also unberechenbar. Was
2606 271 2713 321 Erste
1363 256 2020 333 sich errechnen läßt, ist Kunststück.
2611 310 2716 360 Altri
1481 310 2585 386 Man kommt, je nach Fassungsvermögen, entweder gleich
2605 349 2703 395 Frar
1356 374 2712 435 oder allmählich hinter den Mechanismus der Tairoffschen Schau=jGust
1365 408 2592 482 stellungen. Die Manifeste, die er erläßt, ändern nichts daran,
2606 422 2715 486 Rudi
1369 469 2587 530 obwohl sie an verwirrender Unklarheit wenig zu wünschen übrig
2598 494 2713 551 Frar
1367 514 2588 572 lassen. Nur die beflissenen Uebersetznikoffs in Westeuropa lassen
2597 540 2718 588 gar
1365 562 2582 618 sich noch durch eine bizzare Oberfläche verleiten, nach irgend¬
2597 576 2712 623 vertr
1364 614 2580 663 welcher Tiefe zu suchen. Tairoff macht neuestens aus seiner Ver¬
2604 616 2715 676 burg
1357 661 2604 724 achtung herkömmlicher Theaterformen schon ein richtiges
2592 697 2699 747 Hofl
1364 692 2593 767 Politikum, was nicht weiter verwunderlch ist. Schließlich kommt
2601 741 2705 797 Wel
1366 754 2586 815 er aus einem Sowjet=Rußland, wo sich zwangsläufig ein Umsturz
2598 777 2699 827 Plo'
1363 801 2593 852 aller Dinge begeben hat. Aber auch der Bolschewismus, der in
2601 819 2700 867 Ope
1354 848 2587 902 die Kunst des Bourgeoistheaters gefahren ist, erleidet das Schicksal
2604 858 2695 902 Vin
1361 901 2590 962 des Bolschewismus überhaupt: die Idee allein ist nicht zureichend
1360 935 2601 1013 genug, um Entwicklungen ganz zu zertrümmern oder zu über¬
1357 985 2601 1055 springen. Daran wird das Tairofssche Theater allmählich glauben
1365 1041 2600 1092 lernen, so ungläubig und revolutionär es sich auch gebärdet und
1353 1092 2294 1143 von Prinzipien und Stil allein sich nähren will.
1471 1132 2607 1217 Tairoffs Uebungen, die auf Bild= und Bewegungs¬
1356 1180 2602 1267 äußerung gerichtet sind (— der Stil selbst nimmt vom Rüpelspiel,
1356 1235 2594 1293 vom Variété, vom Zirkus, und vom Knockabout seinen Antrieb, vom
1361 1274 2595 1348 mongolischen Intellekt den Empfindungsgehalt —), diese Uebungen
2595 1299 2707 1362 Anze
1360 1328 2700 1407 haben in der Pantomime die breitesten Möglichkeiten. Aber gerade nehr
1352 1373 2709 1458 hier zeigt es sich, wie wenig Selbstschöpferisches vorhanden ist. zeitig
1362 1417 2598 1491 Während das Gedichtete für Tairoff immerhin den Extrakt für
2597 1453 2711 1523 Renr
1366 1468 2577 1526 Ausdruck und Maskenbildung abgibt, verlangt die Pankomime
2600 1505 2712 1552 Mem
1351 1526 2722 1591 eine Umsetzung von Maske und Gebärde in allerhand Geistigkeit. Gastk
1353 1571 2612 1644 Die Leere des alten Balletts ist aber auch von Tairoff nicht
1361 1612 2708 1690 überwunden worden. Was er trifft, manchmal sogar glänzend einer
1357 1658 2719 1732 trifft, ist die Herausarbeitung dramatischer Bewegung, des zu tre
1357 1704 2716 1785 kollektivistischen Rhythmus, der bis zu fanatischer Erhitzung gedeiht. und b
1476 1759 2736 1832 Schnitzlers Pantomine „Der Schleier der Pierrette“, ein Klasset
1363 1795 2738 1871 szenischer Ausschnitt aus dem „Schleier der Beatrice“, spielt statt bezügl:
1357 1842 2727 1904 in der Renaissancewelt in einem biedermeierischen Wien und es wir un
2591 1889 2747 1958 und ne
1350 1912 2589 1971 wäre eigentlich ganz interessant gewesen, wenn Tairoff, der Um¬
1355 1961 2745 2027 werter, gezeigt hätte, wie sich das Biedermeier in seinem Kopfe auf All
2592 2006 2742 2058 auf Ne¬
1356 2018 2598 2069 malt, wo er doch bisher alle gewohnte Bildhaftigkeit in den
2595 2046 2749 2112 Kodric
1349 2040 2593 2113 Linien und Farben karikaturistisch verzerrte. Aber hier scheint
1348 2083 2594 2178 ihm nichts eingefallen zu sein und er blieb schlicht beim alten.
1344 2140 2732 2221 Er wählte das liebliche und übliche Rosenrot, blieb bei den Sunbe
1351 2190 2595 2264 Alltagsgesichtern, ohne sie zu expressionieren, und mühte sich um eine
1352 2232 2730 2311 Anmut, die wienerisch zu sein hatte, aber nicht immer ganz heimats. Super
1356 2285 2596 2358 berechtigt war. Erst wo die Musik Dohnanyis, die in dieser
1343 2330 2711 2430 Pantomime von Liebe, Tod und Gewissensqual eine geschickte raten,
1353 2389 2585 2437 Sinnfälligkeit und oft die geistreichste melodische Intuition hat, sich
1345 2425 2697 2482 zu aufpeitschender Wirkung erhebt, verläßt Tairoff den Grundton: das auf
1349 2480 2675 2565 treibt er das Seelische russischer Tanzkunst in einem aufs höchste Fri
1345 2535 2596 2617 gesteigerten dramatischen Ausdruck meisterlich aufwärts. In diesem
1350 2583 2577 2648 Teilstück rechtfertigt er auch ein entfesseltes Theater durch Be¬
2580 2567 2663 2662 ab
1350 2626 2588 2692 wegung. Was seine Leute im einzelnen geben, reicht aber keines¬
1349 2671 2586 2761 wegs über die tänzerische Aussprache durch Gebärdenspiel hinaus.
1340 2713 2577 2784 Es ist nur eine schön durchgebildete und kultivierte Gliederkunst,
1337 2772 2586 2842 die gerade soviel Eindrucks= oder Ausdrucksfähigkeit hat, als man
1336 2812 2540 2886 im Pantomimischen voraussetzt. Alexander Rumnof
1331 2867 2580 2942 der Pierrot, und Boris Ferdinandoff, der
1335 2904 1773 2965 Harlekin, bringen
1809 2905 2571 2983 schöne Biegsamkeit der Geste,
1333 2954 2633 3023 die optische Schönheiten bieten. Weniger gut bestellt ist?
1330 3007 2565 3070 es um Alice Coonen, einer reichlich überschätzten Darstellerin,
2569 3040 2643 3085 A
1331 3057 2653 3124 die in den entscheidendsten Spielszenen von einer betrüblichen la
1329 3108 2637 3174 Ausdrucksleere bleibt. Daß ein nervöses Zucken der Lider sie 19
1338 3153 2654 3217 zwingt, mit weitausgerissenen Augen einen durchdringenden Blick bei
2602 3198 2648 3237 c
1331 3195 2560 3273 festzuhalten, macht ihr reizvolles Gesicht monoton; aber auch ihr
2565 3231 2650 3286 sick
1336 3251 2656 3323 tänzerisches Vermögen reicht gerade hin, um ihren weit über¬ Se
1336 3296 2401 3362 legenen Partnern Mittel zum Augenblickszweck zu sein.
2567 3309 2643 3363 in
1446 3332 2569 3427 Die Aufführung, mehr glatt als originell, hat bloß im
2568 3385 2638 3432 St.
1331 3387 2646 3476 zweiten Akt Charakter. Hier ließ auch der Beifall erkennen, daß er teil
1333 3440 2659 3502 aus richtiger Theaterfreude heraus sich entlud. Das farbige abz
1326 3483 2550 3550 Element der Pantomime blieb diesmal aus und im Dekorativen
2568 3504 2652 3555 dur
1329 3533 2549 3604 sand Tairoff statt der geometrischen Holzlatten diesmal eine neue
2567 3542 2657 3589 Fah
2563 3583 2656 3622 Um
1329 3572 2554 3652 Note: er spannte dünne Seile, die einmal Zimmervorhänge mar¬
2557 3611 2653 3669 Blu
1324 3626 2546 3693 tierten, das andere Mal als Pfeiler ihre zeichnerische Illusionskraft
1333 3679 2560 3748 erprobten. Nuc die alten Treppen blieben, die schon überall ein
1324 3730 2549 3803 unvermeidliches Regie=Gerüst bilden, wo man auf „Stufungen“
1322 3763 1642 3829 Bedacht nimmt.
1437 3805 2566 3906 Das Tairoff=Gastspiel geht zu Ende. Was es brachte, war
1319 3868 2203 3934 mehr exotischer Reiz als künstlerischer Gewinn.
2362 3878 2509 3936 —58—
1438 3936 2560 4044 „ fnhet heute abend die erste
2558 4003 2629 4074 22.
