3392 4352
2021 147 2453 257 box 27/5
265 155 1844 245 23. Der Schleiender Pierrette
502 562 893 669 Telephon 12.801.
543 679 690 773 Di.
144 728 662 835 BSEHVER
148 799 910 900 z. Unternehmen für Zeitungs-Ausschnitte
162 867 800 972 ., Concordiaplatz 4.
167 945 575 1033 Vertretungen
150 975 904 1065 t. Chicago, Christiania, Genf, Kopen¬
149 1032 847 1102 Bärid Mailand Minneapolte. Neu. V.
164 1080 877 1163 Francisco, Stockholm, St. Petersbe J.
166 1138 598 1204 (Quellenangabe ohne Gewähr).
156 1245 806 1347 #fet9LOoyd, Budapest
274 1312 627 1385 Abendblate
2031 1335 2470 1436 —
991 1339 1748 1433 —
552 1337 856 1447 —
2033 1413 3214 1485 zu einem neuen Drama. Die Handlung ist aus der Re¬
847 1424 2024 1491 ist Schnitzler bisher der Musik nicht nähergetreten.
2022 1462 3202 1526 naissancezeit in das Wiener Biedermeiermilien verlegt
848 1482 2024 1535 Höchstens, daß er in ein paar Romankapiteln ihr Wesen
157 1431 495 1555 uilleton.
231 1496 348 1581 ner
2022 1518 3213 1575 und die Hauptgestalten bekamen die Masken von Pierrot,
845 1521 2021 1591 als Aesthet zu ergründen versuchte. Doch der Dichter hatte
2019 1563 3214 1623 Pierrette und Harletin. Zwei Akte des Originalentwur¬
845 1571 2025 1632 nichts dagegen, daß die Musiker an ihn herantraten Es
157 1562 675 1667 ier der Pierrette.“
2035 1617 3215 1690 ses wurden radikal amputiert. Die Vorgäinge entwickeln
839 1619 2026 1675 waren nun freilich nicht die Erlauchtesten aus dem Reiche
157 1634 709 1725 schnitzler und Dohnänyi,
2034 1652 3207 1724 sich nun wie folgt. An ihrem Hochzeitsabend geht
843 1670 2035 1745 Polyhymnias, welche sich ihm näherten. Zuerst Oskar
251 1696 458 1763 en
2027 1707 3207 1775 Pierrette ihrem Bräutigam durch. Sie flieht zu ihrem
841 1699 2021 1777 Strauß, der aus dem Puppenspiel „Der tapfere Cassian“,
170 1723 848 1823 Nicht wie sonst anläßlich eines
2033 1758 3217 1817 Geliebten Pierrot, ohne den das Leben für sie keinen
838 1766 2033 1846 vielleicht wider Willen, eine banate Operette machte, dann
170 1802 241 1864 S.
232 1799 839 1870 Uraufführungen interessanter
2026 1802 3214 1870 Wert mehr hat. Kann sie mit ihm nicht mehr leben, so
834 1810 2032 1870 der Frankfurter Opernkapellmeister Franz Neumann, der
171 1848 835 1913 : „Salome“ oder „Moloch“ gibt es
2033 1850 3221 1923 will sie im Tode mit ihm vereint sein. Das Gift hat
832 1873 2023 1931 den sonderbaren Versuch unternommen hat, aus der
138 1892 846 1971 kion schweigt. Sie holt neuen Atem.
2036 1898 3213 1975 sie mitgebracht, Pierrot ist einverstanden und nimmt
844 1906 2028 1981 „Liebelei“ ein Musildrama zu machen. Wie das Experiment
156 1952 838 2021 sind die großen Nummern fällig,
2022 1942 3225 2024 zuerst den Todestrank. Aber wie Pierrette ihren Gelieb¬
838 1958 2033 2024 ausgefallen ist, wird man erfahren, wenn die Oper auch
151 1984 844 2056 eue Puccini. Bis dahin müssen
2028 1991 3216 2071 ten sterben sieht, erfaßt sie namenlose Angst. Sie ist
827 1997 2026 2072 das Licht der Rampen erbtickt haben wird. Ihre Auf¬
155 2049 844 2101 duld fassen oder den Nachwuchs
2026 2043 3210 2115 nicht mehr imstande, ihren Entschluß auszuführen und
849 2054 2026 2118 führung steht gleichfalls in Dresden bevor. Der dritte musi¬
153 2100 842 2170 der Nachwuchs streikt. Die Wiener
2022 2085 3214 2163 verläßt entsetzt das Gemach, ihren Schleier unversehens
840 2097 2024 2168 kalische Schnitzleriauer ist nun der Ungar Ernst
147 2151 848 2219 fretten, die Münchner Schule hat
2027 2142 3218 2212 zurücklassend. Arlekino hat inzwischen die Abwesenheit
835 2154 2026 2207 v. Dohnänyi. Seine Amezedentien sprechen nicht gegen
140 2192 856 2267 n d'Albert, auf den man einmal
2011 2198 3218 2261 der Braut bemerkt und an der Unordnung ihrer Kleider
841 2204 2029 2279 ihn. Als Piani“ hat er sich schon in jungen Jahren
171 2244 845 2306 findet aus den Sümpfen des
2018 2247 3217 2317 erkennt er, daß etwas vorgefallen sein müsse. Pierrette
852 2249 2021 2306 Weltruhm erworben, als Komponist mit einem Klavier¬
141 2294 856 2366 en Weg ins Freie. Die Sterilität
2030 2298 3221 2362 ist nicht imstande, ihre Verlegenheit zu bemänteln. Im
848 2302 2021 2359 konzert den Beethovenpreis davongetragen, mit Kammer¬
151 2342 848 2404 res sicht aber die Leitung der
2027 2339 3207 2410 Tanze mit ihm versucht sie den Verdacht Harlekins ab¬
843 2346 2027 2422 musik den Beweis geliefert, daß er Tüchtiges gelernt hat
138 2395 858 2452 kn. Melden sich auch die neuen
2027 2391 3216 2458 zulenken. Da verlöschen die Lichter im Saale und
839 2392 2034 2463 und eine große, mehrfach aufgeführte Sinsonie zeigte
142 2439 843 2503 so weiß man sie zu finden. Kürz¬
2021 2455 3217 2519 Pierrot steht als Gespenst vor ihr, nur ihr sichtbar. Die
839 2449 2023 2505 bereits Reife und Gediegenheit. Nun erfolgte der ent¬
148 2475 852 2552 kus Elbflorenz wieder einen neuen
2030 2488 3207 2560 Erscheinung verläßt sie nicht und alle Mittel sind ver¬
847 2496 2031 2564 scheidende Schritt zum Theater. Aehnlich hat es vor ihm
138 2544 850 2607 En einer Oper. Bloß eine Pauto¬
2025 2530 3217 2617 gebens, sie zu bannen. Sie verläßt noch einmal den
847 2543 2024 2618 Eugen d'Albert gemacht. Bleibt zu hoffen, daß sich
141 2584 849 2661 der letzten Woche den Beifall der
2030 2578 3214 2657 Tanzsaal und kehrt zurück ins Atelier. Harlekin ihr nach.
842 2574 1592 2664 Dohnanyi länger oben halten wird.
162 2642 856 2715 Man hat dort die Sache nicht
2021 2635 3213 2699 Dort liegt noch immer Pierrot als Leiche. Der Betro¬
936 2643 2023 2707 Es sind schon einige Jahre verstrichen, seit Artur
140 2694 852 2747 Pantomimen entstehen und ver¬
2032 2688 3208 2756 gene bemerkt das Giftfläschchen und errät den Zusam¬
855 2678 2036 2756 Schnitzler sein fünfaktiges Drama „Der Schleier der
131 2740 844 2801 er der Pierrette“ scheint sich auf
2012 2718 3218 2799 menhang. Er nimmt gräßliche Rache. Nachdem er die
844 2735 2024 2795 Beatrice“ vollendet hat. Der Dichter hatie kein Glück mit
2039 2784 3204 2844 Leiche vom Boden aufgehoben und sie in sitzende Stel¬
139 2787 855 2850 ten und gern nimmt der fahrende
853 2782 2037 2854 diesem Werk. In Wien lehnte Dr. Paul Schleuther eine
128 2825 855 2902 ahr, sich die Sache näher zu besehen.
2033 2831 3209 2895 lung gebracht hat, zwingt er Pierrette, mit ihr anzu¬
847 2833 2027 2897 Aufführung am Burgtheater rundweg ab, ein Versuch,
139 2872 855 2945 n Klang, welche der Theaterzetiel
857 2885 2026 2938 dem Drama in Berlin zu seinem Recht zu verhelfen,
2023 2874 3222 2947 stoßen und zu trinken. Dann entfernt er sich. Krachend
134 2933 857 3006 n Geringerer als Artur Schnitzler
856 2931 2025 2994 scheiterte an der Unzulänglichkeit der schauspielerischen
2029 2924 3217 3001 fällt die Tür ins Schloß. Pierrette, mit der Leiche
2030 2977 3207 3042 allein, wird wahnsinnig. Sie beginnt zu tanzen. Immer
139 2987 855 3041 und Ernst v. Dohnänyi ist der
854 2984 2026 3040 Kräfte des Lessingtheaters, die für die Aufgaben des
854 3024 2023 3088 Renaissancestückes nicht geeicht waren. Wollte der Dichter
136 3032 851 3093 kur Schnitzler ist ein homo novus
2027 3037 3222 3098 toller wird ihr Reigen, bis sie zusammenbricht. Pierrots
2037 3072 3213 3161 Freunde dringen gewaltsam ins Zimmer und finden
130 3078 854 3157 Eeine Neigungen zogen ihn schon
850 3083 2027 3148 sein Werk für die Bühne reiten, so mußte er sich zu
154 3112 858 3198 ein gründlicher Kenner der Werte
859 3128 2032 3196 einer gründlichen Umarbeitung entschließen. Es wurde
2031 3133 2283 3218 zwei Tote.
852 3179 2029 3243 der „Schleier der Pierrette“ daraus. Die Pantomime ist
144 3183 859 3239 der Moderne. Bei keiner wichtigen
2117 3158 3218 3245 Zu dieser auf die Nerven gehenden Handlung hat
148 3221 857 3299 Wiener Konzertsaale oder Opern¬
852 3226 2024 3286 wohl noch nicht die desinitive Form des veränderien
2021 3216 3224 3296 Ernst v. Dohnänyi eine ungemein interessante und nicht
846 3280 2030 3340 Werles geworden, denn schwerlich dürfte Schnitzler ein
2021 3265 3213 3341 minder aufregende Musik geschrieben. Eine Musik, die
134 3272 850 3343 rische Wien mit Fug und Recht
2024 3296 3256 3402 allerdings nicht verleugnet, daß sie ihr Bestes von Vor¬
842 3324 2030 3391 für allemal auf das Sprächliche, auf das er gerade in
132 3322 863 3397 Echenschaften außer sich war, die
858 3372 2023 3436 diesem Werke sein ganzes Können konzentriert hat, gan¬
2018 3358 3206 3448 bildern genommen hat, aber die auch genügende eigene#
125 3364 852 3442 En, war Schnitzler einer der ersten,
2023 3417 3185 3496 Intention besitzt, um als starke Talentprobe gewertet wer
852 3405 2029 3480 verzichten. Was wir vor uns haben und was Dohnänyi
144 3422 864 3495 zeichneten, der die kunstfeindliche
150 3469 3184 3559 ollte. Aber als schaffender Künstler] zur Anregung seiner Komposition diente, ist das Gerüst den zu können. Berlioz, Wagner und Richard Stra#
