<?xml version="1.0" encoding="UTF-8" standalone="yes"?>
<PcGts xmlns="http://schema.primaresearch.org/PAGE/gts/pagecontent/2013-07-15" xmlns:xsi="http://www.w3.org/2001/XMLSchema-instance" xsi:schemaLocation="http://schema.primaresearch.org/PAGE/gts/pagecontent/2013-07-15 http://schema.primaresearch.org/PAGE/gts/pagecontent/2013-07-15/pagecontent.xsd">
    <Metadata>
        <Creator>prov=University of Rostock/Institute of Mathematics/CITlab/Gundram Leifert/gundram.leifert@uni-rostock.de:name=ONB_Newseye_GT_M1+(htr_id=10810)::::v=2.4.2
prov=University of Rostock/Institute of Mathematics/CITlab/Tobias Gruening/tobias.gruening@uni-rostock.de:name=de.uros.citlab.module.baseline2polygon.B2PSeamMultiOriented:v=2.4.2
prov=University of Rostock/Institute of Mathematics/CITlab/Tobias Gruening/tobias.gruening@uni-rostock.de:name=/mnt/transkribus/LA/DEA/URO/LA_news_onb_att.pb:de.uros.citlab.segmentation.CITlab_LA_ML:v=2.4.2
Transkribus</Creator>
        <Created>2019-10-07T11:13:39.702+02:00</Created>
        <LastChange>2019-10-08T02:08:14.587+02:00</LastChange>
        <TranskribusMetadata docId="223965" pageId="9495444" pageNr="325" tsid="16496614" status="IN_PROGRESS" userId="40391" imgUrl="https://files.transkribus.eu/Get?id=NJLENBFXYWWUPUIDYUPVPRRC&amp;fileType=view" xmlUrl="https://files.transkribus.eu/Get?id=OCTLXDRYFXXKEWBKEPOJQGUN" imageId="6185671"/>
    </Metadata>
    <Page imageFilename="223965_0325.jpeg" imageWidth="3344" imageHeight="4320">
        <ReadingOrder>
            <OrderedGroup id="ro_1711441365026" caption="Regions reading order">
                <RegionRefIndexed index="0" regionRef="r1"/>
            </OrderedGroup>
        </ReadingOrder>
        <TextRegion orientation="0.0" id="r1" custom="readingOrder {index:0;}">
            <Coords points="232,217 232,3327 3185,3327 3185,217"/>
            <TextLine id="r1l1" custom="readingOrder {index:0;}">
                <Coords points="1874,272 1960,253 2018,279 2175,250 2260,269 2315,249 2359,266 2384,257 2383,190 2277,202 2208,181 2064,205 1988,188 1942,229 1873,214"/>
                <Baseline points="1885,255 1910,252 1936,248 1962,245 1987,243 2013,242 2039,242 2064,241 2090,242 2116,242 2141,243 2167,243 2193,244 2218,244 2244,245 2270,244 2295,244 2321,243 2347,241 2373,238"/>
                <TextEquiv>
                    <Unicode>box 28/1</Unicode>
                </TextEquiv>
            </TextLine>
            <TextLine id="r1l2" custom="readingOrder {index:1;}">
                <Coords points="221,287 1876,264 1681,188 221,225"/>
                <Baseline points="232,248 313,253 395,257 476,260 558,263 640,265 721,266 803,267 885,267 966,267 1048,266 1130,266 1211,265 1293,264 1375,263 1456,263 1538,262 1620,262 1701,263 1783,264 1865,265"/>
                <TextEquiv>
                    <Unicode>23. Der Schleiender-Bierrette</Unicode>
                </TextEquiv>
            </TextLine>
            <TextLine id="r1l3" custom="readingOrder {index:2;}">
                <Coords points="740,1136 1801,1180 1802,1143 1693,1100 742,1083"/>
                <Baseline points="751,1130 805,1130 860,1129 915,1130 969,1131 1024,1132 1079,1134 1133,1136 1188,1138 1243,1141 1297,1143 1352,1146 1407,1148 1461,1151 1516,1154 1571,1157 1625,1159 1680,1162 1735,1164 1790,1166"/>
                <TextEquiv>
                    <Unicode>Säohsincne Staate ötg. Dresden.</Unicode>
                </TextEquiv>
            </TextLine>
            <TextLine id="r1l4" custom="readingOrder {index:3;}">
                <Coords points="1204,1221 1241,1232 1308,1214 1358,1239 1427,1229 1440,1241 1529,1234 1561,1216 1602,1238 1656,1232 1658,1186 1503,1153 1371,1168 1347,1151 1291,1171 1252,1148 1207,1150"/>
                <Baseline points="1216,1193 1241,1197 1266,1199 1291,1201 1317,1203 1342,1204 1367,1205 1393,1206 1418,1206 1443,1206 1468,1207 1494,1208 1519,1209 1544,1211 1570,1213 1595,1217 1620,1221 1646,1225"/>
                <TextEquiv>
                    <Unicode>d. 5.6.1925</Unicode>
                </TextEquiv>
            </TextLine>
            <TextLine id="r1l5" custom="readingOrder {index:4;}">
                <Coords points="2737,1408 2753,1407 2757,1412 2762,1412 2771,1406 2775,1406 2777,1409 2782,1405 2795,1405 2799,1346 2783,1345 2779,1347 2775,1344 2763,1346 2757,1343 2741,1342"/>
                <Baseline points="2749,1392 2785,1394"/>
                <TextEquiv>
                    <Unicode>S</Unicode>
                </TextEquiv>
            </TextLine>
            <TextLine id="r1l6" custom="readingOrder {index:5;}">
                <Coords points="1422,1448 3073,1495 3194,1440 1423,1404"/>
                <Baseline points="1433,1440 1520,1440 1607,1441 1695,1442 1782,1443 1870,1444 1957,1446 2044,1447 2132,1449 2219,1451 2307,1453 2394,1455 2481,1457 2569,1460 2656,1462 2744,1465 2831,1467 2918,1469 3006,1471 3093,1474 3181,1476"/>
                <TextEquiv>
                    <Unicode>nur Wort und Wortdialog zu übersetzen vermag:ktiefleidenden Pierret merkt man die Identitä:</Unicode>
                </TextEquiv>
            </TextLine>
            <TextLine id="r1l7" custom="readingOrder {index:6;}">
                <Coords points="592,1444 720,1476 969,1462 1076,1492 1274,1494 1370,1463 1371,1408 1312,1395 835,1404 631,1379 593,1400"/>
                <Baseline points="603,1446 640,1447 678,1447 716,1449 754,1450 791,1451 829,1452 867,1453 905,1454 942,1455 980,1457 1018,1458 1056,1459 1093,1460 1131,1461 1169,1461 1207,1462 1244,1462 1282,1462 1320,1462 1358,1462"/>
                <TextEquiv>
                    <Unicode>Kunst und Wissenschaft.</Unicode>
                </TextEquiv>
            </TextLine>
            <TextLine id="r1l8" custom="readingOrder {index:7;}">
                <Coords points="1414,1477 3182,1519 3163,1472 1415,1446"/>
                <Baseline points="1424,1484 1511,1485 1598,1487 1686,1489 1773,1491 1861,1493 1948,1495 2035,1497 2123,1499 2210,1501 2298,1503 2385,1505 2472,1507 2560,1509 2647,1510 2735,1512 2822,1514 2909,1515 2997,1517 3084,1518 3172,1518"/>
                <TextEquiv>
                    <Unicode>die wahre szenische Handlung entsteht, eine Hand- mit dem libellenhaft=leichten Maraéquino aus</Unicode>
                </TextEquiv>
            </TextLine>
            <TextLine id="r1l9" custom="readingOrder {index:8;}">
                <Coords points="1419,1538 3160,1575 3188,1514 1420,1483"/>
                <Baseline points="1429,1528 1516,1530 1603,1532 1691,1534 1778,1536 1865,1538 1953,1540 2040,1541 2127,1544 2215,1545 2302,1547 2389,1549 2477,1551 2564,1552 2651,1554 2739,1555 2826,1556 2913,1557 3001,1558 3088,1559 3176,1559"/>
                <TextEquiv>
                    <Unicode>lung, bis an den Rand gefüllt mit seelischer Be=„Giroslé=Girosla“ nicht an und Boris Ferdi¬</Unicode>
                </TextEquiv>
            </TextLine>
            <TextLine id="r1l10" custom="readingOrder {index:9;}">
                <Coords points="1415,1574 2230,1608 2288,1592 2289,1556 1416,1532"/>
                <Baseline points="1427,1571 1469,1572 1512,1572 1554,1573 1597,1574 1639,1575 1682,1576 1724,1577 1767,1578 1809,1579 1852,1581 1894,1582 1937,1582 1979,1583 2022,1584 2064,1585 2107,1585 2149,1586 2192,1586 2234,1586 2277,1586"/>
                <TextEquiv>
                    <Unicode>wegung, die sich in der selbsterzeugten Geste Aus¬</Unicode>
                </TextEquiv>
            </TextLine>
            <TextLine id="r1l11" custom="readingOrder {index:10;}">
                <Coords points="608,1589 701,1605 765,1579 854,1604 976,1582 1064,1585 1106,1612 1135,1594 1257,1606 1342,1562 1342,1527 1164,1548 1107,1525 1065,1550 817,1519 761,1543 608,1538"/>
                <Baseline points="620,1584 655,1583 691,1583 726,1582 762,1582 797,1583 833,1583 868,1583 904,1584 939,1585 975,1586 1010,1586 1046,1587 1081,1587 1117,1587 1152,1587 1188,1587 1223,1587 1259,1586 1294,1585 1330,1583"/>
                <TextEquiv>
                    <Unicode>„Der Schleier der Pierrette“.</Unicode>
                </TextEquiv>
            </TextLine>
            <TextLine id="r1l12" custom="readingOrder {index:11;}">
                <Coords points="2305,1601 3121,1619 3185,1607 3186,1565 2306,1563"/>
                <Baseline points="2316,1589 2361,1590 2406,1591 2451,1591 2496,1593 2542,1593 2587,1594 2632,1595 2677,1596 2722,1596 2768,1597 2813,1598 2858,1599 2903,1600 2948,1601 2994,1602 3039,1603 3084,1604 3129,1605 3175,1606"/>
                <TextEquiv>
                    <Unicode>nandofss herrisch=wilder Harlekin scheint nichts</Unicode>
                </TextEquiv>
            </TextLine>
            <TextLine id="r1l13" custom="readingOrder {index:12;}">
                <Coords points="1419,1623 1472,1641 1517,1613 1538,1632 1596,1620 1654,1638 1811,1627 1908,1648 1910,1589 1420,1579"/>
                <Baseline points="1431,1613 1456,1613 1482,1612 1508,1612 1534,1613 1560,1614 1586,1615 1612,1616 1638,1618 1664,1619 1690,1621 1716,1621 1742,1622 1768,1624 1794,1624 1820,1624 1846,1624 1872,1624 1898,1623"/>
                <TextEquiv>
                    <Unicode>druck und Befreiung schafft.</Unicode>
                </TextEquiv>
            </TextLine>
            <TextLine id="r1l14" custom="readingOrder {index:13;}">
                <Coords points="584,1660 1052,1650 1273,1680 1376,1644 1352,1610 586,1587"/>
                <Baseline points="596,1631 634,1633 672,1634 711,1636 749,1638 788,1639 826,1641 864,1642 903,1643 941,1644 980,1645 1018,1646 1056,1647 1095,1647 1133,1648 1172,1648 1210,1648 1248,1648 1287,1648 1325,1648 1364,1647"/>
                <TextEquiv>
                    <Unicode>Gastspiel des Moskauer Kammer¬</Unicode>
                </TextEquiv>
            </TextLine>
            <TextLine id="r1l15" custom="readingOrder {index:14;}">
                <Coords points="2297,1640 3066,1646 3174,1670 3156,1610 2298,1602"/>
                <Baseline points="2309,1632 2351,1634 2394,1635 2437,1637 2479,1637 2522,1638 2565,1639 2607,1640 2650,1641 2693,1642 2736,1642 2778,1643 2821,1643 2864,1644 2906,1645 2949,1646 2992,1647 3034,1648 3077,1649 3120,1650 3163,1651"/>
                <TextEquiv>
                    <Unicode>mehr gemeinsam zu haben mit dem sauften Boris</Unicode>
                </TextEquiv>
            </TextLine>
            <TextLine id="r1l16" custom="readingOrder {index:15;}">
                <Coords points="1473,1660 1608,1680 1646,1652 1703,1689 1818,1689 1879,1655 1922,1682 1978,1666 2126,1693 2300,1670 2300,1635 2252,1614 2114,1642 2055,1621 1474,1622"/>
                <Baseline points="1485,1656 1525,1658 1565,1660 1605,1661 1645,1662 1685,1663 1725,1664 1766,1665 1806,1666 1846,1666 1886,1667 1926,1668 1966,1669 2006,1669 2047,1670 2087,1671 2127,1671 2167,1672 2207,1673 2247,1674 2288,1675"/>
                <TextEquiv>
                    <Unicode>Tairoffs Pantomime ist etwas grundsätz¬</Unicode>
                </TextEquiv>
            </TextLine>
            <TextLine id="r1l17" custom="readingOrder {index:16;}">
                <Coords points="2291,1679 2960,1695 2991,1718 3058,1697 3194,1728 3180,1644 2637,1652 2609,1631 2568,1662 2292,1630"/>
                <Baseline points="2302,1679 2346,1680 2390,1681 2434,1681 2478,1682 2522,1682 2566,1682 2611,1683 2655,1683 2699,1684 2743,1684 2787,1685 2831,1686 2875,1687 2920,1688 2964,1689 3008,1690 3052,1692 3096,1693 3140,1695 3185,1697"/>
                <TextEquiv>
                    <Unicode>in Ostrowskis „Gewitter“. Wunder Tairoffschei</Unicode>
                </TextEquiv>
            </TextLine>
            <TextLine id="r1l18" custom="readingOrder {index:17;}">
                <Coords points="853,1683 908,1703 931,1692 953,1700 964,1693 977,1703 997,1694 1025,1706 1066,1701 1084,1683 1106,1677 1107,1658 1045,1651 1036,1658 1023,1648 1003,1657 983,1649 934,1657 912,1647 854,1663"/>
                <Baseline points="865,1684 890,1686 916,1688 941,1689 967,1690 992,1691 1018,1691 1043,1691 1069,1691 1095,1692"/>
                <TextEquiv>
                    <Unicode>theaters.</Unicode>
                </TextEquiv>
            </TextLine>
            <TextLine id="r1l19" custom="readingOrder {index:18;}">
                <Coords points="1403,1712 1476,1719 1516,1701 1547,1719 1651,1717 1704,1698 1757,1722 1817,1698 1870,1725 1904,1719 1904,1668 1786,1683 1403,1667"/>
                <Baseline points="1415,1706 1440,1705 1465,1705 1490,1705 1515,1704 1540,1705 1565,1705 1591,1705 1616,1705 1641,1706 1666,1706 1691,1706 1716,1707 1742,1707 1767,1707 1792,1707 1817,1707 1842,1707 1867,1706 1893,1706"/>
                <TextEquiv>
                    <Unicode>lich Anderes als das</Unicode>
                </TextEquiv>
            </TextLine>
            <TextLine id="r1l20" custom="readingOrder {index:19;}">
                <Coords points="1904,1720 1931,1725 1949,1717 1964,1725 1991,1717 2017,1728 2029,1721 2048,1734 2066,1726 2093,1727 2094,1696 2075,1686 2059,1688 2051,1680 2028,1684 1995,1675 1988,1680 1971,1668 1944,1673 1921,1692 1906,1686"/>
                <Baseline points="1916,1711 1943,1711 1971,1713 1999,1715 2026,1716 2054,1718 2082,1717"/>
                <TextEquiv>
                    <Unicode>Ballett,</Unicode>
                </TextEquiv>
            </TextLine>
            <TextLine id="r1l21" custom="readingOrder {index:20;}">
                <Coords points="2085,1722 2101,1717 2114,1721 2121,1716 2136,1727 2152,1729 2161,1724 2168,1730 2174,1726 2185,1734 2201,1732 2200,1685 2184,1688 2177,1681 2162,1677 2135,1685 2126,1683 2109,1697 2100,1693 2085,1695"/>
                <Baseline points="2096,1716 2127,1715 2158,1713 2190,1714"/>
                <TextEquiv>
                    <Unicode> als</Unicode>
                </TextEquiv>
            </TextLine>
            <TextLine id="r1l22" custom="readingOrder {index:21;}">
                <Coords points="2207,1714 2218,1714 2229,1726 2240,1730 2245,1728 2247,1731 2254,1726 2269,1731 2280,1727 2291,1728 2293,1688 2277,1687 2273,1683 2266,1687 2255,1687 2240,1682 2229,1672 2209,1672"/>
                <Baseline points="2218,1715 2249,1715 2280,1717"/>
                <TextEquiv>
                    <Unicode>die</Unicode>
                </TextEquiv>
            </TextLine>
            <TextLine id="r1l23" custom="readingOrder {index:22;}">
                <Coords points="2301,1739 2358,1744 2394,1729 2416,1741 2485,1731 2509,1743 2554,1734 2589,1746 2618,1733 2640,1743 2680,1726 2681,1695 2302,1686"/>
                <Baseline points="2312,1719 2337,1720 2363,1721 2388,1721 2414,1722 2439,1722 2465,1722 2490,1722 2516,1722 2541,1723 2567,1723 2592,1724 2618,1725 2643,1726 2669,1728"/>
                <TextEquiv>
                    <Unicode>Verwandlungskunst!</Unicode>
                </TextEquiv>
            </TextLine>
            <TextLine id="r1l24" custom="readingOrder {index:23;}">
                <Coords points="586,1733 767,1758 1040,1760 1100,1737 1131,1758 1417,1760 1418,1700 1152,1716 636,1682 587,1701"/>
                <Baseline points="597,1732 637,1734 677,1735 718,1737 758,1738 799,1739 839,1740 880,1741 920,1742 961,1743 1001,1744 1041,1744 1082,1745 1122,1745 1163,1745 1203,1746 1244,1746 1284,1746 1325,1747 1365,1747 1406,1747"/>
                <TextEquiv>
                    <Unicode>Tairoffs Inszenierungskunst ist ihrem liefsten</Unicode>
                </TextEquiv>
            </TextLine>
            <TextLine id="r1l25" custom="readingOrder {index:24;}">
                <Coords points="1425,1757 1494,1753 1567,1766 1609,1755 1642,1769 1675,1760 1706,1775 1744,1758 1744,1727 1684,1727 1660,1713 1587,1724 1542,1722 1503,1704 1474,1719 1465,1710 1425,1713"/>
                <Baseline points="1437,1749 1463,1749 1490,1749 1517,1749 1544,1749 1571,1749 1598,1749 1625,1749 1652,1749 1679,1750 1706,1750 1733,1749"/>
                <TextEquiv>
                    <Unicode>Zirkuspaniomime.</Unicode>
                </TextEquiv>
            </TextLine>
            <TextLine id="r1l26" custom="readingOrder {index:25;}">
                <Coords points="1788,1765 1823,1775 1893,1741 1965,1773 2006,1756 2069,1774 2298,1778 2299,1727 2286,1725 2222,1723 2199,1742 2107,1717 2051,1733 1974,1717 1911,1731 1790,1701"/>
                <Baseline points="1800,1750 1825,1751 1851,1752 1876,1752 1902,1753 1927,1754 1953,1756 1979,1756 2004,1757 2030,1758 2055,1759 2081,1760 2106,1760 2132,1761 2158,1762 2183,1763 2209,1763 2234,1763 2260,1764 2286,1764"/>
                <TextEquiv>
                    <Unicode>Sie will auch nicht</Unicode>
                </TextEquiv>
            </TextLine>
            <TextLine id="r1l27" custom="readingOrder {index:26;}">
                <Coords points="2352,1774 3160,1795 3175,1724 2352,1734"/>
                <Baseline points="2364,1763 2403,1765 2443,1767 2483,1769 2523,1770 2563,1772 2603,1774 2643,1775 2683,1776 2723,1777 2763,1778 2802,1779 2842,1780 2882,1780 2922,1781 2962,1781 3002,1780 3042,1780 3082,1780 3122,1779 3162,1778"/>
                <TextEquiv>
                    <Unicode>Natuigemäß heirschten im einzelnen und in</Unicode>
                </TextEquiv>
            </TextLine>
            <TextLine id="r1l28" custom="readingOrder {index:27;}">
                <Coords points="529,1787 1118,1802 1156,1776 1346,1821 1410,1807 1411,1756 1039,1770 529,1728"/>
                <Baseline points="540,1777 583,1779 626,1780 669,1781 712,1782 755,1783 798,1785 841,1785 884,1786 927,1787 970,1788 1013,1788 1056,1789 1099,1789 1142,1789 1185,1790 1228,1790 1271,1790 1314,1790 1357,1789 1400,1789"/>
                <TextEquiv>
                    <Unicode>Wesen nach pantomimisch. Also ist die reine</Unicode>
                </TextEquiv>
            </TextLine>
            <TextLine id="r1l29" custom="readingOrder {index:28;}">
                <Coords points="1413,1801 2278,1815 2278,1775 2161,1764 1813,1768 1756,1742 1715,1768 1414,1761"/>
                <Baseline points="1425,1793 1467,1794 1509,1794 1551,1794 1593,1795 1635,1795 1677,1796 1719,1796 1761,1797 1803,1797 1846,1798 1888,1799 1930,1799 1972,1800 2014,1801 2056,1802 2098,1803 2140,1804 2182,1805 2224,1806 2267,1808"/>
                <TextEquiv>
                    <Unicode>Wiederbelebung der antiken Pantomime, des</Unicode>
                </TextEquiv>
            </TextLine>
            <TextLine id="r1l30" custom="readingOrder {index:29;}">
                <Coords points="2299,1822 3081,1841 3157,1831 3180,1794 2300,1776"/>
                <Baseline points="2311,1811 2353,1811 2396,1812 2439,1813 2482,1814 2525,1816 2568,1817 2611,1818 2654,1819 2697,1821 2740,1822 2782,1823 2825,1824 2868,1825 2911,1826 2954,1826 2997,1826 3040,1826 3083,1826 3126,1825 3169,1824"/>
                <TextEquiv>
                    <Unicode>Gruppenspiel russische Typensormung und russische</Unicode>
                </TextEquiv>
            </TextLine>
            <TextLine id="r1l31" custom="readingOrder {index:30;}">
                <Coords points="524,1827 1295,1847 1328,1841 1329,1795 524,1787"/>
                <Baseline points="536,1821 575,1822 614,1823 653,1824 692,1825 731,1826 770,1827 809,1828 848,1829 887,1830 927,1831 966,1832 1005,1832 1044,1833 1083,1833 1122,1834 1161,1834 1200,1834 1239,1834 1278,1834 1318,1833"/>
                <TextEquiv>
                    <Unicode>Pantomime die ihr gemäßete Ausdrucksform.</Unicode>
                </TextEquiv>
            </TextLine>
            <TextLine id="r1l32" custom="readingOrder {index:31;}">
                <Coords points="1406,1846 2284,1862 2284,1818 2222,1808 1407,1809"/>
                <Baseline points="1417,1839 1459,1839 1502,1840 1545,1840 1588,1841 1631,1841 1673,1841 1716,1842 1759,1842 1802,1842 1845,1843 1887,1843 1930,1844 1973,1844 2016,1845 2059,1845 2101,1846 2144,1847 2187,1849 2230,1850 2273,1852"/>
                <TextEquiv>
                    <Unicode>theatralischen Urkerns der Dionysos= und Krischna¬</Unicode>
                </TextEquiv>
            </TextLine>
            <TextLine id="r1l33" custom="readingOrder {index:32;}">
                <Coords points="2302,1862 3026,1867 3179,1897 3180,1820 3118,1841 2303,1820"/>
                <Baseline points="2313,1854 2355,1855 2398,1856 2441,1857 2484,1858 2527,1860 2569,1861 2612,1862 2655,1863 2698,1865 2741,1866 2783,1867 2826,1868 2869,1869 2912,1870 2955,1870 2997,1871 3040,1871 3083,1871 3126,1871 3169,1870"/>
                <TextEquiv>
                    <Unicode>Gesellschaftstradition vor; namentlich die Szener</Unicode>
                </TextEquiv>
            </TextLine>
            <TextLine id="r1l34" custom="readingOrder {index:33;}">
                <Coords points="587,1859 2280,1910 2267,1859 1873,1838 587,1833"/>
                <Baseline points="598,1870 681,1871 765,1873 848,1874 932,1875 1015,1876 1099,1877 1182,1878 1266,1879 1349,1880 1433,1881 1516,1883 1600,1884 1683,1885 1767,1886 1850,1888 1934,1889 2017,1890 2101,1892 2184,1894 2268,1895"/>
                <TextEquiv>
                    <Unicode>In seinem „Emtfesselten Theater“ beschreibt er Musterien: sie sucht, abseits von Naturalistik und</Unicode>
                </TextEquiv>
            </TextLine>
            <TextLine id="r1l35" custom="readingOrder {index:34;}">
                <Coords points="2301,1911 3141,1917 3141,1883 3093,1873 2302,1862"/>
                <Baseline points="2313,1900 2353,1900 2394,1900 2435,1900 2476,1901 2517,1902 2558,1904 2598,1905 2639,1906 2680,1907 2721,1908 2762,1910 2803,1911 2844,1912 2884,1913 2925,1914 2966,1914 3007,1914 3048,1914 3089,1914 3130,1913"/>
                <TextEquiv>
                    <Unicode>im Hochzeitssaal haiten staik russisches Gepräge.</Unicode>
                </TextEquiv>
            </TextLine>
            <TextLine id="r1l36" custom="readingOrder {index:35;}">
                <Coords points="515,1907 687,1934 1379,1938 1402,1892 515,1874"/>
                <Baseline points="526,1909 569,1911 612,1912 655,1914 699,1915 742,1917 785,1918 828,1919 872,1920 915,1920 958,1921 1001,1922 1045,1922 1088,1923 1131,1923 1174,1923 1218,1923 1261,1923 1304,1923 1347,1922 1391,1922"/>
                <TextEquiv>
                    <Unicode>den Weg, auf dem er, der enthusiastische Er¬</Unicode>
                </TextEquiv>
            </TextLine>
            <TextLine id="r1l37" custom="readingOrder {index:36;}">
                <Coords points="1419,1933 2205,1955 2292,1945 2293,1901 1420,1888"/>
                <Baseline points="1430,1922 1472,1923 1515,1925 1557,1926 1600,1927 1642,1928 1685,1929 1727,1930 1770,1931 1812,1932 1855,1933 1897,1934 1940,1934 1982,1935 2025,1935 2067,1936 2110,1936 2152,1936 2195,1936 2237,1936 2280,1936"/>
                <TextEquiv>
                    <Unicode>Stilbühne, den Weg zu jener szenischen Syn¬</Unicode>
                </TextEquiv>
            </TextLine>
            <TextLine id="r1l38" custom="readingOrder {index:37;}">
                <Coords points="2354,1948 3178,1979 3179,1911 3151,1897 3015,1930 2355,1910"/>
                <Baseline points="2364,1939 2404,1943 2444,1945 2484,1947 2524,1949 2565,1951 2605,1952 2645,1952 2685,1953 2725,1954 2766,1954 2806,1954 2846,1955 2886,1955 2926,1955 2967,1956 3007,1957 3047,1957 3087,1958 3127,1959 3168,1961"/>
                <TextEquiv>
                    <Unicode>Einen nicht zu übergehenden Anteil an dem</Unicode>
                </TextEquiv>
            </TextLine>
            <TextLine id="r1l39" custom="readingOrder {index:38;}">
                <Coords points="528,1954 1406,1977 1389,1932 529,1914"/>
                <Baseline points="540,1954 582,1955 625,1956 668,1957 711,1958 753,1959 796,1960 839,1961 882,1962 924,1963 967,1964 1010,1965 1053,1965 1095,1966 1138,1966 1181,1966 1224,1967 1266,1967 1309,1966 1352,1966 1395,1966"/>
                <TextEquiv>
                    <Unicode>neuerer der Pantomime, zur Inszenierung des</Unicode>
                </TextEquiv>
            </TextLine>
            <TextLine id="r1l40" custom="readingOrder {index:39;}">
                <Coords points="1413,1978 2237,2000 2286,1994 2287,1948 1414,1925"/>
                <Baseline points="1425,1968 1467,1968 1509,1968 1552,1969 1594,1969 1637,1970 1679,1971 1722,1972 1764,1973 1807,1974 1849,1975 1891,1976 1934,1977 1976,1978 2019,1979 2061,1980 2104,1981 2146,1982 2189,1982 2231,1983 2274,1983"/>
                <TextEquiv>
                    <Unicode>these von Seelenbewegung und Ausdruck, ohne</Unicode>
                </TextEquiv>
            </TextLine>
            <TextLine id="r1l41" custom="readingOrder {index:40;}">
                <Coords points="2302,2016 2865,1994 3155,2021 3189,1969 2555,1967 2303,1930"/>
                <Baseline points="2312,1989 2355,1990 2398,1991 2441,1992 2485,1993 2528,1993 2571,1994 2615,1995 2658,1996 2701,1997 2745,1998 2788,1998 2831,1999 2874,1999 2918,2000 2961,2001 3004,2001 3048,2002 3091,2002 3134,2002 3178,2003"/>
                <TextEquiv>
                    <Unicode>großen Erfolg des Abends, der Tairoff und den</Unicode>
                </TextEquiv>
            </TextLine>
            <TextLine id="r1l42" custom="readingOrder {index:41;}">
                <Coords points="530,2011 962,2001 1412,2033 1413,1975 1333,1965 531,1960"/>
                <Baseline points="542,1997 587,1999 632,2000 677,2002 722,2003 768,2004 813,2005 858,2005 903,2006 948,2006 994,2007 1039,2007 1084,2008 1129,2008 1174,2009 1220,2010 1265,2011 1310,2013 1355,2014 1401,2016"/>
                <TextEquiv>
                    <Unicode>„Schleiers der Pierrette“ kam. Wie er das spieß¬</Unicode>
                </TextEquiv>
            </TextLine>
            <TextLine id="r1l43" custom="readingOrder {index:42;}">
                <Coords points="1410,2023 2281,2042 2282,1997 2193,1985 1411,1979"/>
                <Baseline points="1421,2012 1463,2013 1505,2014 1548,2015 1590,2015 1633,2016 1675,2016 1718,2017 1760,2018 1803,2018 1845,2019 1887,2019 1930,2020 1972,2021 2015,2021 2057,2023 2100,2024 2142,2025 2185,2027 2227,2028 2270,2030"/>
                <TextEquiv>
                    <Unicode>die es, nach Tairoffs Überzeugung, keinen Ausweg</Unicode>
                </TextEquiv>
            </TextLine>
            <TextLine id="r1l44" custom="readingOrder {index:43;}">
                <Coords points="2298,2044 2679,2034 2727,2059 2989,2045 3190,2075 3191,2013 2298,2000"/>
                <Baseline points="2309,2032 2352,2033 2396,2035 2439,2036 2483,2037 2526,2038 2570,2039 2613,2040 2657,2041 2700,2041 2744,2042 2787,2042 2831,2043 2874,2043 2918,2043 2961,2044 3005,2044 3048,2044 3092,2045 3135,2046 3179,2046"/>
                <TextEquiv>
                    <Unicode>Seinen wieder reiche Ehren einbrachte, halte die</Unicode>
                </TextEquiv>
            </TextLine>
            <TextLine id="r1l45" custom="readingOrder {index:44;}">
                <Coords points="521,2046 1399,2068 1399,2026 1293,2009 522,2010"/>
                <Baseline points="533,2044 575,2045 618,2046 661,2047 703,2048 746,2048 789,2049 831,2049 874,2050 917,2050 960,2051 1002,2051 1045,2051 1088,2052 1130,2052 1173,2053 1216,2053 1258,2054 1301,2055 1344,2056 1387,2057"/>
                <TextEquiv>
                    <Unicode>bürgerliche Schnitzlersche Szenarium mit seinen</Unicode>
                </TextEquiv>
            </TextLine>
            <TextLine id="r1l46" custom="readingOrder {index:45;}">
                <Coords points="1418,2066 2236,2087 2278,2084 2279,2042 1419,2021"/>
                <Baseline points="1430,2053 1471,2055 1513,2056 1555,2057 1597,2058 1639,2059 1680,2060 1722,2061 1764,2061 1806,2062 1848,2063 1889,2063 1931,2064 1973,2064 2015,2065 2057,2066 2098,2066 2140,2067 2182,2069 2224,2070 2266,2071"/>
                <TextEquiv>
                    <Unicode>aus dem Jurgarten des zeitgenössischen Theateis gibt.</Unicode>
                </TextEquiv>
            </TextLine>
            <TextLine id="r1l47" custom="readingOrder {index:46;}">
                <Coords points="2289,2086 3144,2104 3179,2096 3181,2050 2290,2044"/>
                <Baseline points="2300,2076 2343,2077 2386,2077 2430,2077 2473,2078 2517,2079 2560,2079 2603,2080 2647,2081 2690,2082 2734,2083 2777,2084 2820,2085 2864,2086 2907,2088 2951,2089 2994,2091 3037,2092 3081,2094 3124,2095 3168,2097"/>
                <TextEquiv>
                    <Unicode>musikalische Leitung Prof. Alexander Metiners,</Unicode>
                </TextEquiv>
            </TextLine>
            <TextLine id="r1l48" custom="readingOrder {index:47;}">
                <Coords points="524,2093 911,2116 1417,2096 1417,2067 1336,2061 525,2046"/>
                <Baseline points="535,2088 578,2089 622,2090 665,2090 709,2091 752,2092 796,2092 839,2093 883,2093 926,2094 970,2094 1013,2095 1057,2095 1100,2096 1144,2096 1187,2097 1231,2098 1274,2098 1318,2099 1361,2100 1405,2101"/>
                <TextEquiv>
                    <Unicode>konventionellen, illustrierenden Gesten rücksichtslos</Unicode>
                </TextEquiv>
            </TextLine>
            <TextLine id="r1l49" custom="readingOrder {index:48;}">
                <Coords points="1465,2110 2276,2127 2277,2082 2253,2077 1466,2068"/>
                <Baseline points="1477,2104 1516,2103 1555,2103 1595,2103 1634,2104 1674,2104 1713,2105 1753,2106 1792,2107 1832,2107 1871,2109 1910,2109 1950,2111 1989,2111 2029,2112 2068,2113 2108,2114 2147,2114 2187,2114 2226,2114 2266,2114"/>
                <TextEquiv>
                    <Unicode>In Dohnanyis Rhythmen spürt er zuerst den</Unicode>
                </TextEquiv>
            </TextLine>
            <TextLine id="r1l50" custom="readingOrder {index:49;}">
                <Coords points="2298,2127 3167,2141 3164,2094 2299,2087"/>
                <Baseline points="2310,2119 2352,2120 2394,2121 2437,2122 2479,2123 2521,2124 2564,2125 2606,2126 2648,2126 2691,2127 2733,2128 2775,2129 2818,2129 2860,2130 2902,2131 2945,2131 2987,2132 3029,2133 3072,2134 3114,2135 3157,2136"/>
                <TextEquiv>
                    <Unicode>die den seinsten seelischen Schwingungen und</Unicode>
                </TextEquiv>
            </TextLine>
            <TextLine id="r1l51" custom="readingOrder {index:50;}">
                <Coords points="523,2133 1398,2157 1375,2110 524,2098"/>
                <Baseline points="534,2131 576,2133 619,2134 662,2135 704,2136 747,2137 790,2137 832,2138 875,2139 918,2139 961,2139 1003,2140 1046,2140 1089,2141 1131,2141 1174,2142 1217,2142 1259,2143 1302,2144 1345,2145 1388,2147"/>
                <TextEquiv>
                    <Unicode>beisliteschiebend, zum Kern der Dinge vordrang:</Unicode>
                </TextEquiv>
            </TextLine>
            <TextLine id="r1l52" custom="readingOrder {index:51;}">
                <Coords points="1416,2155 2275,2175 2276,2126 1417,2095"/>
                <Baseline points="1426,2145 1467,2146 1509,2147 1551,2148 1593,2149 1635,2150 1677,2151 1719,2152 1761,2152 1803,2153 1845,2154 1886,2154 1928,2155 1970,2155 2012,2156 2054,2156 2096,2157 2138,2157 2180,2158 2222,2158 2264,2159"/>
                <TextEquiv>
                    <Unicode>zauberhaften Herzschlag der neuen Emotionsform.</Unicode>
                </TextEquiv>
            </TextLine>
            <TextLine id="r1l53" custom="readingOrder {index:52;}">
                <Coords points="2299,2181 2747,2167 3183,2194 3185,2124 2909,2150 2300,2130"/>
                <Baseline points="2310,2165 2353,2165 2396,2166 2439,2167 2482,2167 2525,2168 2568,2169 2611,2170 2654,2170 2697,2171 2741,2172 2784,2173 2827,2174 2870,2175 2913,2176 2956,2176 2999,2177 3042,2178 3085,2178 3128,2179 3172,2179"/>
                <TextEquiv>
                    <Unicode>Impulsen der Charaktere und der Handlung mit</Unicode>
                </TextEquiv>
            </TextLine>
            <TextLine id="r1l54" custom="readingOrder {index:53;}">
                <Coords points="513,2189 1386,2201 1405,2157 514,2135"/>
                <Baseline points="525,2176 568,2176 611,2177 655,2178 698,2179 742,2179 785,2180 828,2181 872,2182 915,2182 959,2183 1002,2183 1045,2184 1089,2185 1132,2185 1176,2186 1219,2186 1262,2187 1306,2187 1349,2188 1393,2188"/>
                <TextEquiv>
                    <Unicode>zur Musik Dohnanyis, aus deren Melodien</Unicode>
                </TextEquiv>
            </TextLine>
            <TextLine id="r1l55" custom="readingOrder {index:54;}">
                <Coords points="1412,2197 2269,2216 2270,2167 1412,2157"/>
                <Baseline points="1422,2188 1463,2189 1505,2190 1547,2191 1589,2192 1631,2193 1673,2194 1714,2195 1756,2195 1798,2196 1840,2197 1882,2197 1924,2198 1966,2198 2007,2199 2049,2199 2091,2200 2133,2201 2175,2202 2217,2203 2259,2204"/>
                <TextEquiv>
                    <Unicode>Und die Probe auf die Richtigkeit des beschrittenen</Unicode>
                </TextEquiv>
            </TextLine>
            <TextLine id="r1l56" custom="readingOrder {index:55;}">
                <Coords points="2289,2223 2917,2223 3016,2252 3185,2228 3166,2179 2290,2174"/>
                <Baseline points="2301,2208 2344,2210 2388,2211 2431,2212 2475,2214 2519,2215 2562,2216 2606,2217 2650,2218 2693,2218 2737,2219 2781,2220 2824,2220 2868,2221 2912,2222 2955,2222 2999,2223 3043,2223 3086,2224 3130,2225 3174,2225"/>
                <TextEquiv>
                    <Unicode>unendlichem Feingefühl nachging und die Schöpfung</Unicode>
                </TextEquiv>
            </TextLine>
            <TextLine id="r1l57" custom="readingOrder {index:56;}">
                <Coords points="519,2225 1330,2250 1408,2237 1409,2197 520,2189"/>
                <Baseline points="531,2224 574,2224 617,2224 660,2224 704,2224 747,2224 790,2225 834,2225 877,2226 920,2226 964,2227 1007,2227 1050,2228 1093,2229 1137,2229 1180,2230 1223,2231 1267,2231 1310,2232 1353,2232 1397,2233"/>
                <TextEquiv>
                    <Unicode>sich ihm Pierrott, Pierrette und Harlekin gestal¬</Unicode>
                </TextEquiv>
            </TextLine>
            <TextLine id="r1l58" custom="readingOrder {index:57;}">
                <Coords points="1411,2240 2244,2262 2270,2256 2271,2216 1412,2197"/>
                <Baseline points="1423,2233 1464,2233 1506,2235 1548,2236 1590,2236 1632,2237 1674,2238 1715,2239 1757,2240 1799,2240 1841,2241 1883,2242 1925,2243 1967,2244 2008,2244 2050,2245 2092,2246 2134,2247 2176,2248 2218,2248 2260,2249"/>
                <TextEquiv>
                    <Unicode>Weges ist, daß der Zuhörer und Zuschauer den</Unicode>
                </TextEquiv>
            </TextLine>
            <TextLine id="r1l59" custom="readingOrder {index:58;}">
                <Coords points="2293,2272 2459,2289 2501,2263 2718,2281 2763,2264 2787,2284 2920,2282 2991,2264 2992,2237 2294,2223"/>
                <Baseline points="2305,2254 2338,2254 2372,2254 2406,2255 2440,2255 2473,2257 2507,2258 2541,2259 2575,2260 2608,2261 2642,2263 2676,2264 2710,2264 2743,2265 2777,2266 2811,2266 2845,2266 2878,2266 2912,2265 2946,2263 2980,2262"/>
                <TextEquiv>
                    <Unicode>einer künstlerischen Einheit ermöglichte.</Unicode>
                </TextEquiv>
            </TextLine>
            <TextLine id="r1l60" custom="readingOrder {index:59;}">
                <Coords points="520,2270 625,2278 660,2252 700,2281 1263,2293 1400,2281 1401,2241 521,2232"/>
                <Baseline points="532,2267 574,2267 617,2267 660,2266 703,2267 746,2267 789,2267 831,2268 874,2268 917,2269 960,2269 1003,2270 1046,2271 1089,2272 1131,2272 1174,2273 1217,2274 1260,2275 1303,2275 1346,2276 1389,2277"/>
                <TextEquiv>
                    <Unicode>telen. Es war wie ein Eroberungszug in un¬</Unicode>
                </TextEquiv>
            </TextLine>
            <TextLine id="r1l61" custom="readingOrder {index:60;}">
                <Coords points="1414,2284 2221,2308 2290,2287 2291,2259 1415,2240"/>
                <Baseline points="1425,2279 1467,2279 1510,2279 1552,2279 1595,2280 1638,2281 1680,2281 1723,2282 1766,2283 1808,2284 1851,2286 1894,2287 1936,2288 1979,2289 2022,2290 2064,2291 2107,2291 2150,2291 2192,2292 2235,2292 2278,2291"/>
                <TextEquiv>
                    <Unicode>Herzschlag mitempfindet. Schnitzlers Pantomime</Unicode>
                </TextEquiv>
            </TextLine>
            <TextLine id="r1l62" custom="readingOrder {index:61;}">
                <Coords points="2828,2313 2875,2313 2886,2322 2944,2321 2966,2308 3021,2321 3052,2312 3059,2319 3132,2314 3132,2285 3054,2276 3005,2246 2957,2277 2879,2268 2828,2275"/>
                <Baseline points="2840,2313 2865,2313 2891,2313 2916,2313 2942,2312 2968,2312 2993,2312 3019,2311 3045,2311 3070,2312 3096,2312 3122,2313"/>
                <TextEquiv>
                    <Unicode>Max Adler.</Unicode>
                </TextEquiv>
            </TextLine>
            <TextLine id="r1l63" custom="readingOrder {index:62;}">
                <Coords points="508,2292 634,2325 1401,2332 1391,2280 956,2294 892,2273 834,2295 509,2266"/>
                <Baseline points="520,2308 563,2309 607,2309 650,2310 694,2310 737,2311 781,2312 824,2312 868,2313 911,2314 955,2315 998,2315 1042,2316 1085,2317 1129,2318 1172,2318 1216,2318 1259,2319 1303,2319 1346,2319 1390,2318"/>
                <TextEquiv>
                    <Unicode>entdecktes Land. „Wir gingen tastend vorwärts.</Unicode>
                </TextEquiv>
            </TextLine>
            <TextLine id="r1l64" custom="readingOrder {index:63;}">
                <Coords points="1408,2329 2077,2336 2285,2364 2286,2297 1409,2285"/>
                <Baseline points="1419,2323 1461,2323 1504,2323 1547,2323 1590,2323 1632,2324 1675,2324 1718,2325 1761,2326 1803,2327 1846,2327 1889,2328 1932,2329 1974,2330 2017,2331 2060,2332 2103,2333 2145,2334 2188,2334 2231,2335 2274,2335"/>
                <TextEquiv>
                    <Unicode>ist unter der magischen Berührung des Hauberstabs</Unicode>
                </TextEquiv>
            </TextLine>
            <TextLine id="r1l65" custom="readingOrder {index:64;}">
                <Coords points="520,2369 636,2351 1322,2378 1400,2374 1401,2339 521,2305"/>
                <Baseline points="531,2351 573,2352 616,2353 659,2353 702,2354 745,2355 788,2355 831,2356 874,2357 917,2357 960,2358 1002,2358 1045,2359 1088,2360 1131,2360 1174,2361 1217,2362 1260,2363 1303,2364 1346,2365 1389,2366"/>
                <TextEquiv>
                    <Unicode>Aber wie herrlich war unsere Unwissenheit, wenn</Unicode>
                </TextEquiv>
            </TextLine>
            <TextLine id="r1l66" custom="readingOrder {index:65;}">
                <Coords points="1413,2376 2293,2385 2245,2346 1414,2327"/>
                <Baseline points="1425,2364 1467,2365 1510,2366 1553,2367 1596,2369 1639,2370 1682,2370 1724,2371 1767,2372 1810,2372 1853,2373 1896,2374 1939,2375 1982,2376 2024,2377 2067,2378 2110,2379 2153,2381 2196,2382 2239,2384 2282,2386"/>
                <TextEquiv>
                    <Unicode>dieser wahrhaft schöpferischen Regiekunst zu völlig</Unicode>
                </TextEquiv>
            </TextLine>
            <TextLine id="r1l67" custom="readingOrder {index:66;}">
                <Coords points="514,2397 1398,2423 1398,2374 1292,2366 514,2362"/>
                <Baseline points="525,2397 568,2398 611,2398 654,2399 697,2399 740,2400 783,2401 826,2401 869,2402 912,2402 955,2403 998,2403 1041,2404 1084,2404 1127,2405 1170,2405 1213,2405 1256,2406 1299,2406 1342,2406 1386,2407"/>
                <TextEquiv>
                    <Unicode>wir uns stundenlang der Musik von Dohnanyi</Unicode>
                </TextEquiv>
            </TextLine>
            <TextLine id="r1l68" custom="readingOrder {index:67;}">
                <Coords points="1409,2415 1508,2439 1619,2439 1651,2411 2076,2423 2180,2448 2298,2419 2299,2377 2077,2397 1410,2377"/>
                <Baseline points="1421,2409 1464,2410 1507,2411 1550,2412 1594,2413 1637,2414 1680,2415 1724,2416 1767,2417 1810,2418 1854,2419 1897,2419 1940,2420 1983,2421 2027,2422 2070,2422 2113,2423 2157,2424 2200,2425 2243,2425 2287,2426"/>
                <TextEquiv>
                    <Unicode>neuem Leben erwacht. Vor fünfzehn Jahren er¬</Unicode>
                </TextEquiv>
            </TextLine>
            <TextLine id="r1l69" custom="readingOrder {index:68;}">
                <Coords points="2024,2458 2035,2455 2040,2443 2049,2442 2052,2444 2062,2440 2055,2419 2042,2424 2040,2422 2035,2424 2034,2427 2031,2425 2029,2426 2027,2432 2016,2436"/>
                <Baseline points="2032,2449 2052,2442"/>
                <TextEquiv>
                    <Unicode>1—</Unicode>
                </TextEquiv>
            </TextLine>
            <TextLine id="r1l70" custom="readingOrder {index:69;}">
                <Coords points="509,2438 1397,2479 1398,2422 509,2395"/>
                <Baseline points="519,2443 562,2443 605,2444 649,2444 692,2445 736,2445 779,2446 822,2446 866,2446 909,2447 953,2447 996,2448 1039,2448 1083,2449 1126,2449 1170,2450 1213,2451 1256,2451 1300,2453 1343,2453 1387,2454"/>
                <TextEquiv>
                    <Unicode>hingaben, wenn in endlosen phantastischen Fernen</Unicode>
                </TextEquiv>
            </TextLine>
            <TextLine id="r1l71" custom="readingOrder {index:70;}">
                <Coords points="1410,2462 2170,2486 2259,2479 2293,2435 1411,2416"/>
                <Baseline points="1421,2455 1464,2456 1507,2457 1550,2458 1593,2458 1636,2459 1679,2460 1722,2460 1765,2461 1808,2462 1851,2463 1894,2463 1937,2464 1980,2465 2023,2465 2066,2466 2109,2467 2152,2468 2195,2469 2238,2469 2281,2470"/>
                <TextEquiv>
                    <Unicode>lebte man in Dresden die Uraufführung des</Unicode>
                </TextEquiv>
            </TextLine>
            <TextLine id="r1l72" custom="readingOrder {index:71;}">
                <Coords points="520,2487 1384,2517 1411,2448 1364,2470 520,2445"/>
                <Baseline points="531,2485 574,2485 617,2486 661,2487 704,2488 748,2488 791,2489 834,2490 878,2490 921,2491 965,2491 1008,2492 1051,2493 1095,2494 1138,2494 1182,2495 1225,2496 1268,2497 1312,2498 1355,2498 1399,2500"/>
                <TextEquiv>
                    <Unicode>die stumme Gestalt des Pierrot dahinschweble,</Unicode>
                </TextEquiv>
            </TextLine>
            <TextLine id="r1l73" custom="readingOrder {index:72;}">
                <Coords points="1409,2508 2180,2516 2286,2542 2287,2464 2172,2485 1409,2468"/>
                <Baseline points="1419,2498 1461,2499 1504,2500 1547,2501 1590,2501 1633,2502 1676,2503 1718,2504 1761,2505 1804,2505 1847,2506 1890,2507 1933,2507 1976,2508 2018,2509 2061,2509 2104,2510 2147,2510 2190,2511 2233,2512 2276,2512"/>
                <TextEquiv>
                    <Unicode>Schnitzleischen Librettos mit der Musik von Ernst</Unicode>
                </TextEquiv>
            </TextLine>
            <TextLine id="r1l74" custom="readingOrder {index:73;}">
                <Coords points="514,2540 1322,2557 1402,2552 1403,2521 515,2487"/>
                <Baseline points="525,2529 568,2529 611,2530 655,2530 698,2531 741,2531 785,2532 828,2533 871,2534 915,2535 958,2536 1001,2537 1045,2538 1088,2538 1131,2539 1175,2540 1218,2541 1261,2541 1305,2542 1348,2542 1392,2542"/>
                <TextEquiv>
                    <Unicode>wenn in packendem, stürmischen Akkord Pier¬</Unicode>
                </TextEquiv>
            </TextLine>
            <TextLine id="r1l75" custom="readingOrder {index:74;}">
                <Coords points="1407,2550 2231,2572 2280,2569 2281,2529 1408,2508"/>
                <Baseline points="1417,2540 1459,2541 1502,2543 1544,2544 1587,2545 1630,2546 1672,2547 1715,2548 1757,2549 1800,2550 1843,2551 1885,2552 1928,2553 1970,2554 2013,2554 2056,2555 2098,2556 2141,2556 2183,2557 2226,2558 2269,2558"/>
                <TextEquiv>
                    <Unicode>v. Dohnanyi) was man gestern erlebte, war die</Unicode>
                </TextEquiv>
            </TextLine>
            <TextLine id="r1l76" custom="readingOrder {index:75;}">
                <Coords points="519,2587 648,2567 687,2590 1339,2603 1394,2597 1395,2551 520,2542"/>
                <Baseline points="531,2573 573,2574 616,2574 658,2575 701,2575 744,2575 786,2576 829,2577 872,2577 914,2578 957,2578 1000,2579 1042,2580 1085,2580 1128,2581 1170,2582 1213,2584 1256,2585 1298,2586 1341,2587 1384,2589"/>
                <TextEquiv>
                    <Unicode>eette, die ihren Hochzeitsschleier verloren hat,</Unicode>
                </TextEquiv>
            </TextLine>
            <TextLine id="r1l77" custom="readingOrder {index:76;}">
                <Coords points="1406,2594 2244,2608 2288,2633 2271,2566 1407,2550"/>
                <Baseline points="1418,2585 1461,2586 1504,2587 1547,2588 1590,2589 1633,2590 1676,2591 1719,2592 1762,2593 1805,2594 1848,2595 1891,2596 1934,2596 1977,2597 2020,2598 2063,2598 2106,2599 2149,2600 2192,2600 2235,2601 2278,2601"/>
                <TextEquiv>
                    <Unicode>untrennbare künstlerische Einheit von Dohnanyischer</Unicode>
                </TextEquiv>
            </TextLine>
            <TextLine id="r1l78" custom="readingOrder {index:77;}">
                <Coords points="501,2609 658,2634 1401,2633 1401,2598 1368,2593 502,2583"/>
                <Baseline points="512,2618 555,2618 599,2618 643,2619 687,2619 731,2620 775,2620 819,2621 863,2622 907,2622 951,2623 994,2623 1038,2624 1082,2625 1126,2626 1170,2626 1214,2627 1258,2628 1302,2628 1346,2629 1390,2630"/>
                <TextEquiv>
                    <Unicode>im Wahn ihm nachglitt. Und Harlekin, der im</Unicode>
                </TextEquiv>
            </TextLine>
            <TextLine id="r1l79" custom="readingOrder {index:78;}">
                <Coords points="1399,2643 1479,2650 1528,2622 1588,2652 1646,2633 2281,2668 2282,2632 2156,2605 1400,2595"/>
                <Baseline points="1410,2629 1453,2631 1496,2632 1539,2633 1582,2635 1625,2636 1668,2636 1711,2638 1754,2638 1797,2639 1840,2640 1883,2641 1926,2641 1969,2642 2012,2643 2055,2643 2098,2644 2141,2645 2184,2646 2227,2647 2270,2648"/>
                <TextEquiv>
                    <Unicode>Musik und Tairossscher Seelenausdruckskunst.</Unicode>
                </TextEquiv>
            </TextLine>
            <TextLine id="r1l80" custom="readingOrder {index:79;}">
                <Coords points="521,2669 1345,2687 1396,2683 1397,2648 522,2622"/>
                <Baseline points="532,2661 574,2662 617,2662 660,2662 702,2663 745,2663 788,2664 830,2664 873,2665 916,2666 959,2667 1001,2667 1044,2668 1087,2669 1129,2670 1172,2671 1215,2672 1257,2672 1300,2673 1343,2674 1386,2675"/>
                <TextEquiv>
                    <Unicode>mächtigen Anschwellen der Blechinstrumente, die</Unicode>
                </TextEquiv>
            </TextLine>
            <TextLine id="r1l81" custom="readingOrder {index:80;}">
                <Coords points="1406,2680 2210,2696 2289,2721 2291,2653 1406,2640"/>
                <Baseline points="1417,2674 1460,2675 1503,2676 1546,2677 1589,2679 1632,2680 1675,2681 1719,2681 1762,2682 1805,2684 1848,2684 1891,2685 1934,2686 1977,2686 2021,2687 2064,2687 2107,2688 2150,2688 2193,2688 2236,2688 2280,2688"/>
                <TextEquiv>
                    <Unicode>Alice Koonen ist die gegebene Repräsentantiu</Unicode>
                </TextEquiv>
            </TextLine>
            <TextLine id="r1l82" custom="readingOrder {index:81;}">
                <Coords points="513,2715 1364,2735 1387,2691 514,2677"/>
                <Baseline points="524,2708 566,2708 609,2707 651,2707 694,2707 737,2707 779,2708 822,2709 864,2710 907,2711 950,2712 992,2713 1035,2714 1077,2715 1120,2716 1163,2716 1205,2717 1248,2718 1290,2718 1333,2717 1376,2717"/>
                <TextEquiv>
                    <Unicode>ganze Welt überschreit, und dessen Gäste, sklavische</Unicode>
                </TextEquiv>
            </TextLine>
            <TextLine id="r1l83" custom="readingOrder {index:82;}">
                <Coords points="1403,2725 2136,2747 2192,2726 2251,2747 2285,2732 2286,2692 1404,2679"/>
                <Baseline points="1413,2719 1456,2720 1499,2722 1542,2723 1585,2725 1628,2725 1671,2727 1714,2728 1757,2729 1800,2730 1843,2731 1886,2731 1929,2732 1972,2733 2015,2733 2058,2734 2101,2734 2144,2734 2187,2734 2230,2734 2274,2734"/>
                <TextEquiv>
                    <Unicode>dieser Kunst. Wie im Trance wandelt sie das</Unicode>
                </TextEquiv>
            </TextLine>
            <TextLine id="r1l84" custom="readingOrder {index:83;}">
                <Coords points="506,2746 2279,2782 2189,2725 507,2704"/>
                <Baseline points="518,2752 605,2752 693,2753 780,2754 868,2755 955,2756 1043,2757 1130,2759 1218,2760 1305,2761 1393,2763 1480,2764 1568,2766 1655,2768 1743,2769 1830,2771 1918,2773 2005,2775 2093,2776 2180,2778 2268,2779"/>
                <TextEquiv>
                    <Unicode>Ausgeburten seiner Macht und seiner Phantasie —urewige Schema ihrer Tagödie ab: Liebesleid,</Unicode>
                </TextEquiv>
            </TextLine>
            <TextLine id="r1l85" custom="readingOrder {index:84;}">
                <Coords points="501,2801 2288,2808 502,2750"/>
                <Baseline points="512,2796 600,2797 688,2798 776,2799 864,2800 953,2801 1041,2802 1129,2804 1217,2805 1305,2806 1394,2808 1482,2809 1570,2811 1658,2812 1746,2814 1835,2816 1923,2818 2011,2819 2099,2821 2187,2823 2276,2825"/>
                <TextEquiv>
                    <Unicode>wie sie alle plötzlich versteinern, als in den auf= Seelenzwang, Erlöschen. Als Somnambule</Unicode>
                </TextEquiv>
            </TextLine>
            <TextLine id="r1l86" custom="readingOrder {index:85;}">
                <Coords points="504,2847 1393,2868 1394,2815 1369,2812 505,2800"/>
                <Baseline points="516,2838 559,2837 602,2838 645,2838 689,2839 732,2840 775,2840 819,2842 862,2843 905,2844 949,2846 992,2847 1035,2848 1078,2849 1122,2849 1165,2850 1208,2850 1252,2851 1295,2851 1338,2850 1382,2849"/>
                <TextEquiv>
                    <Unicode>quellenden Harfenakkorden die wieder erscheinende</Unicode>
                </TextEquiv>
            </TextLine>
            <TextLine id="r1l87" custom="readingOrder {index:86;}">
                <Coords points="1402,2860 2221,2885 2288,2855 2289,2824 1402,2822"/>
                <Baseline points="1413,2852 1456,2854 1499,2855 1542,2856 1585,2858 1629,2859 1672,2860 1715,2860 1758,2861 1801,2861 1845,2862 1888,2862 1931,2862 1974,2863 2017,2863 2061,2864 2104,2864 2147,2865 2190,2866 2233,2866 2277,2867"/>
                <TextEquiv>
                    <Unicode>empfladet und gestaltet sie das furchtbare Ver¬</Unicode>
                </TextEquiv>
            </TextLine>
            <TextLine id="r1l88" custom="readingOrder {index:87;}">
                <Coords points="511,2886 1393,2910 1394,2868 1348,2856 512,2844"/>
                <Baseline points="522,2878 565,2879 608,2881 651,2882 694,2884 737,2885 780,2886 823,2888 866,2889 909,2890 952,2891 995,2892 1038,2893 1081,2894 1124,2895 1167,2895 1210,2895 1253,2896 1296,2896 1339,2895 1382,2895"/>
                <TextEquiv>
                    <Unicode>Colombine auftaucht. Die wilden Furien der</Unicode>
                </TextEquiv>
            </TextLine>
            <TextLine id="r1l89" custom="readingOrder {index:88;}">
                <Coords points="1395,2906 2283,2934 2285,2852 2222,2884 1395,2864"/>
                <Baseline points="1405,2901 1448,2900 1491,2900 1535,2900 1578,2900 1621,2900 1665,2901 1708,2902 1751,2902 1795,2903 1838,2905 1881,2906 1925,2907 1968,2908 2011,2909 2055,2910 2098,2911 2141,2912 2185,2913 2228,2913 2272,2914"/>
                <TextEquiv>
                    <Unicode>sagen vor dem geplanten Gifttod, der nur den</Unicode>
                </TextEquiv>
            </TextLine>
            <TextLine id="r1l90" custom="readingOrder {index:89;}">
                <Coords points="515,2924 603,2951 856,2933 1390,2958 1391,2909 1314,2896 516,2886"/>
                <Baseline points="526,2921 568,2922 611,2923 653,2925 696,2926 739,2927 781,2929 824,2930 866,2932 909,2933 952,2934 994,2935 1037,2936 1079,2937 1122,2938 1165,2939 1207,2940 1250,2940 1292,2941 1335,2941 1378,2941"/>
                <TextEquiv>
                    <Unicode>Schnellpolka krönen den kriegerischen Sieg Harlelins,</Unicode>
                </TextEquiv>
            </TextLine>
            <TextLine id="r1l91" custom="readingOrder {index:90;}">
                <Coords points="1392,2947 2070,2950 2291,2992 2293,2919 1393,2904"/>
                <Baseline points="1404,2939 1447,2941 1491,2942 1535,2943 1579,2945 1623,2946 1666,2947 1710,2948 1754,2948 1798,2949 1842,2950 1885,2951 1929,2952 1973,2953 2017,2954 2061,2954 2104,2955 2148,2956 2192,2957 2236,2958 2280,2959"/>
                <TextEquiv>
                    <Unicode>heroischen Pierrot hinwegrafft, die Enideckung</Unicode>
                </TextEquiv>
            </TextLine>
            <TextLine id="r1l92" custom="readingOrder {index:91;}">
                <Coords points="496,2977 1393,2999 1394,2952 1339,2944 497,2937"/>
                <Baseline points="508,2968 551,2969 595,2970 639,2971 682,2971 726,2973 770,2974 813,2975 857,2976 901,2977 945,2978 988,2980 1032,2980 1076,2982 1119,2982 1163,2983 1207,2984 1250,2985 1294,2985 1338,2985 1382,2985"/>
                <TextEquiv>
                    <Unicode>und mit den zitteinden Tönen der Flöten entfliegt</Unicode>
                </TextEquiv>
            </TextLine>
            <TextLine id="r1l93" custom="readingOrder {index:92;}">
                <Coords points="1398,2997 2287,3020 2287,2987 2201,2963 2168,2982 2080,2956 1399,2951"/>
                <Baseline points="1410,2985 1453,2986 1496,2987 1539,2988 1583,2988 1626,2989 1669,2990 1713,2991 1756,2992 1799,2993 1843,2993 1886,2994 1929,2995 1972,2996 2016,2997 2059,2998 2102,2999 2146,3000 2189,3001 2232,3003 2276,3004"/>
                <TextEquiv>
                    <Unicode>ihres grausigen Liebesgeheimnisses durch den</Unicode>
                </TextEquiv>
            </TextLine>
            <TextLine id="r1l94" custom="readingOrder {index:93;}">
                <Coords points="502,3006 617,3033 700,3014 932,3041 974,3013 1043,3045 1391,3038 1391,2996 1276,2987 503,2980"/>
                <Baseline points="513,3012 556,3013 599,3014 642,3015 686,3016 729,3017 772,3018 816,3018 859,3019 902,3020 946,3021 989,3021 1032,3022 1075,3023 1119,3024 1162,3024 1205,3025 1249,3026 1292,3027 1335,3028 1379,3030"/>
                <TextEquiv>
                    <Unicode>das Licht der Vernunft dim kraftlosen Körper</Unicode>
                </TextEquiv>
            </TextLine>
            <TextLine id="r1l95" custom="readingOrder {index:94;}">
                <Coords points="1398,3036 2189,3049 2286,3073 2287,3011 1398,2998"/>
                <Baseline points="1408,3029 1451,3030 1494,3031 1538,3032 1581,3032 1625,3034 1668,3035 1711,3035 1755,3036 1798,3037 1842,3038 1885,3039 1928,3040 1972,3041 2015,3041 2059,3042 2102,3043 2145,3043 2189,3044 2232,3044 2276,3044"/>
                <TextEquiv>
                    <Unicode>rasenden Harlekin, die sadistischen Greuel seiner</Unicode>
                </TextEquiv>
            </TextLine>
            <TextLine id="r1l96" custom="readingOrder {index:95;}">
                <Coords points="498,3066 516,3062 540,3077 560,3066 586,3078 618,3064 644,3076 702,3063 711,3072 782,3072 797,3068 797,3021 751,3023 742,3032 700,3014 675,3029 602,3020 498,3026"/>
                <Baseline points="510,3059 535,3060 560,3060 585,3059 610,3059 635,3059 661,3059 686,3060 711,3060 736,3060 761,3061 787,3062"/>
                <TextEquiv>
                    <Unicode>Pierrettes</Unicode>
                </TextEquiv>
            </TextLine>
            <TextLine id="r1l97" custom="readingOrder {index:96;}">
                <Coords points="1381,3099 1587,3079 2207,3103 2283,3080 2284,3038 1931,3059 1382,3028"/>
                <Baseline points="1392,3071 1436,3072 1480,3073 1524,3074 1568,3075 1612,3076 1656,3078 1700,3078 1744,3080 1788,3080 1832,3082 1876,3083 1920,3084 1964,3085 2008,3086 2052,3087 2096,3088 2140,3089 2184,3090 2228,3090 2272,3091"/>
                <TextEquiv>
                    <Unicode>Rachewut, die sie zum „dance macahre“ vor dem</Unicode>
                </TextEquiv>
            </TextLine>
            <TextLine id="r1l98" custom="readingOrder {index:97;}">
                <Coords points="577,3109 1361,3133 1378,3089 1281,3087 1239,3050 1019,3080 909,3051 753,3076 578,3065"/>
                <Baseline points="588,3103 626,3104 665,3104 704,3105 743,3106 782,3107 821,3108 860,3109 899,3111 938,3112 977,3113 1015,3115 1054,3116 1093,3117 1132,3118 1171,3118 1210,3119 1249,3119 1288,3119 1327,3119 1366,3119"/>
                <TextEquiv>
                    <Unicode>In die Region der höchsten Gefühlsanspannung</Unicode>
                </TextEquiv>
            </TextLine>
            <TextLine id="r1l99" custom="readingOrder {index:98;}">
                <Coords points="1399,3136 1746,3119 2068,3156 2248,3146 2287,3096 1401,3085"/>
                <Baseline points="1410,3115 1453,3116 1496,3118 1539,3119 1582,3120 1626,3121 1669,3123 1712,3124 1755,3125 1798,3127 1842,3128 1885,3129 1928,3130 1971,3132 2014,3132 2058,3134 2101,3135 2144,3136 2187,3136 2230,3137 2274,3138"/>
                <TextEquiv>
                    <Unicode>geliebten Leichnam zwingt. Alles Illustrative,</Unicode>
                </TextEquiv>
            </TextLine>
            <TextLine id="r1l100" custom="readingOrder {index:99;}">
                <Coords points="501,3157 1308,3178 1374,3175 1375,3130 502,3109"/>
                <Baseline points="512,3145 554,3145 597,3145 639,3146 682,3147 725,3148 767,3149 810,3151 852,3152 895,3153 938,3154 980,3155 1023,3156 1065,3157 1108,3158 1151,3158 1193,3159 1236,3159 1278,3158 1321,3158 1364,3157"/>
                <TextEquiv>
                    <Unicode>ist die aus dem Geiste der Musik geborene Tragödie</Unicode>
                </TextEquiv>
            </TextLine>
            <TextLine id="r1l101" custom="readingOrder {index:100;}">
                <Coords points="1389,3167 2289,3200 2290,3127 1390,3127"/>
                <Baseline points="1400,3160 1443,3162 1487,3163 1531,3164 1575,3165 1619,3167 1663,3168 1706,3169 1750,3170 1794,3171 1838,3173 1882,3174 1926,3175 1970,3176 2013,3177 2057,3178 2101,3179 2145,3179 2189,3180 2233,3181 2277,3181"/>
                <TextEquiv>
                    <Unicode>alle „Übeisetzungs"absicht ist aus ihrer Gestik und2</Unicode>
                </TextEquiv>
            </TextLine>
            <TextLine id="r1l102" custom="readingOrder {index:101;}">
                <Coords points="492,3195 1383,3218 1384,3176 1353,3166 493,3157"/>
                <Baseline points="504,3186 547,3187 590,3188 634,3191 677,3192 721,3193 764,3195 807,3196 851,3198 894,3199 938,3201 981,3202 1024,3203 1068,3204 1111,3204 1155,3205 1198,3205 1241,3205 1285,3205 1328,3204 1372,3203"/>
                <TextEquiv>
                    <Unicode>des ewigen Kampfes zwischen Pietrott, Pierrette</Unicode>
                </TextEquiv>
            </TextLine>
            <TextLine id="r1l103" custom="readingOrder {index:102;}">
                <Coords points="1394,3213 2277,3224 2277,3182 1542,3179 1480,3148 1395,3169"/>
                <Baseline points="1406,3203 1451,3206 1496,3208 1541,3210 1586,3211 1632,3213 1677,3214 1722,3215 1767,3216 1812,3217 1858,3217 1903,3218 1948,3219 1993,3219 2038,3220 2084,3221 2129,3222 2174,3224 2219,3225 2265,3227"/>
                <TextEquiv>
                    <Unicode>Mimik restlost gelilgt. Tänzerisches Spiel und</Unicode>
                </TextEquiv>
            </TextLine>
            <TextLine id="r1l104" custom="readingOrder {index:103;}">
                <Coords points="491,3235 2286,3274 2274,3223 492,3195"/>
                <Baseline points="503,3234 591,3236 680,3239 768,3241 857,3243 946,3245 1034,3246 1123,3248 1211,3249 1300,3251 1389,3252 1477,3253 1566,3255 1654,3256 1743,3258 1832,3260 1920,3262 2009,3264 2097,3267 2186,3269 2275,3273"/>
                <TextEquiv>
                    <Unicode>und Harlelin versetzt. Und auf dieser Höhe er=musikgeborene Emotion kommen bei ihr völlig zur</Unicode>
                </TextEquiv>
            </TextLine>
            <TextLine id="r1l105" custom="readingOrder {index:104;}">
                <Coords points="497,3296 1959,3342 2263,3326 2282,3271 498,3234"/>
                <Baseline points="508,3281 596,3283 684,3284 772,3286 860,3288 948,3290 1036,3292 1124,3294 1212,3296 1300,3298 1389,3300 1477,3303 1565,3305 1653,3307 1741,3309 1829,3311 1917,3312 2005,3314 2093,3315 2181,3316 2270,3317"/>
                <TextEquiv>
                    <Unicode>stirbt das Wort, erstirbt die ärmliche Geste; die Deckung. Alexander Rumneffs lyrischem,</Unicode>
                </TextEquiv>
            </TextLine>
            <TextEquiv>
                <Unicode>box 28/1
23. Der Schleiender-Bierrette
Säohsincne Staate ötg. Dresden.
d. 5.6.1925
S
nur Wort und Wortdialog zu übersetzen vermag:ktiefleidenden Pierret merkt man die Identitä:
Kunst und Wissenschaft.
die wahre szenische Handlung entsteht, eine Hand- mit dem libellenhaft=leichten Maraéquino aus
lung, bis an den Rand gefüllt mit seelischer Be=„Giroslé=Girosla“ nicht an und Boris Ferdi¬
wegung, die sich in der selbsterzeugten Geste Aus¬
„Der Schleier der Pierrette“.
nandofss herrisch=wilder Harlekin scheint nichts
druck und Befreiung schafft.
Gastspiel des Moskauer Kammer¬
mehr gemeinsam zu haben mit dem sauften Boris
Tairoffs Pantomime ist etwas grundsätz¬
in Ostrowskis „Gewitter“. Wunder Tairoffschei
theaters.
lich Anderes als das
Ballett,
 als
die
Verwandlungskunst!
Tairoffs Inszenierungskunst ist ihrem liefsten
Zirkuspaniomime.
Sie will auch nicht
Natuigemäß heirschten im einzelnen und in
Wesen nach pantomimisch. Also ist die reine
Wiederbelebung der antiken Pantomime, des
Gruppenspiel russische Typensormung und russische
Pantomime die ihr gemäßete Ausdrucksform.
theatralischen Urkerns der Dionysos= und Krischna¬
Gesellschaftstradition vor; namentlich die Szener
In seinem „Emtfesselten Theater“ beschreibt er Musterien: sie sucht, abseits von Naturalistik und
im Hochzeitssaal haiten staik russisches Gepräge.
den Weg, auf dem er, der enthusiastische Er¬
Stilbühne, den Weg zu jener szenischen Syn¬
Einen nicht zu übergehenden Anteil an dem
neuerer der Pantomime, zur Inszenierung des
these von Seelenbewegung und Ausdruck, ohne
großen Erfolg des Abends, der Tairoff und den
„Schleiers der Pierrette“ kam. Wie er das spieß¬
die es, nach Tairoffs Überzeugung, keinen Ausweg
Seinen wieder reiche Ehren einbrachte, halte die
bürgerliche Schnitzlersche Szenarium mit seinen
aus dem Jurgarten des zeitgenössischen Theateis gibt.
musikalische Leitung Prof. Alexander Metiners,
konventionellen, illustrierenden Gesten rücksichtslos
In Dohnanyis Rhythmen spürt er zuerst den
die den seinsten seelischen Schwingungen und
beisliteschiebend, zum Kern der Dinge vordrang:
zauberhaften Herzschlag der neuen Emotionsform.
Impulsen der Charaktere und der Handlung mit
zur Musik Dohnanyis, aus deren Melodien
Und die Probe auf die Richtigkeit des beschrittenen
unendlichem Feingefühl nachging und die Schöpfung
sich ihm Pierrott, Pierrette und Harlekin gestal¬
Weges ist, daß der Zuhörer und Zuschauer den
einer künstlerischen Einheit ermöglichte.
telen. Es war wie ein Eroberungszug in un¬
Herzschlag mitempfindet. Schnitzlers Pantomime
Max Adler.
entdecktes Land. „Wir gingen tastend vorwärts.
ist unter der magischen Berührung des Hauberstabs
Aber wie herrlich war unsere Unwissenheit, wenn
dieser wahrhaft schöpferischen Regiekunst zu völlig
wir uns stundenlang der Musik von Dohnanyi
neuem Leben erwacht. Vor fünfzehn Jahren er¬
1—
hingaben, wenn in endlosen phantastischen Fernen
lebte man in Dresden die Uraufführung des
die stumme Gestalt des Pierrot dahinschweble,
Schnitzleischen Librettos mit der Musik von Ernst
wenn in packendem, stürmischen Akkord Pier¬
v. Dohnanyi) was man gestern erlebte, war die
eette, die ihren Hochzeitsschleier verloren hat,
untrennbare künstlerische Einheit von Dohnanyischer
im Wahn ihm nachglitt. Und Harlekin, der im
Musik und Tairossscher Seelenausdruckskunst.
mächtigen Anschwellen der Blechinstrumente, die
Alice Koonen ist die gegebene Repräsentantiu
ganze Welt überschreit, und dessen Gäste, sklavische
dieser Kunst. Wie im Trance wandelt sie das
Ausgeburten seiner Macht und seiner Phantasie —urewige Schema ihrer Tagödie ab: Liebesleid,
wie sie alle plötzlich versteinern, als in den auf= Seelenzwang, Erlöschen. Als Somnambule
quellenden Harfenakkorden die wieder erscheinende
empfladet und gestaltet sie das furchtbare Ver¬
Colombine auftaucht. Die wilden Furien der
sagen vor dem geplanten Gifttod, der nur den
Schnellpolka krönen den kriegerischen Sieg Harlelins,
heroischen Pierrot hinwegrafft, die Enideckung
und mit den zitteinden Tönen der Flöten entfliegt
ihres grausigen Liebesgeheimnisses durch den
das Licht der Vernunft dim kraftlosen Körper
rasenden Harlekin, die sadistischen Greuel seiner
Pierrettes
Rachewut, die sie zum „dance macahre“ vor dem
In die Region der höchsten Gefühlsanspannung
geliebten Leichnam zwingt. Alles Illustrative,
ist die aus dem Geiste der Musik geborene Tragödie
alle „Übeisetzungs"absicht ist aus ihrer Gestik und2
des ewigen Kampfes zwischen Pietrott, Pierrette
Mimik restlost gelilgt. Tänzerisches Spiel und
und Harlelin versetzt. Und auf dieser Höhe er=musikgeborene Emotion kommen bei ihr völlig zur
stirbt das Wort, erstirbt die ärmliche Geste; die Deckung. Alexander Rumneffs lyrischem,</Unicode>
            </TextEquiv>
        </TextRegion>
    </Page>
</PcGts>
