3436 4384
-21 1729 64 1792 elt
-22 2621 85 2696 gbc
-2 2683 75 2736 ne
1866 164 2407 265 box 28/1
237 183 1837 279 23. Der SchleienderBierrette
168 1038 393 1107 anerger
179 1090 759 1191 schwäbischer Merku.
166 1167 602 1262 3 Stuttgart
892 1309 3202 1372 nicht wettzumachen. Sie ist zu wenig persönlich und charak= in den Liebesszenen der Geist des Wagnerschen „Tristan“
159 1315 746 1393 er Musikbrief. X.
912 1334 3203 1413 teristisch, in stilistischer Hinsicht zu wenig einheitlich, um ziemlich ungeniert, so hat Dohnanyi doch in dieser Partitur
924 1389 3211 1452 regere Teilnahme wachzurufen. Das Bestreben des Kompo- eine Reihe eigener Gedanken niedergelegt, die für eine ge¬
168 1387 916 1469 pril. Wie fleißig im Charlottenburger
2061 1432 3216 1484 wisse dramatische Begabung sprechen. Er weiß zu charakteri¬
916 1439 2071 1484 nisten, den gleich in der Ouvertüre nicht ohne Glück ange¬
173 1456 920 1505 gearbeitet wird, geht daraus hervor,
2058 1483 3205 1539 sieren, erfindet plastische Motive, versteht sich auf wirksame
909 1483 2075 1536 schlagenen Lustsvielton festzuhalten, versagt in der Fortsetzung
166 1490 929 1546 Tagen schon wieder zu einem Premiéren¬
2055 1519 3210 1575 Steigerungen und Höhepunkte und hat vor allem ein paar
923 1521 2063 1584 des Stückes, das auch in der instrumentalen Einkleidung
176 1532 912 1602 e. Es kamen zwei Werke von Ernst
2056 1550 3219 1629 allerliebste Kabinettstücke graziöser Tanzkunst geschaffen, die
908 1558 2048 1622 häufig ein Mißverhältnis zwischen Stoff und Mitteln auf¬
185 1573 922 1649 Aufführung: „Tante Simona“
918 1613 2051 1667 weist. Es ist alles ganz nett gemacht, es finden sich in der
2060 1602 3215 1658 ihre Ahnen vom Strand der blauen Donau und die an¬
169 1605 913 1675 Akt, Text von Viktor Heindel, und
919 1649 2059 1703 Orchesterbehandlung hübsche Einzelheiten, auch ein paar An¬
2056 1650 3204 1707 heimelnde Luft des Wiener Waldes zwar keineswegs verleug¬
164 1648 923 1716 er Pierrette“ Pantomime in drei
914 1683 2058 1752 sätze selbständigeren Gestaltens, aber Dohnanyis Tonsprache
2051 1695 3214 1751 nen, aber sich in ihrer melodischen Gewähltheit, ihren rhyth¬
431 1697 915 1779 1. Der bekannte Pianist
285 1710 370 1774 1
2052 1725 3199 1790 misch-harmonischen Feinheiten und ihrer orchestralen Auf¬
913 1739 2053 1793 entbehrt im ganzen zu sehr der Eigenart, die eine solche dra¬
190 1728 930 1802 Geburt, der seit Jahren als Lehrer
2054 1775 3205 1835 machung doch als selbständige Gebilde darstellen. Kommt
171 1781 2051 1837 der Berliner Hochschule für Musik matische Kleinigkeit einigermaßen schmackhaft machen könnte.
2053 1816 3215 1876 nun dazu, daß das Stück zwei „Bombenrollen“ enthält,
171 1818 2048 1890 s Tonsetzer mit einer Sinfonie, einer Gespielt wurde das von Rudolf Krasselt dirigierte, vom
2048 1864 3210 1916 Pierrot und Pierrette, die von Elsa Galafrés und Einar
905 1875 2049 1935 Publikum freundlich ausgenommene Werkchen ganz vor¬
169 1867 921 1930 erken und Klavierstücken bereits einen
2041 1902 3207 1959 [Linden geradezu meisterhaft dargestellt wurden, so ist der
908 1914 1106 1973 trefflich.
170 1918 910 1993 hassen. Sein erster Versuch auf dra¬
2050 1946 3206 2014 große Erfolg der vom Komponisten geleiteten, überaus ge¬
928 1950 2056 2006 Einen künstlerisch viel tiefergehenden Eindruck hinterläßt
176 1956 931 2032 dient insofern Aufmunterung, als
2044 1981 3215 2058 schmackvoll inszenierten Aufführung hinreichend erklärt.
906 1983 2058 2050 die Musik zu der sin Stuttgart ja schon bekannten) Schnitz¬
181 2010 917 2060 egende Feld des musikalischen Lust¬
2049 2030 3211 2098 Dem Deutschen Opernhaus, das sich durch seine ernsten
918 2032 2051 2095 lerschen Pantomime „Der Schleier der Pier¬
177 2052 913 2105 ternimmt. Man kann das anspruchs¬
2056 2072 3215 2132 künstlerischen Leistungen bereits eine geachtete Stellung im
915 2079 2063 2139 rette“, einem unzweideutigen Filmstück, das in seiner raffi¬
187 2092 924 2148 gen Komponisten als eine Abschlags¬
2050 2122 3216 2178 Berliner Musikleben erworben hat, ist jeder Erfolg herzlich
181 2111 2058 2185 hft gelten lassen, ohne seine Schwächen nierten Mischung von Empfindelei und Roheit, in der klug
2048 2157 3215 2231 zu gönnen. Die junge Bühne verhält sich, in erfreulichem
188 2165 2049 2229 off ist mehr als harmlos. Eine moral= berechneten Verwendung im bösesten Sinne theatralischer
2049 2198 3216 2262 Gegensatz zur Hofoper, dem Neuen gegenüber nicht so zurück¬
177 2193 2050 2270 e, die jedes jüngere männliche Wesen Effekte mit Erfolg auf die höchstentwickelte Reizsamkeit mo¬
2058 2243 3214 2303 haliend und abwartend. Kurz hintereinander sind bei ihr
177 2241 2054 2319 rice streng fernhält und einen jungen derner Nerven spekuliert. Auch wer der Gattung der Panto¬
2043 2275 3213 2351 Puccini und Dohnanyi zu Wort gekommen: Sullivan mit
169 2293 2053 2371 ngenommen hat, weil er sich für taub= mime im allgemeinen ablehnend gegenübersteht, wird den ge¬
2048 2341 3214 2395 seinem allerdings schon bejahrten „Mikado“ soll folgen. Wie
186 2341 2055 2409 rrascht ihre Nichte im zärtlichen schichtlichen Aufbau und die mit kundiger Hand entworfenen,
2053 2377 3219 2443 wäre es, wenn sie jetzt einmal unter den deutschen Mu¬
196 2360 2061 2446 Gärtner, der in Wirklichkeit gar kein theatralisch unleugbar wirksamen Szenenbilder des Schnitz¬
2052 2410 3214 2480 sikern Umschau hielte? („Wieland der Schmied“ war leider
900 2422 2059 2492 lerschen Stückes anerkennen müssen. Wir leben im Zeitalter
186 2423 926 2494 unger Edelmann ist und überdies auch
2052 2451 3215 2516 eine Niete.) Es gibt da manche Persönlichkeiten, die das
917 2457 2065 2523 des „Kintopps“, und alles dagegen aufgefahrene schwere
190 2483 919 2536 Ern sich seiner Sprechwerkzeuge und vor
2051 2503 3203 2565 Kgl. Opernhaus grundsätzlich nicht zu kennen scheint. Daß
911 2510 2058 2574 sästhetische Geschütz hat in seine Mauern noch keine Bresche
196 2511 910 2580 t bemerkenswertem Erfolg zu bedienen
2052 2544 3199 2606 es den leitenden Männern der Charlottenburger Oper nicht
908 2548 2049 2621 zu legen vermocht. Es geht mit solchen Modesachen, wie mit
185 2571 914 2620 rz vor der beschlossenen Abreise nach
2044 2575 3215 2651 an Initiative fehlt, wissen wir jetzt. Mögen sie an Wagemut
907 2601 2054 2660 anderen Moden: sie sind eines schönen Tages da, um eines
199 2609 916 2661 r fußgelehrigen Beatrice Gelegenheit
2051 2630 3213 2692 und Tatkraft wettmachen, was die Hofbühne an Tradition,
912 2637 2048 2697 noch schöneren Tages wieder zu verschwinden. Wie : B. die
176 2635 919 2721 ber die Gefährlichkeit der Männer im
911 2673 3213 2739 Damenmelt ein seither „unumgänglich notwendiges“ Klei= unbeschränkten Mitteln und bewährten Repertoirestücken —
181 2698 906 2751 licher Gärtnerburschen im besonderen
2045 2708 3212 2781 allerdings nur noch ¾ Jahre — voraus hat. Der 1. Jan.
911 2729 2055 2790 dungsstück mit einem Mal in erfreulicher Uebereinstimmung
194 2739 915 2791 iken, ein ehemaliger Verehrer der so
2047 2758 3209 2822 1914 bringt vielleicht auf diesem Gebiet eine Art Götterdäm¬
909 2768 2053 2829 als „einfach unmöglich“ erklärt, so wird auch die Mode¬
182 2772 919 2848 Tante auftaucht, überrascht die Nichte
2045 2790 3207 2866 merung! Das Kgl. Opernhaus befindet sich seit langer Zeit
911 2799 2059 2879 strömung des Filmstücks urplötzlich wieder verebben Im
192 2825 917 2880 bei einem nicht minder zärtlichen
2045 2831 3208 2903 im Stadium des künstlerischen Stillstands. Eine Berliner
908 2842 2049 2913 übrigen findet jedes Publikum die geistige Kost, die ihm zu¬
198 2854 912 2922 natürlich alles in Wohlgefallen auf¬
2053 2873 3212 2951 Privatoper, die planmäßig künstlerisch fortschrittlich arbeitet,
910 2903 2054 2963 sagt. Der „Schleier der Pierrette“ nun hat dem Publikum
186 2899 919 2963 cios köstlicher Novelle bekannte Vor¬
904 2909 3214 3000 außerordentlich zugesagt. Auch der Musikkritiker kann sich würde einen Gewinn nicht bloß für das musikalische Leben
192 2956 921 3009 n stellenden männlichen Individuums
189 2997 3217 3052 schickten Librettisten wohl etwas geist= von dieser wohlwollenden Beurteilung gerechterweise nicht der Reichshauptstadt bedeuten. Die wohltätigen Folgen
2049 2999 3227 3079 dieser Konkurrenz werden sich im übrigen mit der Zeit schon
183 3015 2060 3104 werten lassen können; so verläuft die ausschließen, denn Dohnanyi hat der Paniomime eine musi¬
2054 3057 2376 3137 fühlbar machen.
897 3069 2052 3137 kalische Illustrierung angedeihen lassen, die ganz erheblich
181 3066 921 3147 cken und hausbacken. Die Musik, die
182 3112 2059 3178 uplen Geschichte geschrieben hat, ver- über dem Durchschnitt dessen steht, was man sonst als Be¬
200 3140 2099 3228 enkundigen Schwächen des Textbuches gleitmusik zu diesem Genre zu hören bekommt. Spukt auch
2624 4075 3193 4149 an
