3392 4320
242 145 443 235 23.
446 150 1808 237 DerSchleienderPierrette
493 1385 1270 1554 Leutsche Tagesztg. Berce
1024 1575 1457 1668 T
1008 1707 1461 1820 2 BSEPMS
499 1907 1663 2058 Schnitzlers Pantomime „Der Schleier der Pierrette“ in den
421 1956 1491 2129 ahrnehtnucge Graftien Gassiet „Kitimerc)
491 2052 1644 2163 In rührselige Melancholie getauchte Sinnlichkeit, das ist
414 2078 1634 2228 das Kennzeichen dieser Pantomime, die mehr noch als die anderen
411 2137 1650 2257 Stücke des Dichters dessen Mangel an dramatischer Gestaltungs¬
400 2185 1629 2294 kraft verrät. Kinoartig die Idee, kinoartig der Aufbau und ent¬
406 2223 1635 2337 sprechend die Wirkung auf das Publikum. Dennoch kam der Bei¬
404 2272 1638 2393 fall nicht nur auf das Konto dieser z. Zt. so beliebten „Kunst¬
403 2312 1628 2427 gattung“ sondern gebührte im wesentlichen wohl den russischen
400 2359 1625 2456 Künstlern, die in abgerundeter und von Dohnanyis blutvoll
397 2391 1628 2512 sinnlicher Musik förmlich durchtränkter Darstellung vielfach Bilder
392 2440 1617 2569 von großer Schönheit und nervenaufpeitschendem Sinnenreiz
390 2481 1618 2601 schufen. Schade, daß der Darstellerin der Pierrette in ihrem letzten
389 2525 1610 2654 Todestanz die Steigerungsmöglichkeit des Ausdrucks versagt
382 2575 1616 2682 blieb. Auf diese Weise verpuffte der Haupteffekt des Stückes ein
387 2612 1618 2728 wenig. Und das ist gerade darum zu bedauern, weil in dieser
374 2654 1618 2772 Szene dem Gedanken nach wirklich ein wenig dramatische Kraft
381 2697 1608 2836 zu spüren ist. Aber in den Händen der Russen verschwand auch
380 2742 1614 2878 dieser Rest in einem Sichselbstaufgeben sinnlich=seiger Natuzen.
1994 136 2289 236 box 28
2233 538 2921 669 Gariotriabirger Loftnuf 8öse 6
2581 636 2997 731 PRUZ
2585 782 3033 884 49 SEP. 922
2416 964 2781 1050 Kikimora.“
2008 1003 3189 1099 *. Die Berliner russische Kolonie feierte gestern, wie
1983 1083 3199 1166 sso oft schoy in ihrem neuen Asyl, die Rückkehr oder
1992 1150 3198 1231 Wiederkehr=desrüssischen Balletts, präziser und klarer,
2005 1214 3199 1287 das Aufexstehen der Pantomime. Man machte aber
2002 1264 3195 1344 auch einem westlichen Publikum wesentliche Zugeständ¬
2002 1337 3199 1410 nisse, gab ein Werk des Wieners Schnitzler mit der
2005 1390 3198 1454 Musik des Ungarn Dohnanyi und krößdem war die
2005 1437 3213 1517 sicher reichlich aufgewandte Mühe zweck= und nutzlos.
2016 1502 2978 1574 Stärkere Wirkungen wurden niemals erzielt.
2104 1553 3194 1620 Das Werkchen selbst, das Schnitzler jetzt, wie man
2017 1612 3199 1686 großartig verkündet, zu verfilmen gedenkt, ist eigentlich
2091 1769 3122 1837 Aiimnnmmmmmmmmmmmmmmmmmnmmmmmminmmmmmmmmmmmmnnmmmmmnunmnte
2151 1897 3090 1993 Kabarett amf Kole
2837 1993 3056 2044 Conference:
2181 2007 2347 2053 Direktion:
2154 1995 3081 2088 Pauf oblige Siemarckstr. 110 Fritz Rethe
2243 2140 2987 2237 Fritz Rotha
2261 2228 2971 2289 Rezitation eigener Schöpfungen
2298 2312 2958 2431 Eimn Bauer
2337 2408 2887 2492 die pikante Chansionière
2088 2410 2150 2473 5
2090 2492 2145 2553 25
2100 2542 2168 2608 S
2182 2508 3079 2624 Rienard Bellack
2344 2610 2893 2677 der Ur -Charlottenburger
2282 2666 2947 2752 Lotte Reineken
2404 2728 2854 2781 vom Thalla-Theater
2345 2781 2888 2867 Ernst Meiners
2201 2854 3051 2940 Tilly und Hans Bernhard
2365 2919 2888 2978 Gesangs- und Tanz-Duo
2182 2990 3070 3064 Nach dem Kabarett GESELLIGKEIT
2099 2982 2149 3059 5
2697 3051 2732 3085 In
2093 3033 3153 3121 Silliimunmmninnnnminmnmnumgmmmnngnmnnmnnmmmgmmmmmfe
2032 3185 3226 3266 schon so matt, daß Wirkungen nur von wirklichen Größen
2033 3258 3225 3314 zu erzielen gewesen. Die aber sind leider nicht da.
2034 3294 3237 3378 Dafür macht sich eine Mitelmäßigkeit breit, die meist
2024 3361 3227 3443 dann, wenn sie tragische Effekte zu erzielen wünscht,
2032 3415 3231 3506 grotesk, oder noch schlimmer, lächerlich wirkt. Erst ganz
2037 3474 3232 3558 zuletzt, wenn die Primadonna der Truppe allein die
2030 3527 3241 3614 Bühne beherrscht, merkt man gelegentlich menschliches
2043 3594 2840 3652 Erleben und menschliche Gestaltung.
2140 3662 3236 3723 Es ist die alte Geschichte vom Pierrot, den seine
2044 3697 3241 3773 Pierrette verläßt, um dem Herlekin zu folgen. An
2042 3782 3239 3832 ihrem Hochzeitstage muß sie noch einmal zu ihrem
2036 3822 3237 3888 Pierrot, den sie noch immer liebt. Ihr Zusammensein
2041 3882 3232 3944 erweckt in beiden den Wunsch, gemeinsam zu sterben.
2046 3932 3227 4006 Pierrot vergiftet sich, Pierrette aber ist zu feige und ent¬
2043 4009 3242 4073 flieht, ihr Brautschleier aber bleibt in den Händen des
2050 4047 3263 4123 toten Pierrot. Pierrette stürzt zurück, wo die Hochzeits¬
2045 4109 3243 4165 gesellschaft und Harlekin ungeduldig ihrer warten Sie
