3344 4320
230 87 1825 206 23. Der Schleiender- Pierrette
1971 112 2414 224 box 27/5
282 1396 3027 1485 Nachdruck nur mit Quellenangabe gestattet. kennen gelernt hat. Es ist eine Fülle origineller, Vorerst einiges über die Pantomime, die von vorn¬
927 1444 3039 1520 allerliebster Melodik in seinem neuesten Werke, die herein schon deshalb besonderem Interesse begegnete,
603 1470 873 1581 NGr
919 1502 3034 1569 Melodien haben alle Qualitäten, um rasch populärweil ihrer Handlung die Idee zu Grunde liegt, auf
181 1474 631 1632 Feuilleton.
918 1543 3030 1636 zu werden. Erfreulicherweise hat Nedbal in Bernauer die sich Schnitzlers Drama „Der Schleier der Beatrice"
608 1550 940 1658 Aleuss
926 1612 3041 1684 und Jakobson zwei geschickte Librettisten gefunden, das aufbaut. Aber die Bearbeitung für die Opernbühne.
146 1599 392 1701 WVTI
918 1656 3030 1743 Terthuch bringt eine wirklich amüsante Handlung, der hat aus dieser Dichtung lediglich die rein äußerliche
696 1643 847 1736 16
139 1664 680 1773 Prager Brief.
920 1692 1982 1789 es aich an effektvollen szenischen Bildern nicht man¬
1965 1715 3026 1784 Idee, das Moment des verräterischen Schleiers, über¬
113 1737 919 1819 noch des Beweises V'väfük bedurft hätte,
1964 1763 3036 1830 nommen. Aus dem Schauplatze, dem Fürstenhofe des
148 1809 933 1883 dem besten Wege sind, eine führende
929 1812 1976 1884 nahme einer Bill durchgesetzt, die jeden, der ein Mäd¬
1971 1815 3033 1877 mittelalterlichen Italien, ist nun das vormärzliche Wien
135 1841 926 1925 zu werden, so ist er nunmehr erbracht
927 1861 1974 1927 chen kompromittiert, verpflichtet, es zu heiraten — als
1970 1851 3031 1937 geworden, und die leidenschaftlichen Gestalien des
158 1910 920 1982 beginnt zu Prager Premieren zu pil¬
925 1906 1972 1971 er durch einen launigen Zufall in die Schlafstube
1975 1906 3026 1978 Dramas haben sich in die bereits abgebrauchten,
131 1967 929 2025 ien holt sich von uns seine Operetten¬
909 1969 1977 2027 der anmutigen Wirtstochter Barbara gerät und so
1965 1947 3037 2033 wesenlosen Figuren eines Pierrot, einer Pierrette und
121 2014 934 2083 Das heißt, vorläufig darf man nur in
1962 2004 3034 2087 eines Arlechino verwandelt. Nichtsdestoweniger hat
932 2015 1975 2080 als Erster die Härte seines Gesetzes zu fühlen be¬
141 2062 937 2131 sprechen: von Nedbals Operette „Die
930 2052 1980 2128 kommt. Trotzden er die hübsche, kluge Barbara liebt,
1960 2068 3032 2129 sich die Pantomime als äußerst bühnenwirksam er¬
132 2114 938 2183 arbara“ („Cudná Barbora“), deren
938 2119 1975 2178 ist der Lord von dieser Zwangsehe nichts weniger als
1966 2106 3035 2188 wiesen, da sie reich an starken dramatischen Effekten
178 2165 930 2237 in der verflossenen Woche an der
916 2148 1967 2235 entzückt, und es bedarf erst eines Intrigenspiels und
1961 2168 3016 2238 ist und eine Reihe ungemein malerischer und stim¬
119 2194 929 2284 serer großen Bühnen, dem Wein¬
1965 2212 3027 2278 mungsvoller Szenen bringt. Um die Handlung kurz
927 2211 1967 2286 der Eifersucht, um ihn mit Lady Barbara endlich
135 2252 938 2335 öhmischen Stadttheater, mit
925 2269 1976 2338 zusammenzuführen. Da sich zu diesen beiden Haupt¬
1971 2257 3037 2340 zu skizzieren: Pierrette, die gegen ihren Willen eben
117 2304 930 2378 nZeichen eines ansehnlichen Bühnen¬
926 2308 1977 2377 partien noch eine Reihe weiterer, gut gezeichneter, dank¬
1971 2316 3033 2381 Arlechino angetraut worden, schleicht sich vom Hoch¬
121 2365 928 2428 r sich gegangen ist. Es gab ein schon
1969 2365 3027 2443 zeitsmale, eilt in das Heim des trauernden Pierrot,
933 2370 1969 2434 barer Figuren gesellt und der pointenreiche Dialog sich
119 2422 940 2487 her ausverkauftes, überaus festliches Haus,
927 2419 1971 2480 auf einem vornehmeren Schwankniveau hält, dürfte
1969 2415 3031 2487 dem sie ihr Herz geschenkt hat, und beschwört den
121 2472 927 2535 enpulte hatte sich der Komponist einge¬
922 2471 1965 2543 dem Werke wohl überall ein gleich unbestrittener und
1970 2467 3028 2542 Geliebten, gemeinsam mit ihr in den Tod zu gehen.
159 2517 922 2577 sah erwartungsvolle Theatergewaltige
918 2522 1975 2597 nachhaltiger Erfolg beschieden sein, wie er ihm auf
1956 2521 3028 2589 Pierrot ist hiezu bereit und mischt einen tödlichen
148 2576 922 2644 Wiener und Berliner Kritiker. Also
1964 2573 3029 2631 Trank. Als er ihn aber Pierretten kredenzt, zaudert sie.
929 2575 1606 2644 der Prager Bühne geworden ist.
137 2604 932 2694 Premierenbild, die richtige Premieren¬
963 2599 1971 2679 Von den weiteren Ereignissen der neuen Theater¬
1970 2623 3042 2688 Da leert Pierrot unter wehem Hohnlachen den Becher
144 2666 936 2743 und schließlich denn auch eine richtige,
937 2671 1977 2738 saison sei vor allem zweier Novitäten gedacht, die an
1976 2674 3030 2739 und stürzt entseelt zu Boden. Pierrette aber flieht,
113 2716 923 2803 und ehrliche Premierenbegeisterung. Denn
928 2728 1975 2794 beiden Landesbühnen fast gleichzeitig zur Aufführung
1968 2720 3029 2795 von Verzweiflung und Entsetzen ergriffen, unter Zu¬
130 2774 936 2839 sich nun auch in seiner Operette „Die
932 2772 1971 2843 gelangten und die auch Wien im Laufe dieser Spiel¬
1975 2769 3033 2852 rücklassung ihres Schleiers, wieder in das Hochzeits¬
121 2825 938 2882 ara“ wieder als der ideenreiche und ge¬
916 2821 1978 2879 zeit kennen lernen soll. Es sind dies Dolmanyis
1974 2829 3028 2892 haus, wo man nach ihr bereits geforscht hat. Der
123 2878 1976 2947 Musiker von starker Eigenart erwiesen, als Ballettpantomime „Der Schleier der Pier¬
1971 2875 3039 2944 argwöhnische Arlechino empfängt sie mit forschenden
124 2909 3035 2995 hu bereits in seinen Ballettpantomimen hrette“ und Wolf=Ferraris einaktige Oper „Su=] Blicken, doch sie beschwichtigt ihn und er führt sie zum
1963 2980 3046 3068 Tanze. Während sich nun Pierrette in den Armen
123 2973 1533 3063 Hans“ und „Von Märchen zu Märchenf lsannens Geheimnis“.
