3436 4352
324 150 1916 256 23. Der- Schlefelder-Pierrette
2070 145 2498 249 box 27/5
1926 1225 2014 1303 —
1539 1297 2704 1361 spiel=Spielzeit kündigt sich unverkennbar durch die Gattung der
399 1277 1549 1357 und Hekuba, denn von deren Geschicken gibt es immer noch
1558 1343 2696 1403 zur Aufführung gelangenden Stücke an. Es ist leichte und
390 1341 1548 1402 einen Weg, der direkt zu unserm Herzen führt, wogegen Artur
1560 1378 2707 1444 allerleichteste Ware. Der etwas verspätet zu uns gelangten
392 1392 1550 1445 Schnitzlers Pierrot und Pierrette uns ewig fremd bleiben,
1549 1418 2705 1470 rheinischen Karnevalsposse „Sein Sündenregister“ folgte am
398 1434 1554 1485 und der Tonmeister müßte noch geboren werden, der uns das
1550 1467 2703 1518 Samstag die sogenannte Groteske „Gelbstern“ von J.
400 1478 1547 1529 Leid und die Schmerzen dieser nur schemenhafter, am Schreib¬
1558 1495 2700 1563 Burg und W. Turszinsky. Die Bezeichnung Groteske
398 1520 1548 1574 tisch erklügelter Gestalten als die unsrigen empfinden zu lehren
1541 1541 2703 1623 besagt wohl schon genug; bezeichnet sie doch in der modernen
388 1564 654 1623 vermöchte.
1549 1590 2705 1645 Bühnensprache nicht das, was eigentlich unter dem Worte ge¬
432 1591 1551 1660 Es war daher kein Wunder, wenn trotz der Mühe, die sich
1551 1635 2701 1698 meint ist, nicht ein Werk, in dem das Niedrig=Komische in
397 1643 1556 1706 Generalmusikdirektor Schillings und Oberregisseur Ger¬
1556 1682 2706 1747 seiner Abart des Abenteuerlich=Seltsamen vorwaltet, sondern
398 1685 1548 1741 häuser um die musikalische und szenische Leitung der Vor¬
1554 1726 2696 1778 ein Stück, das für sich jede Freiheit beansprucht, u. a. auch
402 1730 1555 1779 stellung gaben, die letztere nur abstoßend auf die große Masse
1559 1765 2698 1819 die, sich von allem zu emanzipieren, was an irgend einen
393 1776 1558 1825 des Publikums wirken konnte. Die Rolle der Pierette wurde
1554 1793 2702 1867 künstlerischen Regelzwang erinnern könnte. Das Letztere gilt
396 1826 1555 1872 von Frl. Hötzel mit bewundernswertem künstlerischem Ge¬
1563 1859 2707 1913 hervorragend von dem Werke, das uns am Samstag zum
390 1865 1552 1922 schick wiedergegeben, und wenn zum Schluß hier und da der
1559 1883 2710 1947 erstenmale entgegentrat. Es nimmt vor allem das Vorrecht
397 1905 1553 1959 Versuch zum Beifallspenden gemacht wurde, waren dieselben,
1565 1942 2704 1999 für sich in Anspruch, der Bühne alles fernzuhalten, was man
388 1934 1550 2007 wie schon gesagt, in erster Linie als ein Zeichen der Anerken¬
1563 1988 2705 2042 gemeinhin eine dramatische Handlung nennt. Was es uns
391 1989 1552 2050 ung für diese Künstlerin aufzufassen, die offenbar bestrebt
1556 2032 2703 2082 bietet, ist nur Schilderung und diese Schilderung erstreckt sich
395 2039 1548 2098 gewesen war, ihr bestes zu geben. Sonst waren zur Dar¬
1556 2058 2704 2127 ausschließlich auf das interne Leben in einem modernen Ber¬
405 2073 1558 2123 stellung, abgesehen von der Besetzung einiger ganz kleinen
1559 2109 2704 2162 liner Konfektionshause. Daher der Name des Stückes, der
401 2124 1551 2180 Partien, Herren und Damen von der Oper herangezogen
1552 2151 2706 2204 einem Nichteingeweihten vielleicht auffallen könnte; unter dem
403 2172 1559 2217 worden, so die Herren van Erpecum und Swoboda
1556 2196 2703 2250 Namen „Gelbstern“ soll nämlich das innere Getriebe eines
391 2208 1562 2254 für die höchst undankbaren Partien des Pierrot und des
1561 2235 2706 2294 modernen Konfektionshauses symbolisiert werden, weil in den
404 2253 1554 2310 Bräutigams. Wir irren wohl nicht, daß es vorwiegend Teil¬
1568 2279 2702 2338 Geschäften dieser Art mit einem gelben Stern, mit zwei gelben
401 2285 1560 2342 nehmer an den Dal Croze'schen Kursen waren. In diesem
1558 2316 2703 2391 Sternen, mit einem roten Stern und mit drei gelben Sternen
404 2316 1560 2389 Falle können wir die bis jetzt erzielten Ergebnisse dieser Kurse
1563 2375 2702 2418 die vier gangbarsten Größenverhältnisse der Konfektionswaren
397 2375 1562 2429 nicht als allzu hohe veranschlagen. Einen wie angenehmen
1567 2411 2703 2466 für Damen ausgezeichnet werden. Uns über den Inhalt des
394 2415 1564 2478 und beruhigenden Eindruck machte es beispielsweise, sich Hrn.
1564 2439 2701 2500 Stücks näher zu verbreiten, geht nicht wohl an und das aus
400 2454 1562 2525 Burger in seiner ganz kleinen Rolle über die Bühne be¬
1559 2490 2700 2544 dem einfachen Grund, weil es einen eigentlichen Inhalt kaum
402 2493 1558 2542 wegen zu sehen. Auch die von Frl. Steinwender ein¬
1570 2524 2706 2590 besitzt. Die Personen und Verhältnisse, wie sie uns in den
398 2539 1554 2602 studierten Tänze machten wohl den Eindruck des Anmutigen
1556 2576 2709 2639 beiden ersten Akten entgegentreten, sind zum Teil gut und
393 2588 1566 2660 und Gefälligen, gingen aber über das nicht hinaus, was unter
1563 2621 2705 2674 richtig gesehen, aber auch nur zum Teil denn sonst müßte ein
392 2636 1337 2697 der bisherigen Ballettleitung geleistet worden ist.
1567 2668 2703 2726 modernes Berliner Konfektionshaus, soweit seine Personal¬
559 2688 1435 2773 Stuttgarter Schauspielhaus.
1557 2709 2711 2761 verhältnisse in Betracht kommen, das ziemlich genaue Gegen¬
430 2747 2742 2826 9 Stuttgart 25. Apr. Der bevorstehende Schluß der Schau= stück eines orientalischen Serails und aller seiner wesentlichen
2704 1286 3386 1348 Elemente mit alleiniger Ausnahme
2702 1330 3410 1387 Inhaber so etwas wie ein türkische
2708 1374 3407 1431 dürfte denn doch mit der Wirklichke
2703 1415 3414 1468 Gegen die Fränze Schott, die erste Kon
2702 1445 3408 1514 J. C. Bernius, würde die selige Fati
2698 1483 3415 1556 an den Mufti und so immer weiter i
2711 1548 3404 1603 der reine Unschuldsengel sein; noch
2701 1568 3409 1653 ist, daß ein so geriebener und raffinie
2698 1627 3394 1683 der Inhaber der genannten Firma, sich
2703 1672 3385 1743 muster, das es gleichzeitig mit ih
2700 1713 3405 1778 mit seinem Prokuristen und dan
2702 1754 3375 1827 den gehalten hat, gegen eine
2707 1792 3381 1862 30 000  vom Halse schafft.
2715 1828 3398 1898 J. C. Bernius nicht, auch dann n
2711 1879 3390 1945 schmetternde Entdeckung, daß seine ei
2709 1927 3400 1992 tour mit einem Chauffeur gemacht h
2709 1970 3406 2039 Urteil etwas getrübt hat. Je seich
2706 2005 3375 2074 vorzüglicher war seine Wiedergabe.
2702 2044 3402 2114 Hr. Suchanek und Hr. Bauer
2701 2075 3413 2161 kuristen Dörrwald und des Reisenden
2707 2140 3385 2207 ihrer tollen Laune nach Herzenslust
2714 2163 3405 2239 konnten. Charakteristisch gaben auch
2699 2226 3396 2282 C. Bernius und Frau Rosner di
2701 2267 3395 2328 Ein ergötzliches Charakterbildchen stel
2705 2313 3397 2364 in dem Lehrling Moritz Rosalowicz his
2710 2352 3401 2422 Eigen den Einschlag von wirklich
2701 2399 3392 2472 Rührseligem), das die komische Cha
2713 2435 3402 2507 alten Agenten Bergmann hat, in kün
2713 2472 3410 2541 hervortreten ließ. Da Frau v. Berl
2716 2532 3401 2585 stellung erkrankt war, brachte Frl. Bl
2714 2563 3402 2631 stückchen fertig, uns im ersten Akt di
2712 2621 3397 2670 und im letzten die Zimmervermieter
2716 2652 3401 2729 anschaulichen, und zwar beide mit
2717 2708 2963 2771 Naturtreue.
