3392 4320
1188 154 1243 222 d
2035 153 2480 255 box 27/5
298 151 1874 255 23. Der Schleiener Pierrette
1365 485 1703 572 Telephon 12.891.
1728 494 1786 596 *
1524 565 1608 632 99
875 616 1547 711 UDOERTER
688 698 1777 765 öeterr. behördl. konz. Unternehmen für Zeitunge-Ausechaltes
854 744 1591 824 Wien, I., Concordiaplatz 4.
1069 801 1383 866 Vertretungen
674 843 1771 904 Berlin, Basel, Budapest, Chicago, Cleveland, Christiania,
665 907 1769 960 Oeni, Kopenhagen, London, Madrid, Mailand, Minneapolls,
667 942 1778 984 New-Vork, Paris, Rom, San Francisco, Stockholm, St. Peters¬
1065 979 1378 1031 burg, Toronto.
991 1016 1441 1074 Quckl#angebe ohme Gewähr,
679 1077 1077 1170 Ausschnitt aus
1077 1082 1788 1202 8 Freie Presss, Wien
680 1150 1126 1236 rom: 30.0fl. 1910
520 1304 1692 1379 Die Entstehung des „Schleiers der Pierrette“.
1697 1310 2878 1368 Philippo Loschi. Zwischen beiden schwankt sie noch am
1717 1358 2860 1416 Hochzeitstage. Und genau wie in der ursprünglichen
775 1363 1477 1437 (Tragödie und Pantomime.)
1714 1409 2863 1468 Pantomimenfabel eilt sie nach der Hochzeit zum Geliebten.
925 1414 1314 1467 Von Dr. Max Messer.
1718 1459 2862 1520 Aber auch Philippo ist jetzt eine tragische Figur geworden.
620 1466 1694 1536 Die dramatische Dichtkunst ist die Königin der Poesie.
1706 1511 2860 1559 Die Pierrotzüge sind fast ganz verwischt, eher gewahren
517 1517 1698 1563 Ihre Geschwister, die Lyrik, die Epik, und ihre vielen
1703 1549 2870 1620 wir an ihm Aehnlichkeiten mit „Anatol“, dem Helden der
529 1568 1697 1629 Halbgeschwister sind nicht von minder edlem Blut. Aber
1703 1591 2863 1665 Schnitzlerschen Jugendstücke. Auch er ist eine schwankende
531 1613 1697 1677 dem Drama gebührt der Vorrang. Während das Gedicht
1708 1646 2865 1695 Natur, seltsam stolz und in den Wünschen seiner Liebe
524 1653 1689 1721 bloß zum Herzen oder Verstand des Lesers spricht,
1703 1699 2866 1764 von übertriebenster Empfindsamkeit. Daß Beatrice bloß
530 1714 1690 1770 während die Erzählung uns Geschehnisse und menschliche
1715 1737 2857 1820 vom Herzog geträumt hat, empört ihn, so daß er sie von
541 1751 1700 1812 Figuren nur vor das innere Auge zaubert, läßt der
1703 1781 1918 1858 sich stößt.
525 1808 1690 1860 Dramatiker die Geschöpfe seiner Phantasie leibhaftig vor
1914 1829 2640 1896 Träume sind Begierden ohne Mut,
534 1836 1697 1917 uns auferstehen, läßt uns in das Weben und Werden
1803 1869 2737 1937 Sind freche Wünsche die das Licht des Tags
528 1894 1697 1965 des Schicksals schauen. Wir hören, wir sehen nach¬
1805 1919 2583 1995 Zurückjagt in die Winkel unfrer Seele,
528 1946 1705 2021 geschaffene Menschen sprechen und handeln, und bleiben
1814 1975 2711 2023 Daraus sie erst bei Nacht zu kriechen wagen;
524 1996 1691 2044 doch immer unsichtbare Zuschauer dieser fremden Geschicke.
1809 2014 2761 2089 Und solch ein Traum, mit ausgestreckten Armen,
524 2038 1709 2098 Fremde Häuser und Wohnungen, fremde Seelen und
1819 2063 2574 2120 Sehnsüchtig läßt er, durstig dich zurück.
528 2089 1691 2149 Herzen öffnen sich unseren begierigen Sinnen. Wie in
1812 2109 2682 2166 So wenig warst du mein, daß, schlossest du
528 2119 1707 2218 Tarnkappen verhüllt, leben wir fremdes Leben mit. Im
1808 2141 2581 2205 Die Augen, deine Seel' auf Abenteuer
523 2185 1701 2237 Drama ist die „Illusion“ am vollkommensten. Je echter
1820 2191 2603 2245 Ausfliegen konnte, und ich war dir nur
1813 2228 2679 2277 Von Tausend Einer, kniete wie die andern
522 2230 1703 2302 und größer der Dichter, desto rascher vergessen wir an
1820 2274 2748 2346 Vor dir und war dir nichts und bin dir nichts,
515 2271 1695 2345 ihn selbst, wenn der Vorhang in die Höhe schwebt und
1820 2319 2677 2384 Ich, der dir so viel gab, als du nicht ahnst,
514 2332 1697 2398 sich nun ein Abbild des Lebens vor unseren Augen auf¬
1807 2362 2636 2420 So viel, daß meiner Liebe wert zu sein,
523 2372 1694 2427 rollt. Neugierig und ergriffen wie Kinder folgen wir dem
1812 2400 2613 2453 Dich Ekel fassen müßte, wenn du denkst,
503 2406 1693 2469 dramatischen Dichter in die Welt des Scheins. Je tiefer
1817 2445 2603 2490 Es leben andre Männer auf der Welt!
502 2464 1699 2549 und wahrhaftiger seine Kunst, desto mehr wird der Schein
1807 2485 2731 2538 Willst du, daß, dem gefäll'gen Eh'mann gleich,
508 2513 1694 2565 dem Sein gleichen, desto beglückter werden wir lauschen
1817 2529 2675 2582 Ich fremden Kuß von deinen Lippen trinke,
513 2561 1684 2625 und schauen. Die dramatische Kunst der Griechen war
1816 2566 2770 2637 Und kommst daher als Dirne deines Traums ?1
1807 2615 2243 2670 Geh, Beatrice!“
508 2603 1693 2686 angewandte, verbildlichte Religion. Der Dramatiker jener
517 2655 1688 2732 Zeit hatte etwas Göttliches in seiner Kraft. Seine Hand
1762 2655 2851 2727 Und hinter all diesen seelischen Konflikten droht im
501 2712 1587 2773 glich der Hand der Parzen, er lenkte das Schicksal.
1687 2709 2847 2771 Hintergrund erschütternd das große Schicksal: Cesar
616 2750 1684 2816 Die Entwicklung des Dramas hat schon früh bizarre
1699 2755 2855 2826 Borgias Heer rückt an Bologna heran. Und morgen
515 2771 1692 2865 Nebensormen gezeiligt, spielerische Abarten, die den thea¬
1703 2810 2851 2881 vielleicht schon ist diese Stadt zerstört und sind die hoch¬
516 2840 1681 2908 tralischen Reiz des offenen, dramatischen Geschehens durch
1687 2854 2862 2922 gespannten Seelen dieser Menschen dem ermordeten Leib
1690 2894 1905 2964 entflohen.
511 2880 1682 2950 Wegnahme eines Teiles der auf der Bühne wirkenden
511 2945 1686 2997 Kräfte zu erhöhen suchten. Eine solche bizarre Abart des
1773 2921 2855 3018 Der „Schleier der Beatrice“ ist im Jahre 1901 er¬
517 2993 1681 3050 Dramas ist das Puppenspiel. In allem anderen
1692 2979 2854 3051 schienen. Ihr Dichter ist von den Abarten des Dramas
512 3040 1676 3099 mit dem Drama identisch, weicht es nur darin von ihm
1699 3042 2866 3105 immer wieder gelockt worden. Er hat jene entzückenden
502 3083 1677 3146 ab, daß statt lebendiger Menschen am Draht gezogene
1692 3084 2861 3142 Puppenspiele geschrieben, unter denen der „Tapfere
512 3128 1679 3196 Puppen die Handlung darstellen. Bewegung, Bühne,
1755 3140 2854 3210 assian“ (in Musik gesetzt von Oskar Straus) als
1696 3174 2220 3250 Meisterwerk hervorleuchtet.
514 3169 1681 3242 Rede und Gegenrede sind geblieben. Man hat dem
502 3225 1676 3288 Organismus des Dramas nur den lebendigen Menschen,
1777 3220 2857 3293 Einer äußeren Anregung folgend, hat Artur
509 3264 1681 3352 den Schauspieler, entzogen, und an seine Stelle die Puppe
1697 3275 2847 3331 Schnitzler nun, wie er uns erzählte, dem „Schleier der
505 3314 681 3383 gesetzt.
1696 3323 2854 3391 Beatrice" noch einmal den Stoff zu einer Pantomime
582 3341 1674 3432 Die zweite, ebenso seltsame Abart des Dramas ist die
1693 3357 2863 3445 entnommen. Jener Kern der Handlung, der schon im
1321 3418 1565 3480 Därsteller,
502 3402 1324 3483 Pankomime. Bühne, lebendiger
1703 3418 2862 3469 Jahre 1892 Stoff einer Pantomime gewesen ist, ist im
1571 3420 1682 3470 Be¬
506 3455 1686 3531 wegung und Mienenspiel sind geblieben. Aber das
1701 3465 2855 3525 Grunde genommen auch der wesentliche Inhalt der neuen
506 3503 1677 3568 lebendige Wort ist ausgeschaltet, durch stummes Ge¬
1690 3505 2861 3584 Pantomime „Der Schleier der Pierrette“, Freilich ist der
501 3539 1675 3618 bärdenspiel ersetzt. Was das lebendige Wort leicht ver¬
1694 3556 2848 3621 Entwicklungsweg, den diese Handlung bis zum großen
505 3592 1672 3650 deutlicht, wird hier dem Zuschauer durch die Geste des
1688 3598 2852 3670 Renaissancedrama geschritten ist, auf die neue Arbeit nicht
509 3636 1674 3713 Schauspielers, durch begleitende und erklärende Musik
1688 3654 2850 3712 ohne Einfluß geblieben. Auch die neue Pantomime ist
506 3684 806 3751 verdolmeischt.
1692 3699 2849 3771 tragischen Ausganges. Arlekino, der Gatte Pierrettens,
605 3717 1679 3795 Puppenspiel und Pantomime sind in gewissem Sinne
1695 3744 2850 3801 hat deutliche Züge vom Herzog Bentivoglio übernommen,
508 3748 1673 3853 krüppelhafte Tramen, Es jehlt ihnen ein Glied des ge¬
1693 3800 2854 3856 ebenso Pierrot von Philippo Loschi. Vierrette verläßt das
499 3824 1673 3898 sunden und vollkommenen Dramas. Diese Abarten haben
1689 3839 2850 3890 Hochzeitsmahl, um den armen Pierrot ein letztesmal zu
507 3879 1677 3943 den Reiz des Ungewöhnlichen. Sie sind artistische Kunst¬
1683 3890 2848 3947 sehen und mit ihm zu sterben. Pierrot aber entreißt ihr
504 3920 1665 3986 stücke, bewunderungswert, aber in höherem Sinne nicht
1685 3935 2852 4017 das Gift, trinkt es allein. Pierrette flüchtet zu Arlekino
506 3965 1665 4031 notwendig. Paganini spielte ein Violinkonzert auf einer
1680 3986 2845 4043 zurück, der ihr das Geständnis entreißt und sie zwingt,
502 4025 1670 4085 Saite. So verzichtet auch hier der Dichter auf die Ge¬
1687 4030 2854 4113 ihn dorthin zu führen, wo sie ihren Schleier verloren
501 4060 1671 4136 samtheit der Mittel, um durch den kunstvollen Ersatz des
1679 4064 2848 4146 hat. Ganz neu ist nun der grotesk=tragische Schluß der
510 4109 1549 4177 Fehlenden neue Reize und Wirkungen auszulösen.
1686 4117 2852 4185 Pantomime. Arlekino nimmt fürchterliche Rache an Pierrot
2867 1566 2954 1618 11
2859 1607 2951 1667 d.
2854 1657 2948 1727 g0
2866 1715 2945 1767 re
2872 1756 2952 1811 de
2863 2722 2961 2802 S
2853 2786 2931 2835 n
