3344 4320
1247 95 1567 189 Plesten 1##t.
900 118 949 196 M
698 256 1335 339 „ODSERVER
481 321 1597 400 I. Geterv. behördl. keaz. Unternehmen für Zeitunge-Aussohnilte
675 386 1421 456 Wien, I., Conoordiaplats 4.
898 438 1219 509 Vertretungen
487 477 1592 551 in Berlin, Basel, Budapest, Chicago, Cleveland, Chetstiauts,
498 533 1586 587 Genf, Kopenhagen, London, Madrid, Malland, Minneapolte,
485 569 1603 632 New-Vork, Paris, Rom, San Francisco, Stockholm, St. Petere¬
890 616 1210 671 burg, Toronto.
817 649 1283 726 (Qustienangebo eus üeuchrt.
487 723 801 800 Ausschultt an
702 771 987 849 73 10.191)
502 866 623 915 VOM
936 884 1452 994 Sneie Nachrichten
1041 1035 1197 1111 —
757 1093 1469 1218 Theater und Murik.
1502 1127 1744 1223 —
539 1175 1643 1249 Der Schleier der Pierrette. Paytomime von Arthur Sch¬
442 1223 1615 1308 ler. Musik von Ernst v. Dohnanyi.*) (Erstafts
559 1270 1756 1341 ter am Freitag, den 21. Oktober.) Den Stoff zu dieser Pantomime
449 1321 1757 1385 bildet eine Liebestragödie. Es ist Pierrettens Hochzeitstag; der Bräu¬
453 1362 1760 1439 tigam, die Eltern und die Gäste sind versammelt, sie aber eilt heimlich
454 1387 1755 1461 in die Wohnung des Geliebten, um gemeinsam mit ihm zu sterben. Er
453 1426 1758 1504 ist bereit und leert die Giftphiole, doch ihr schwindet im letzten Augen¬
452 1472 1745 1541 blick der Mut. Totenbleich, ohne den Brautschleier, kehrt sie zum Hoch¬
453 1519 1754 1569 zeitsfest ins elterliche Haus zurück. Der Bräntigam, unheimlich, dro¬
445 1553 1752 1622 hend, fragt, wo sie gewesen und wo ihr Schleier. Da erscheint ihr
447 1599 1754 1664 mitten im Festgewimmel der tote Pierrot, den Schleier in der Hand.
457 1624 1749 1690 Sie folgt ihm, betritt zum zweiten Mal seine Wohnung, und hier er¬
446 1657 1745 1741 füllt sich ihr Schicksal: Wahnsinn ergreift sie und, die Augen auf den
447 1711 1331 1764 toten Geliebten geheftet, tanzt sie sich zu Tode.
536 1743 1747 1817 Diese Figuren wachsen bei Schnitzler fast selbstverständlich aus dem
442 1787 1749 1829 Boden des alten Wien herauf, gewissermaßen Repräsentauren ihrer
441 1817 1638 1865 Zeit, aber vom Dichter ins Unheimlich=Phantastische gesteigert.
1638 1826 1750 1888 Sie
450 1866 1738 1930 sind die Kehrseite der Medaille, verkörpern die finsteren Mächte, die
442 1901 1756 1972 unter der Oberfläche jenes von Schnitzler wunderbar stimmungsvoll
437 1948 1619 1994 geschilderten, sinnenfrohen und allezeit sidelen Altwien lauern.
539 1976 1743 2048 Zu Schnitzlers Handlung hat Dohnanyi eine Art von sinso¬
441 2018 1740 2062 nischer Dichtung geschrieben, die sich den szenischen Vorgängen sehr
438 2068 1742 2124 genau anschmiegt, teils in dem rezitativischen Melos der neudeutschen
443 2090 1737 2159 Schule oder in freier Tonmalerei, teils in geschlossenen Tanzformen.
446 2129 1731 2202 Natürlich hat sich der Komponist nicht die Gelegenheit entgehen lassen,
449 2173 1746 2257 Wiener Tänze zu schreiben, darunter einen sehr hübschen Walzer im
436 2220 1727 2262 zweiten Bild. Origineller sind einige geschlossene Stücke, die die Si¬
438 2257 1737 2305 tuationsstimmung ganz mit eigenen Mitteln wiedergeben: ein Marsch
447 2294 1738 2356 von gezwungen festlichem Charakter, der erklingt, wenn Pierrot seine
436 2333 1740 2371 Geliebte im 1. Bild zum Abschiedsmahl führt, und der unheimliche
442 2364 1740 2432 Tanz vor und während des Auftretens des gespenstischen Pierrot im
431 2412 1745 2453 2. Bild. Im ganzen zeichnet sich die Musik weniger durch ursprüngliche
428 2449 1728 2503 Erfindung aus, als durch Schmiegsamkeit der Formbehandlung, Treff¬
428 2477 1731 2549 sicherheit des dramatischen Ausdrucks und farbenreiche Instrumentie¬
437 2528 1736 2604 rung. Sie wurde von Kapellmeister Pollak mit wuchtiger Betonung
436 2559 1740 2633 der pathetisch=dramatischen Akzente und österreichischem Schmiß im
426 2601 1732 2651 Tanzrhythmus dirigiert und von unserem Stadtorchester vor¬
425 2641 1733 2703 züglich gespielt. Die szenische Einstudierung hatte Frl. Grondona
431 2685 1735 2728 mit sicherem Blick für das Zeitbild, für den Charakter der geschlossenen
436 2716 1729 2768 Tanzformen und für die pantomimische Einzeldarstellung besorgt. Für
430 2756 1733 2820 die neuartigen Aufgaben dieser Einzeldarstellung freilich stehen noch
421 2799 1730 2843 keine fertigen Künstler zu Gebot. Die moderne Körperdarstellungs¬
428 2837 1735 2879 kunst ist ja eben erst im Werden begrissen. So ist es ganz selbstver¬
419 2859 1715 2933 ständlich, daß die Opernkünstler, denen man die Hauptrollen anvertraut
417 2906 1729 2979 hatte, mit einer naturalistischen Technik arbeiteten, daß Verdoppelungen,
414 2954 1717 3015 Wiederholungen und Uebertreibungen in der Ausdruckssprache des
420 2987 1724 3050 Körpers unvermeidlich waren. Und doch war es erstaunlich, wie charak¬
422 3033 1715 3085 teristisch und mit welchem Pathos z. B. Herr Kase (Arlechino) und
416 3070 1714 3127 Frl. Sanden (Pierrette) ihre Aufgaben anfaßten und durchführten.
416 3103 1725 3161 Diesen beiden Künstlern und Herrn Klinghammer (Pierrot) waren
420 3135 1719 3201 die modernen Aufgaben der Körperdarstellung zugefallen, während die
418 3177 1719 3251 zahlreichen anderen Figuren meist in geschlossenen Tänzen die freie
412 3223 1345 3272 Ausdruckssprache der Einzeldarsteller umrahmten.
492 3258 1709 3310 Der Pantomime folgte, von Herrn Marion und Kapellmeister
409 3301 1716 3347 Conrad neueinstudiert, Halévys komische Oper „Der Blitz“*)
410 3333 1714 3398 die hier seit Menschengedenken nicht mehr aufgeführt war. Sie ist in
404 3380 1708 3433 ihren sentimentalen Partien stark verblaßt, wirkt dagegen in den fein
412 3409 1720 3486 komischen und rhythmisch bewegten Teilen noch heute. Freilich
406 3452 1717 3519 rechnet die Oper auf eine Art von leichten, hohen französischen Tenören,
403 3490 1709 3555 die wir nicht haben. Herr Jäger ging als Lyonel mit seinem Stimm¬
407 3519 1694 3599 material und seinen Gefühlen geradezu verschwenderisch um
402 3559 1705 3631 Herr Schroth traf als George im Spiel und Dialog den flotten, sein
406 3603 1699 3671 komischen Ton vorzüglich. Die beiden Damen, die sentimentale Hen¬
402 3642 1718 3712 riette des Frl. Eichholz, und ganz besonders die charmante junge
399 3684 1333 3730 Witwe des Frl. Merrem waren sehr zu loben.
1184 3723 1686 3787 Dr. Detlef Schultz.
536 3773 1695 3864 Klavierauszug bei Ludwig Doblinger (Bernhard Hocz¬
410 3828 833 3891 manskys, Leipzig.
480 3897 1623 3973 *) Klavierauszug bei Schlesinger (Rob. Lienau), Berliff.
1206 3997 1731 4076 k. und Nalesca
2797 778 3139 885 Telepbes 12.89
2244 912 2882 1025 JODSERTER
2024 973 3128 1091 I. Jeterr. behördl. Sonz. Unterachmee für Zeitunge-Ausechuitte
2203 1040 2960 1141 Wien, I, Conoordiaplatz 4.
2420 1101 2731 1179 Vertretungen
2025 1121 3105 1253 In Berlin, Basel, Budapest, Chlcago, Cleveland, Chrtstlamk.,
2015 1182 3116 1287 Genf, Kopenhagen, London, Madrid, Malland, Minncapolls,
2004 1208 3099 1326 New-Vork, Paris, Rom, San Francisco, Stockholm, St. Peten
2399 1275 2714 1337 burg, Toronto.
2326 1302 2790 1400 gunadensgabe cne denühn.
2007 1348 2378 1442 Aueschaltt aus:
2036 1408 2349 1504 230K1 1910.
2350 1458 2537 1552 Wzider
1991 1488 2146 1541 vom:
2311 1712 3096 1831 Sheater und Konzerte.
2737 1813 3162 1902 Leipzig, 22. Oktober.
2241 1839 3197 1939 Neues Theater. (Zum ersten Male: Der
2184 1889 3192 1963 Schleier der Pierrette. Pantomime von
2174 1924 2332 1975 A. Sch
2416 1941 3181 2015 r. Musik von E. von Dohnanyi. — Neu
2179 1942 3189 2055 denstüdter Der Blitz. Oper von Halevy.) Die
2189 2003 3185 2099 Ausstattung der Oper „Die Jüdin“ hatte der Direk¬
2185 2046 3178 2130 tion der Pariser Großen Oper das nette Sümmchen
2176 2080 3186 2175 von 150000 Franken gekostet. Ihr berühmter Kom¬
2179 2123 3175 2215 ponist, Halévy, ging darauf eine Wette ein. Es
2174 2174 3170 2250 handelte sich darum, eine kleine, kaum ausstattungs¬
2181 2204 3167 2289 bedürftige Oper mit nur vier Personen zu schreiben.
2174 2238 3111 2334 Halévy gewann, als die komische Oper „Der Bli
2180 2279 3188 2364 (1835) erschien und großen Erfolg hatte. Der Kunst¬
2179 2320 3149 2406 ler zeigte sich hier von einer ganz anderen Seite. In
2172 2346 3172 2433 der „Judin“ war alles romantischer Superlativ, alles
2177 2402 3164 2483 auch auf das Muster der Großen Oper zugeschnitten,
2166 2428 3162 2527 für die Schaulust wie für das Gruseln gleicherweise
2160 2463 3153 2559 gesorgt. Jetzt, im „Blitz“ trat die von den simpel¬
2164 2511 3157 2600 sten Voraussetzungen ausgehende Unterhaltungsgabe
2158 2546 3161 2632 in ihr Recht, zugleich höchste Liebenswürdigkeit und
2151 2591 3150 2676 eine fast peinliche Eleganz aufweisend. Obwohl ein
2162 2618 3162 2716 Schüler von Berton und Cherubini, ging Halévy
2159 2654 3144 2752 doch mehr von Hérold und Auber aus und war so¬
2156 2707 3152 2788 wohl im tragischen als im komischen Fache wohl be¬
2155 2745 3152 2828 wandert. Seine feine Musik bedeckt schonungsvoll
2157 2775 3149 2867 das Blitz=Abretto, das sehr schwach ist. Zwei junge
2147 2811 3156 2914 Frauen treiben mit dem Vetter Georg, dem Erben
2154 2860 3142 2938 eines großen Vermögens, vergnüglichen Flirt. Ein
2144 2886 3144 2966 Offizier, Lionel, kommt zufällig hinzu, wird im Ge¬
2151 2935 3151 3013 witter vorübergehend des Augenlichts beraubt und
2145 2972 2999 3045 von der schönen Henriette gastlich gepflegt.
3001 3005 3132 3063 Nach
2142 3012 3128 3099 seiner Genesung stürzt er dankesvoll der Pflegerin zu
2136 3054 3028 3129 Füßen. Indessen irrt er sich in der Person —
2142 3092 3116 3178 Schwester steht vor ihm. Großes Ach und Wehe,
2135 3122 2690 3191 gräuliches Gefühlsextempore
2769 3151 3006 3209 die Folge.
2137 3162 3130 3252 höchster dramatischer Verlegenheit greift der anonyme
2140 3197 3128 3276 Autor zu einer Scheinehe usw. usw. und am Ende
2129 3241 3128 3322 kommen die richtigen Liebesleute doch glücklich zusam¬
2140 3285 3133 3370 men und leben heute noch, wenn sie nicht gestorben
2136 3310 3116 3402 sind. Denn am 16. Dezember 1835 in der Großen
2124 3359 3119 3454 Oper haben sie sich ganz Paris als Verlobte schon
2126 3395 2357 3451 empfohlen.
2177 3443 3117 3527 Schlägt man die „Blitz"=Partitur auf, so kommt
2116 3476 3117 3563 einem so etwas wie Lavendelgeruch entgegen, oder
2120 3517 3117 3603 auch Goldlack und Gelbveiglein. Es ist viel abstrakte
2111 3544 3112 3642 Liebe in dieser Musik, aber auch viel kleine Aufre¬
2111 3585 3115 3666 gung, viel Tugend in diesen Leutlein. Zuviel, weiß
2110 3636 3104 3718 Gott. Die Liebe erscheint hier als Göttin im Morgen¬
2113 3661 3103 3743 rot, die Moral als strenge Tante neben ihr. Halévys
2109 3699 3142 3792 Musik ist elegant und blitzsauber, sie enthält viel I
3216 1915 3299 1968 St.
3217 1946 3321 2014 reit.
3215 1997 3342 2062 kleine.
3261 2043 3338 2099 Do
3213 2069 3340 2134 Daß n
3218 2123 3349 2175 gegnet
3203 2161 3340 2210 älterer
3207 2199 3341 2251 diesem
3203 2237 3353 2291 noch d
3203 2268 3339 2346 der Ve
