3436 4384
988 105 1765 189 Wertiner Sheaterbriefe¬
972 182 1772 252 (Tante Simona. Der Schleier der
1246 237 1487 298 Pierrette.
951 293 1830 356 Dem gestrigen Abende in dem rührigen Charlot¬
909 332 1830 414 tenburger Opernhause sahen die interessierten Kreise
921 392 1839 445 der Reichshauptstadt mit hochgespannter Erwar¬
915 436 1841 487 tung entgegen. Zum ersten Male sollte näm¬
925 463 1836 534 lich der geistvolle Klaviervirtuose und Schöpfer
922 507 1844 573 so manches fein empfundenen Werkes für Kam¬
924 557 1834 623 mermusik Herr Ernst v. Dohnanyi sich auch
928 597 1844 671 als Verfasser von szenischen Werken vor der
927 650 1836 721 großen Oeffentlichkeit zeigen. Nach seinen bis¬
929 685 1839 751 herigen Kompositionen mußte man ihn für einen
919 737 1850 806 Anhänger derjenigen künstlerischen Anschauung
933 772 1847 841 halten, der die edlen Kunstformen in Ehren
925 815 1849 885 hält, die Bizarrerien der modernen orchestralen
929 860 1849 920 Pyrotechnik und ihre rhythmischen wie ihre
925 899 1851 976 harmonischen Ungeheuerlichkeiten mit gutem
930 947 1860 1019 Grunde vermeidet, der aber gleichwohl nicht in
935 987 1857 1064 pedantischer Philiströsität am Alten festklebt,
937 1036 1868 1100 nur deshalb, weil er eben zu hohen Jahren ge¬
930 1077 1864 1152 kommen. Kurz, man erwartete eben von dem
929 1120 1852 1200 hochgeschätzten Meister im Konzertsaal auch
943 1165 1851 1228 etwas Ungewöhnliches als Komponist für die
931 1212 1853 1275 Bühne. Da bereitete dann freilich die ein¬
933 1255 1847 1324 aktige komische Oper „Tante Simona“,
937 1295 1865 1369 zu der Herr Viktor Heindl einen weniger als
939 1355 1858 1415 harmlosen Text geschrieben, eine recht peinliche
939 1384 1869 1450 Enttäuschung. Diese läppische Liebesgeschichte
951 1430 1871 1496 aus der Zeit des ausklingenden Rokoko, dieser
939 1473 1869 1547 Liebhaber, der sich als taubstummer Gärtner in
950 1517 1868 1580 die Villa der Tante Simona einschleicht, der
951 1557 1865 1625 aber in Wahrheit selbstverständlich ein Graf ist,
952 1607 1863 1668 diese gute alte Taute selbst, die von keiner
951 1645 1878 1721 Männerfeele etwas wissen will, um schließlich
1014 1792 1909 1837 doch ihrem Jugendfreunde in die Arme zu
1016 1824 1898 1891 sinken — all dieser abgenutzte Opernkram ist
1007 1869 1905 1938 heutzutage schlechterdings unmöglich geworden
997 1911 1907 1972 und die poetische Schlußmoral „Erglänzt die
1011 1958 1907 2010 Welt im Frühlingsgold, da lacht der kleine
1006 1997 1914 2065 Flügelbold, bei wie das traf, hei wie das sitzt,
998 2045 1909 2095 die Leutchen sind ganz närrisch itzt; ein nimmer¬
1006 2101 1910 2154 müdes Liebesfest? Greif, Menschlein, zu und
1010 2143 1913 2200 greif recht fest, und saß das Glück beim Schopfe
1013 2174 1912 2236 an, daß nimmer es entlausen kann“, ist
1012 2218 1916 2276 unseres Erachtens auch nicht dazu angelan, eine
1007 2277 1918 2325 gehobene Stimmung unseres Gemütes auszu¬
1009 2306 1915 2366 lösen. Nun hätte man doch voraussetzen müssen,
1003 2355 1931 2420 daß der textlichen Unterlage gemäß sich auch die
1008 2392 1921 2460 Musik in zierlichen, gefälligen Wendungen und
1007 2427 1928 2494 Melodien bewegen würde. Aber weit gefehlt!
1020 2481 1934 2538 Sieht man von dem rhythmisch pikanten, im
1012 2522 1938 2588 Charakter eines musikalischen Lustspiels ge¬
1013 2569 1932 2626 haltenen Vorspiel und allenfalls noch einm
1020 2616 1935 2675 Zwiegesange zwischen Florio und Beatrice ab,
1022 2667 1938 2716 so sällt alles Uebrige ganz und gar aus dem
1016 2696 1945 2760 Rahmen des Kleingenres heraus. Der Wider¬
1022 2745 1938 2800 spruch zwischen dem aufgebotenen Großaufwand
1015 2786 1939 2853 der Ausdrucksmittel und der Kleinlichkeit der
1027 2830 1942 2884 Bühnenvorgänge ist so kraß, daß er allerdings
1021 2872 1938 2921 komisch wirkt, aber unfreiwillig! Ueberall guckt
1027 2916 1938 2978 die Nibelungen=Weise des Baireuther Zauber¬
1035 2969 1943 3026 mannes heraus. Da hat sich denn Herr
1024 3013 1763 3064 Dohnanyi einmal recht arg vergriffen.
1073 3041 1939 3120 Indessen ist es ihm mit seiner musikalischen
1039 3096 1936 3149 Illustration zu Arthur Schnitzlers „Schleier
1031 3140 1945 3198 der Pierrette“ ganz bedeutend besser von der
1041 3183 1938 3243 Hand gegangen. Diese dreibildrige Pantomime
1027 3227 1947 3292 mit dem dickausgetragenen Kinograuen scheint
1026 3277 1941 3334 die mu sikalische Phantasie unseres Komponisten
1022 3314 1943 3370 ungleich mächtiger angeregt zu haben, als jene
1027 3357 1949 3424 Heindliche Kindlichkeit. Es sind freilich auch
1027 3400 1953 3459 hier keine stärker hervortretenden Persönlichkeits¬
1024 3456 1945 3498 momente zu spüren, keineswegs; es wimmelt
1042 3499 1951 3545 vielmehr förmlich von Reminiszenzen aus der
1028 3528 1947 3600 wagnerischen und nachwagnerischen Musikwelt.
1035 3594 1950 3630 Allein zu dem ästhetiich doch wohl recht anfecht¬
1030 3619 1945 3679 baren Filmpathos — um keinen derberen Aus¬
1026 3662 1948 3717 druck zu gebrauchen — paßt das vielsach ent¬
1041 3714 1954 3759 lehnte salsche Orchesterpathos so gut, daß eines
1034 3761 1944 3804 das andere nicht im mindesten stört. Ein
1029 3785 1953 3853 sehr graziös erdachter und durchgeführter
1025 3834 1948 3910 Walzer verrät allerdings deutlich genug, wo
1038 3876 1953 3940 die eigentlichen Wurzeln der kompositori¬
1035 3922 1954 3972 schen Begabung Dohnanyis liegen. Hier, auf
1030 3965 1989 4032 diesem Gebiete braucht er sich keinerlei Fesseln1
2204 1670 2296 1763 S
1931 1737 2826 1823 anzulegen, wie bei dem angenommenen Film¬
1929 1781 2841 1869 pathos. Die Zuhörerschaft folgte indessen willig
1922 1828 2829 1912 den grausenmachenden Bühnenvorgängen und
1937 1869 2840 1954 den äußerst geschickt sich ihnen anschmiegenden
1943 1913 2830 1997 musikalischen Versinnbildlichungen. Wird sich
1932 1950 2834 2034 dieses Genre des durch Orchesterbeimischungen
1932 1998 2835 2076 veredelten Balletts, bei dem es auf Tonkunst
1934 2045 2836 2125 nicht eben viel anzukommen scheint, auf die Dauer
1942 2089 2843 2171 einbürgern können? Die Darstellung der Panto¬
1940 2135 2848 2214 mime war im ganzen und großen recht gelungen.
1942 2170 2837 2266 Für das kleine musikalische Genrebildchen „Tante
1948 2222 2845 2310 Simona“ erwies sich jedoch das Riesenhaus in
1955 2262 2851 2348 Charlottenburg als völlig ungeeignet. Derlei
1952 2318 2864 2389 Sächelchen müßten in einem entsprechend zier¬
1946 2367 2577 2440 lichen Raume vorgeführt werden.
1999 2366 2822 2477 Berlin, 10. April 1913. Eusebius““
1939 2878 2014 2941 #
