<?xml version="1.0" encoding="UTF-8" standalone="yes"?>
<PcGts xmlns="http://schema.primaresearch.org/PAGE/gts/pagecontent/2013-07-15" xmlns:xsi="http://www.w3.org/2001/XMLSchema-instance" xsi:schemaLocation="http://schema.primaresearch.org/PAGE/gts/pagecontent/2013-07-15 http://schema.primaresearch.org/PAGE/gts/pagecontent/2013-07-15/pagecontent.xsd">
    <Metadata>
        <Creator>prov=University of Rostock/Institute of Mathematics/CITlab/Gundram Leifert/gundram.leifert@uni-rostock.de:name=ONB_Newseye_GT_M1+(htr_id=10810)::::v=2.4.2
prov=University of Rostock/Institute of Mathematics/CITlab/Tobias Gruening/tobias.gruening@uni-rostock.de:name=de.uros.citlab.module.baseline2polygon.B2PSeamMultiOriented:v=2.4.2
prov=University of Rostock/Institute of Mathematics/CITlab/Tobias Gruening/tobias.gruening@uni-rostock.de:name=/mnt/transkribus/LA/DEA/URO/LA_news_onb_att.pb:de.uros.citlab.segmentation.CITlab_LA_ML:v=2.4.2
Transkribus</Creator>
        <Created>2019-10-07T11:13:14.660+02:00</Created>
        <LastChange>2019-10-08T00:42:36.694+02:00</LastChange>
        <TranskribusMetadata docId="223965" pageId="9495032" pageNr="228" tsid="16492582" status="IN_PROGRESS" userId="40391" imgUrl="https://files.transkribus.eu/Get?id=NAVNHNPKFVMXGYCSRILIPSED&amp;fileType=view" xmlUrl="https://files.transkribus.eu/Get?id=BAZSPPJXKJSHAVOABPPGQXBO" imageId="6185259"/>
    </Metadata>
    <Page imageFilename="223965_0228.jpeg" imageWidth="3344" imageHeight="4352">
        <ReadingOrder>
            <OrderedGroup id="ro_1711441294187" caption="Regions reading order">
                <RegionRefIndexed index="0" regionRef="r1"/>
                <RegionRefIndexed index="1" regionRef="r2"/>
            </OrderedGroup>
        </ReadingOrder>
        <TextRegion orientation="0.0" id="r1" custom="readingOrder {index:0;}">
            <Coords points="268,210 268,3666 1847,3666 1847,210"/>
            <TextLine id="r1l1" custom="readingOrder {index:0;}">
                <Coords points="257,250 1857,270 1739,182 258,203"/>
                <Baseline points="268,235 351,241 434,245 517,249 600,252 683,254 766,256 849,256 932,256 1015,256 1099,256 1182,255 1265,254 1348,254 1431,253 1514,253 1597,253 1680,253 1763,254 1847,256"/>
                <TextEquiv>
                    <Unicode>23. Der-SchleienderBieree</Unicode>
                </TextEquiv>
            </TextLine>
            <TextLine id="r1l2" custom="readingOrder {index:1;}">
                <Coords points="1072,567 1123,587 1471,576 1471,519 1428,511 1389,508 1367,524 1272,507 1250,523 1193,503 1146,522 1122,508 1072,522"/>
                <Baseline points="1083,555 1108,555 1133,555 1158,555 1183,555 1209,555 1234,555 1259,555 1284,555 1309,555 1335,555 1360,555 1385,556 1410,557 1435,558 1461,560"/>
                <TextEquiv>
                    <Unicode>Telephon 12.801.</Unicode>
                </TextEquiv>
            </TextLine>
            <TextLine id="r1l3" custom="readingOrder {index:2;}">
                <Coords points="545,735 734,735 787,709 924,737 981,707 1226,734 1293,719 1292,603 1215,582 1043,604 648,592 544,652"/>
                <Baseline points="554,726 590,720 626,717 663,714 699,712 736,710 772,709 809,709 845,710 882,710 918,711 954,712 991,713 1027,713 1064,713 1100,713 1137,713 1173,711 1210,710 1246,707 1283,703"/>
                <TextEquiv>
                    <Unicode>„OBSERVER“</Unicode>
                </TextEquiv>
            </TextLine>
            <TextLine id="r1l4" custom="readingOrder {index:3;}">
                <Coords points="386,790 1166,769 1399,798 1462,746 385,752"/>
                <Baseline points="395,783 447,783 500,782 553,782 606,781 659,781 712,781 764,780 817,780 870,780 923,780 976,780 1029,779 1082,779 1134,779 1187,778 1240,778 1293,778 1346,777 1399,777 1452,776"/>
                <TextEquiv>
                    <Unicode>I. österr. beh. konz. Unternehmen für Zeitungs</Unicode>
                </TextEquiv>
            </TextLine>
            <TextLine id="r1l5" custom="readingOrder {index:4;}">
                <Coords points="593,833 1272,829 1272,801 1165,776 593,796"/>
                <Baseline points="602,821 635,821 668,820 701,820 734,820 767,821 800,821 833,821 866,821 899,821 932,821 965,821 998,822 1031,822 1064,822 1097,821 1130,821 1163,821 1196,820 1229,819 1263,819"/>
                <TextEquiv>
                    <Unicode>Ausschnitte und Bibliographie.</Unicode>
                </TextEquiv>
            </TextLine>
            <TextLine id="r1l6" custom="readingOrder {index:5;}">
                <Coords points="550,889 801,904 821,886 866,910 1318,892 1318,847 1265,829 1223,853 1028,828 976,852 763,829 692,853 641,829 550,845"/>
                <Baseline points="559,884 596,884 633,885 671,885 708,885 746,886 783,886 821,886 858,885 896,885 933,885 970,885 1008,884 1045,884 1083,884 1120,884 1158,883 1195,883 1233,883 1270,883 1308,883"/>
                <TextEquiv>
                    <Unicode>Wien, I., Conoordiaplatn 4.</Unicode>
                </TextEquiv>
            </TextLine>
            <TextLine id="r1l7" custom="readingOrder {index:6;}">
                <Coords points="777,950 810,967 925,957 1051,967 1073,949 1091,953 1092,918 1042,925 1032,917 892,921 876,913 863,922 815,912 778,921"/>
                <Baseline points="787,950 813,949 840,949 867,950 894,950 921,951 947,952 974,953 1001,953 1028,953 1055,953 1082,951"/>
                <TextEquiv>
                    <Unicode>Vertretungen</Unicode>
                </TextEquiv>
            </TextLine>
            <TextLine id="r1l8" custom="readingOrder {index:7;}">
                <Coords points="384,995 1448,1004 1480,951 384,968"/>
                <Baseline points="394,995 447,994 501,994 555,994 609,993 663,993 716,993 770,994 824,994 878,994 932,994 985,994 1039,995 1093,995 1147,995 1201,994 1254,994 1308,994 1362,993 1416,992 1470,991"/>
                <TextEquiv>
                    <Unicode>in Berlin, Brüssel, Budapest, Chicago, Cleveland, Christlaniz.</Unicode>
                </TextEquiv>
            </TextLine>
            <TextLine id="r1l9" custom="readingOrder {index:8;}">
                <Coords points="385,1031 1477,1032 1476,998 1423,995 384,1004"/>
                <Baseline points="395,1035 448,1036 502,1036 555,1036 609,1036 663,1036 716,1035 770,1035 823,1034 877,1034 931,1033 984,1032 1038,1032 1091,1031 1145,1030 1199,1030 1252,1029 1306,1029 1359,1029 1413,1028 1467,1028"/>
                <TextEquiv>
                    <Unicode>Genf, Kopenhagen, London, Madrid, Mailand, Minneapolle,</Unicode>
                </TextEquiv>
            </TextLine>
            <TextLine id="r1l10" custom="readingOrder {index:9;}">
                <Coords points="386,1083 1407,1087 1490,1039 386,1046"/>
                <Baseline points="395,1075 449,1074 503,1073 557,1072 612,1072 666,1072 720,1071 774,1071 829,1071 883,1071 937,1071 991,1071 1046,1071 1100,1071 1154,1071 1208,1071 1263,1071 1317,1071 1371,1071 1425,1071 1480,1070"/>
                <TextEquiv>
                    <Unicode>New-Vork, Paris, Rom, San Francisco, Stockholm, St. Petere¬</Unicode>
                </TextEquiv>
            </TextLine>
            <TextLine id="r1l11" custom="readingOrder {index:10;}">
                <Coords points="785,1123 890,1125 908,1117 941,1125 961,1117 983,1124 1014,1112 1030,1122 1046,1114 1080,1121 1079,1092 1022,1076 785,1079"/>
                <Baseline points="796,1109 823,1110 850,1111 878,1111 905,1110 933,1109 960,1109 987,1108 1015,1107 1042,1108 1070,1109"/>
                <TextEquiv>
                    <Unicode>burg, Toronto.</Unicode>
                </TextEquiv>
            </TextLine>
            <TextLine id="r1l12" custom="readingOrder {index:11;}">
                <Coords points="734,1149 776,1166 823,1152 985,1169 1078,1156 1098,1166 1113,1152 1137,1160 1137,1116 1095,1111 1030,1125 1011,1115 995,1127 906,1116 734,1127"/>
                <Baseline points="745,1147 770,1147 795,1147 821,1148 846,1148 872,1147 897,1147 923,1147 948,1146 974,1146 999,1146 1025,1146 1050,1145 1076,1145 1101,1146 1127,1146"/>
                <TextEquiv>
                    <Unicode>(Quelienangabe ohne Gewänf.</Unicode>
                </TextEquiv>
            </TextLine>
            <TextLine id="r1l13" custom="readingOrder {index:12;}">
                <Coords points="372,1244 466,1248 534,1227 561,1245 591,1226 690,1243 747,1226 824,1255 933,1239 933,1196 852,1196 819,1174 746,1193 679,1172 661,1188 549,1170 513,1191 428,1168 373,1179"/>
                <Baseline points="382,1223 409,1224 436,1224 463,1224 490,1224 517,1223 544,1223 571,1222 598,1221 625,1221 652,1221 679,1221 706,1221 733,1221 760,1222 787,1224 814,1226 841,1228 868,1231 895,1235 923,1240"/>
                <TextEquiv>
                    <Unicode>Ausschnitt aus: 1#</Unicode>
                </TextEquiv>
            </TextLine>
            <TextLine id="r1l14" custom="readingOrder {index:13;}">
                <Coords points="610,1314 661,1341 722,1329 767,1334 785,1322 823,1336 876,1325 902,1337 919,1332 920,1262 699,1254 610,1277"/>
                <Baseline points="620,1315 646,1315 672,1315 699,1316 725,1316 751,1316 778,1316 804,1317 830,1317 857,1317 883,1318 910,1318"/>
                <TextEquiv>
                    <Unicode>278121911</Unicode>
                </TextEquiv>
            </TextLine>
            <TextLine id="r1l15" custom="readingOrder {index:14;}">
                <Coords points="385,1344 403,1339 416,1348 432,1343 473,1349 529,1343 556,1347 557,1325 501,1302 489,1312 477,1313 459,1306 445,1310 436,1301 420,1307 410,1298 386,1303"/>
                <Baseline points="395,1340 420,1339 445,1340 471,1341 496,1343 521,1344 547,1346"/>
                <TextEquiv>
                    <Unicode>vom:</Unicode>
                </TextEquiv>
            </TextLine>
            <TextLine id="r1l16" custom="readingOrder {index:15;}">
                <Coords points="536,1380 573,1377 605,1393 621,1381 735,1377 749,1367 779,1384 805,1376 805,1325 786,1322 750,1340 722,1329 710,1339 671,1335 645,1344 614,1332 602,1340 576,1333 560,1347 536,1347"/>
                <Baseline points="547,1360 574,1365 602,1367 629,1368 657,1369 684,1368 712,1368 739,1367 767,1367 795,1368"/>
                <TextEquiv>
                    <Unicode>IDA TETAEIRENTZE VEE</Unicode>
                </TextEquiv>
            </TextLine>
            <TextLine id="r1l17" custom="readingOrder {index:16;}">
                <Coords points="411,1421 448,1435 466,1420 501,1442 537,1424 564,1438 614,1431 655,1445 673,1440 675,1405 663,1402 639,1417 598,1402 574,1409 549,1397 523,1404 488,1390 456,1396 439,1381 413,1385"/>
                <Baseline points="420,1420 447,1422 474,1423 501,1425 528,1427 555,1428 582,1429 609,1431 636,1433 664,1435"/>
                <TextEquiv>
                    <Unicode>Aomm</Unicode>
                </TextEquiv>
            </TextLine>
            <TextLine id="r1l18" custom="readingOrder {index:17;}">
                <Coords points="668,1438 1624,1466 1655,1455 1656,1383 1465,1317 1180,1396 1077,1344 1020,1379 787,1322 669,1334"/>
                <Baseline points="677,1441 725,1440 773,1440 822,1440 870,1440 919,1440 967,1441 1015,1441 1064,1441 1112,1441 1161,1441 1209,1441 1257,1442 1306,1442 1354,1443 1403,1443 1451,1444 1499,1445 1548,1445 1596,1446 1645,1447"/>
                <TextEquiv>
                    <Unicode>Ven den. Wanlt. Okaatien.</Unicode>
                </TextEquiv>
            </TextLine>
            <TextLine id="r1l19" custom="readingOrder {index:18;}">
                <Coords points="502,1461 1584,1541 1512,1490 505,1431"/>
                <Baseline points="513,1462 566,1466 619,1470 672,1473 725,1477 778,1480 831,1484 884,1488 937,1493 990,1497 1043,1501 1096,1505 1149,1509 1202,1513 1255,1518 1308,1522 1361,1526 1414,1530 1467,1534 1520,1538 1573,1542"/>
                <TextEquiv>
                    <Unicode>In der Hosoper wurde Carnso an eintgen Gastspirl¬</Unicode>
                </TextEquiv>
            </TextLine>
            <TextLine id="r1l20" custom="readingOrder {index:19;}">
                <Coords points="393,1492 1413,1588 1532,1594 1586,1557 396,1447"/>
                <Baseline points="402,1490 460,1495 519,1500 577,1505 636,1510 694,1515 753,1520 811,1524 870,1529 928,1534 987,1539 1046,1543 1104,1548 1163,1552 1221,1556 1280,1562 1338,1566 1397,1571 1455,1576 1514,1581 1573,1586"/>
                <TextEquiv>
                    <Unicode>hbenden übertrieben und zu übertriebenen Preisen geseiert.</Unicode>
                </TextEquiv>
            </TextLine>
            <TextLine id="r1l21" custom="readingOrder {index:20;}">
                <Coords points="397,1522 1575,1630 1578,1592 1445,1573 399,1498"/>
                <Baseline points="406,1527 467,1533 528,1539 589,1544 650,1550 711,1555 772,1560 833,1565 894,1571 955,1576 1016,1581 1077,1586 1138,1591 1199,1596 1260,1601 1321,1606 1382,1611 1443,1616 1504,1621 1565,1626"/>
                <TextEquiv>
                    <Unicode>Sein ausgeglichener, mit virtnoser Technit behandelter Tenor</Unicode>
                </TextEquiv>
            </TextLine>
            <TextLine id="r1l22" custom="readingOrder {index:21;}">
                <Coords points="391,1570 1569,1660 1571,1632 1487,1621 394,1535"/>
                <Baseline points="402,1566 459,1571 517,1577 575,1583 633,1588 691,1593 749,1598 806,1603 864,1608 922,1612 980,1617 1038,1621 1096,1626 1154,1630 1211,1635 1269,1640 1327,1645 1385,1649 1443,1654 1501,1659 1559,1664"/>
                <TextEquiv>
                    <Unicode>scheint so unverändert, wie sein für einen Singer ungewöhn¬</Unicode>
                </TextEquiv>
            </TextLine>
            <TextLine id="r1l23" custom="readingOrder {index:22;}">
                <Coords points="391,1608 1346,1702 1510,1708 1558,1656 394,1569"/>
                <Baseline points="402,1606 459,1611 516,1616 573,1620 630,1626 687,1630 744,1635 802,1639 859,1644 916,1650 973,1654 1030,1659 1087,1664 1144,1668 1202,1673 1259,1678 1316,1683 1373,1687 1430,1692 1487,1697 1545,1701"/>
                <TextEquiv>
                    <Unicode>lich vertieftes Spiel und wie der Enthwigsmus seiner Ver¬</Unicode>
                </TextEquiv>
            </TextLine>
            <TextLine id="r1l24" custom="readingOrder {index:23;}">
                <Coords points="399,1652 1562,1734 1532,1695 403,1611"/>
                <Baseline points="409,1646 466,1650 523,1655 580,1660 637,1664 694,1669 751,1674 808,1679 865,1684 922,1688 980,1694 1037,1699 1094,1703 1151,1709 1208,1714 1265,1719 1322,1724 1379,1730 1436,1734 1493,1739 1551,1745"/>
                <TextEquiv>
                    <Unicode>khrer. Im Rausch der Bewunderung ging des Bansten</Unicode>
                </TextEquiv>
            </TextLine>
            <TextLine id="r1l25" custom="readingOrder {index:24;}">
                <Coords points="380,1721 394,1720 402,1728 408,1725 415,1731 434,1726 444,1735 452,1735 458,1730 472,1731 470,1694 454,1695 448,1701 442,1696 438,1700 410,1678 400,1682 387,1673 378,1674"/>
                <Baseline points="391,1729 426,1725 461,1725"/>
                <TextEquiv>
                    <Unicode>de</Unicode>
                </TextEquiv>
            </TextLine>
            <TextLine id="r1l26" custom="readingOrder {index:25;}">
                <Coords points="398,1678 1339,1776 1454,1774 1457,1740 400,1652"/>
                <Baseline points="406,1687 457,1690 509,1694 561,1698 613,1702 665,1707 717,1710 769,1715 821,1719 873,1723 925,1727 976,1731 1028,1735 1080,1740 1132,1744 1184,1748 1236,1752 1288,1756 1340,1760 1392,1764 1444,1768"/>
                <TextEquiv>
                    <Unicode>Ernst ven Dohnanyis zarte Pankomime „Der Schl#</Unicode>
                </TextEquiv>
            </TextLine>
            <TextLine id="r1l27" custom="readingOrder {index:26;}">
                <Coords points="522,1745 1501,1829 1543,1786 525,1697"/>
                <Baseline points="532,1732 584,1737 637,1741 689,1746 742,1751 794,1755 847,1761 900,1765 952,1769 1005,1774 1057,1778 1110,1783 1162,1787 1215,1791 1268,1795 1320,1798 1373,1802 1425,1806 1478,1809 1531,1812"/>
                <TextEquiv>
                    <Unicode>ierrette“ (Text von Arthur Schninler, nach den</Unicode>
                </TextEquiv>
            </TextLine>
            <TextLine id="r1l28" custom="readingOrder {index:27;}">
                <Coords points="387,1766 1545,1872 1526,1811 390,1724"/>
                <Baseline points="396,1764 453,1768 510,1773 567,1777 624,1781 681,1787 738,1791 795,1795 852,1800 909,1804 966,1808 1023,1813 1080,1817 1137,1821 1194,1826 1251,1831 1308,1835 1365,1840 1422,1844 1479,1849 1536,1854"/>
                <TextEquiv>
                    <Unicode>letzten brei Alten seines „Schleiers der Partum</Unicode>
                </TextEquiv>
            </TextLine>
            <TextLine id="r1l29" custom="readingOrder {index:28;}">
                <Coords points="382,1815 994,1843 1509,1914 1527,1868 386,1766"/>
                <Baseline points="393,1805 449,1808 505,1813 561,1817 617,1822 673,1826 729,1830 785,1834 841,1839 897,1843 954,1848 1010,1853 1066,1857 1122,1861 1178,1867 1234,1871 1290,1876 1346,1882 1402,1887 1458,1892 1515,1898"/>
                <TextEquiv>
                    <Unicode>und ein angenehm spielbarer Klapierauszug bei Ludwi¬</Unicode>
                </TextEquiv>
            </TextLine>
            <TextLine id="r1l30" custom="readingOrder {index:29;}">
                <Coords points="372,1852 1439,1950 1518,1928 1369,1881 376,1813"/>
                <Baseline points="384,1844 440,1848 496,1852 552,1856 608,1860 665,1864 721,1868 777,1873 833,1877 889,1882 946,1886 1002,1891 1058,1896 1114,1901 1170,1905 1227,1911 1283,1916 1339,1921 1395,1926 1451,1931 1508,1936"/>
                <TextEquiv>
                    <Unicode>Doblinger — Vernhare Herzmansly in Wien und Leipeig</Unicode>
                </TextEquiv>
            </TextLine>
            <TextLine id="r1l31" custom="readingOrder {index:30;}">
                <Coords points="378,1888 1541,1985 1542,1947 1341,1918 381,1854"/>
                <Baseline points="389,1882 446,1885 503,1889 560,1892 617,1897 674,1901 731,1906 788,1910 845,1915 902,1920 960,1925 1017,1931 1074,1936 1131,1941 1188,1946 1245,1951 1302,1957 1359,1961 1416,1967 1473,1971 1531,1976"/>
                <TextEquiv>
                    <Unicode>das an dem ersten Gastipielabend des Italieuers mit zur</Unicode>
                </TextEquiv>
            </TextLine>
            <TextLine id="r1l32" custom="readingOrder {index:31;}">
                <Coords points="378,1925 1480,2023 1533,1982 381,1891"/>
                <Baseline points="389,1920 445,1925 502,1929 558,1933 615,1938 672,1943 728,1947 785,1951 841,1955 898,1960 955,1965 1011,1969 1068,1973 1124,1978 1181,1982 1238,1987 1294,1992 1351,1997 1407,2002 1464,2007 1521,2013"/>
                <TextEquiv>
                    <Unicode>Première kam, ganz verloren. Doch verdient dieses hof¬</Unicode>
                </TextEquiv>
            </TextLine>
            <TextLine id="r1l33" custom="readingOrder {index:32;}">
                <Coords points="374,1969 1502,2069 1558,2037 378,1925"/>
                <Baseline points="384,1962 442,1965 500,1970 558,1973 616,1978 674,1982 732,1986 790,1991 848,1995 906,2000 965,2004 1023,2010 1081,2014 1139,2020 1197,2024 1255,2029 1313,2035 1371,2040 1429,2045 1487,2051 1546,2056"/>
                <TextEquiv>
                    <Unicode>manneske Werk, tron starker Beeinftnisung durch Wagner.—</Unicode>
                </TextEquiv>
            </TextLine>
            <TextLine id="r1l34" custom="readingOrder {index:33;}">
                <Coords points="363,2022 1524,2084 1388,2041 368,1969"/>
                <Baseline points="376,1998 432,2002 489,2006 546,2011 603,2015 660,2020 717,2025 773,2029 830,2034 887,2039 944,2044 1001,2049 1058,2054 1115,2059 1171,2063 1228,2068 1285,2072 1342,2077 1399,2082 1456,2086 1513,2090"/>
                <TextEquiv>
                    <Unicode>alle Achtung, weit ein eigener, durchaus nicht gestaltungs¬</Unicode>
                </TextEquiv>
            </TextLine>
            <TextLine id="r1l35" custom="readingOrder {index:34;}">
                <Coords points="365,2061 987,2087 1327,2145 1538,2137 1542,2092 370,2006"/>
                <Baseline points="378,2038 435,2042 493,2047 550,2051 608,2056 665,2060 723,2065 780,2070 838,2075 895,2080 953,2085 1010,2090 1068,2095 1125,2100 1183,2105 1240,2110 1298,2116 1355,2121 1413,2126 1470,2131 1528,2137"/>
                <TextEquiv>
                    <Unicode>armer Musiker daraus spricht, der sich nur noch nicht ganz</Unicode>
                </TextEquiv>
            </TextLine>
            <TextLine id="r1l36" custom="readingOrder {index:35;}">
                <Coords points="364,2087 387,2100 402,2089 415,2102 434,2089 443,2098 471,2091 486,2102 520,2096 560,2123 627,2125 659,2117 662,2081 637,2068 626,2075 610,2060 536,2060 509,2046 499,2055 427,2043 400,2051 368,2031"/>
                <Baseline points="374,2081 399,2082 424,2084 449,2085 474,2086 499,2088 524,2089 549,2091 574,2093 599,2094 624,2096 650,2099"/>
                <TextEquiv>
                    <Unicode>gefunden hat.</Unicode>
                </TextEquiv>
            </TextLine>
            <TextLine id="r1l37" custom="readingOrder {index:36;}">
                <Coords points="945,2180 1467,2219 1466,2153 1399,2156 1366,2134 1260,2153 1135,2125 1034,2137 1003,2116 948,2117"/>
                <Baseline points="956,2165 981,2165 1006,2165 1031,2166 1056,2167 1081,2169 1106,2169 1131,2171 1156,2173 1181,2174 1207,2176 1232,2177 1257,2179 1282,2181 1307,2181 1332,2183 1357,2184 1382,2185 1407,2186 1432,2186 1458,2186"/>
                <TextEquiv>
                    <Unicode>Dr  Wihelm u. Wamztel</Unicode>
                </TextEquiv>
            </TextLine>
            <TextLine id="r1l38" custom="readingOrder {index:37;}">
                <Coords points="1101,2610 1142,2597 1423,2605 1515,2582 1515,2551 1499,2557 1453,2522 1384,2535 1348,2523 1293,2544 1222,2525 1100,2547"/>
                <Baseline points="1111,2579 1137,2578 1163,2577 1189,2576 1216,2575 1242,2574 1268,2572 1294,2571 1321,2571 1347,2570 1373,2570 1399,2570 1426,2571 1452,2572 1478,2575 1505,2578"/>
                <TextEquiv>
                    <Unicode>Telephon 12.801.</Unicode>
                </TextEquiv>
            </TextLine>
            <TextLine id="r1l39" custom="readingOrder {index:38;}">
                <Coords points="568,2755 640,2771 825,2740 865,2763 1125,2729 1226,2757 1322,2717 1320,2618 999,2605 879,2630 747,2609 710,2638 672,2621 567,2692"/>
                <Baseline points="578,2752 614,2747 651,2744 688,2741 725,2740 761,2738 798,2737 835,2736 872,2736 908,2736 945,2736 982,2736 1019,2736 1055,2736 1092,2736 1129,2735 1166,2734 1202,2733 1239,2731 1276,2727 1313,2723"/>
                <TextEquiv>
                    <Unicode>„OBSERVER“</Unicode>
                </TextEquiv>
            </TextLine>
            <TextLine id="r1l40" custom="readingOrder {index:39;}">
                <Coords points="406,2829 1502,2796 1461,2747 1396,2765 1354,2730 1276,2764 405,2785"/>
                <Baseline points="416,2822 469,2819 523,2815 577,2813 631,2811 684,2809 738,2807 792,2805 846,2804 899,2803 953,2802 1007,2801 1061,2800 1114,2799 1168,2798 1222,2797 1276,2796 1329,2795 1383,2794 1437,2793 1491,2791"/>
                <TextEquiv>
                    <Unicode>I. österr. beh. konz. Unternehmen für Zeitungs¬</Unicode>
                </TextEquiv>
            </TextLine>
            <TextLine id="r1l41" custom="readingOrder {index:40;}">
                <Coords points="614,2869 703,2854 855,2871 979,2839 1112,2872 1159,2844 1299,2839 1298,2796 613,2824"/>
                <Baseline points="624,2850 657,2849 690,2848 723,2847 757,2846 790,2846 823,2845 856,2845 890,2844 923,2844 956,2844 989,2843 1023,2843 1056,2843 1089,2842 1122,2842 1156,2840 1189,2839 1222,2838 1255,2837 1289,2835"/>
                <TextEquiv>
                    <Unicode>Ausschnitte und Bibliographie.</Unicode>
                </TextEquiv>
            </TextLine>
            <TextLine id="r1l42" custom="readingOrder {index:41;}">
                <Coords points="588,2927 1364,2901 1363,2868 1258,2846 1108,2873 1058,2850 1031,2873 879,2854 828,2879 790,2862 723,2881 691,2858 587,2874"/>
                <Baseline points="597,2913 634,2914 672,2914 710,2914 748,2914 786,2913 824,2913 861,2912 899,2911 937,2909 975,2908 1013,2907 1051,2905 1089,2904 1126,2903 1164,2903 1202,2902 1240,2902 1278,2902 1316,2903 1354,2904"/>
                <TextEquiv>
                    <Unicode>Wien, I., Conoordiaplatz 4.</Unicode>
                </TextEquiv>
            </TextLine>
            <TextLine id="r1l43" custom="readingOrder {index:42;}">
                <Coords points="824,2992 856,2983 872,2991 883,2981 927,2988 960,2977 1040,2990 1132,2972 1132,2952 1110,2953 1096,2941 1051,2946 1033,2936 1021,2945 977,2937 926,2948 908,2935 891,2943 871,2928 823,2928"/>
                <Baseline points="834,2974 860,2973 886,2973 912,2973 939,2973 965,2972 991,2972 1017,2971 1044,2971 1070,2970 1096,2969 1123,2968"/>
                <TextEquiv>
                    <Unicode>Vertretungen</Unicode>
                </TextEquiv>
            </TextLine>
            <TextLine id="r1l44" custom="readingOrder {index:43;}">
                <Coords points="411,3019 1476,3020 1507,3018 1506,2952 411,3005"/>
                <Baseline points="421,3031 474,3029 528,3026 582,3024 636,3023 690,3021 743,3019 797,3018 851,3017 905,3016 959,3015 1012,3014 1066,3013 1120,3012 1174,3011 1228,3010 1281,3009 1335,3008 1389,3006 1443,3005 1497,3003"/>
                <TextEquiv>
                    <Unicode>in Berlin, Brüssel, Budapest, Chicago, Cleveland, Christiania,</Unicode>
                </TextEquiv>
            </TextLine>
            <TextLine id="r1l45" custom="readingOrder {index:44;}">
                <Coords points="425,3072 1513,3051 1443,3008 424,3045"/>
                <Baseline points="434,3069 487,3069 540,3068 594,3067 647,3066 701,3064 754,3063 808,3062 861,3060 915,3058 968,3056 1021,3054 1075,3052 1128,3051 1182,3049 1235,3047 1289,3046 1342,3045 1396,3044 1449,3044 1503,3043"/>
                <TextEquiv>
                    <Unicode>Genf, Kopenhagen, London, Madrid, Mailand, Minncapolis,</Unicode>
                </TextEquiv>
            </TextLine>
            <TextLine id="r1l46" custom="readingOrder {index:45;}">
                <Coords points="420,3128 1512,3102 1511,3052 1450,3048 419,3076"/>
                <Baseline points="429,3108 482,3106 536,3104 590,3103 643,3101 697,3099 751,3098 804,3096 858,3094 912,3093 966,3091 1019,3090 1073,3089 1127,3088 1180,3087 1234,3087 1288,3086 1341,3086 1395,3085 1449,3086 1503,3086"/>
                <TextEquiv>
                    <Unicode>New-Vork, Paris, Rom, San Francisco, Stockholm, St. Peters¬</Unicode>
                </TextEquiv>
            </TextLine>
            <TextLine id="r1l47" custom="readingOrder {index:46;}">
                <Coords points="831,3144 869,3148 885,3139 905,3149 944,3136 1078,3144 1106,3125 1131,3131 1131,3111 1097,3112 1079,3098 949,3097 926,3109 831,3097"/>
                <Baseline points="841,3133 866,3133 891,3133 917,3132 942,3132 968,3131 993,3130 1019,3129 1044,3129 1070,3129 1095,3129 1121,3129"/>
                <TextEquiv>
                    <Unicode>burg, Toronto.</Unicode>
                </TextEquiv>
            </TextLine>
            <TextLine id="r1l48" custom="readingOrder {index:47;}">
                <Coords points="768,3194 866,3177 932,3189 990,3172 1147,3178 1166,3171 1165,3136 766,3148"/>
                <Baseline points="777,3174 802,3173 827,3172 853,3172 878,3171 903,3170 929,3170 954,3169 979,3169 1005,3168 1030,3167 1055,3166 1081,3166 1106,3165 1131,3164 1157,3163"/>
                <TextEquiv>
                    <Unicode>Quellenangabe ohne Gewähr.)</Unicode>
                </TextEquiv>
            </TextLine>
            <TextLine id="r1l49" custom="readingOrder {index:48;}">
                <Coords points="411,3267 967,3245 1616,3328 1660,3316 1663,3245 1055,3172 897,3231 626,3187 412,3232"/>
                <Baseline points="420,3265 481,3260 543,3255 604,3251 666,3248 727,3247 789,3246 850,3246 912,3247 973,3248 1035,3251 1097,3254 1158,3258 1220,3263 1281,3268 1343,3275 1404,3281 1466,3289 1527,3296 1589,3305 1651,3314"/>
                <TextEquiv>
                    <Unicode>Ausschnitt aus: Die Weepen, Wien</Unicode>
                </TextEquiv>
            </TextLine>
            <TextLine id="r1l50" custom="readingOrder {index:49;}">
                <Coords points="765,3364 919,3342 945,3355 1014,3357 1057,3339 1057,3302 972,3278 917,3298 824,3285 765,3307"/>
                <Baseline points="774,3339 801,3340 828,3340 856,3340 883,3339 911,3338 938,3338 965,3338 993,3338 1020,3339 1048,3341"/>
                <TextEquiv>
                    <Unicode>20 9. 1911</Unicode>
                </TextEquiv>
            </TextLine>
            <TextLine id="r1l51" custom="readingOrder {index:50;}">
                <Coords points="423,3366 442,3364 458,3381 492,3380 515,3408 644,3409 648,3364 601,3356 565,3337 521,3343 505,3336 487,3344 468,3328 428,3319"/>
                <Baseline points="433,3373 458,3372 483,3372 508,3372 534,3373 559,3376 584,3380 609,3385 635,3392"/>
                <TextEquiv>
                    <Unicode>vom:</Unicode>
                </TextEquiv>
            </TextLine>
            <TextLine id="r1l52" custom="readingOrder {index:51;}">
                <Coords points="632,3497 717,3474 750,3500 1471,3484 1471,3440 1422,3448 1367,3414 632,3428"/>
                <Baseline points="642,3473 683,3474 724,3475 765,3477 806,3478 847,3479 888,3479 929,3480 970,3481 1011,3481 1052,3481 1093,3481 1134,3481 1175,3481 1216,3481 1257,3481 1298,3480 1339,3480 1380,3479 1421,3478 1462,3477"/>
                <TextEquiv>
                    <Unicode>In der Premiere der Pantomime „Der</Unicode>
                </TextEquiv>
            </TextLine>
            <TextLine id="r1l53" custom="readingOrder {index:52;}">
                <Coords points="473,3546 1472,3545 1487,3488 473,3489"/>
                <Baseline points="484,3521 533,3522 583,3523 632,3524 682,3525 732,3525 781,3526 831,3526 880,3526 930,3526 980,3526 1029,3526 1079,3526 1128,3526 1178,3526 1228,3527 1277,3527 1327,3528 1376,3528 1426,3530 1476,3531"/>
                <TextEquiv>
                    <Unicode>Schleier der Pierette“ von Dohnany, nach</Unicode>
                </TextEquiv>
            </TextLine>
            <TextLine id="r1l54" custom="readingOrder {index:53;}">
                <Coords points="477,3589 1354,3612 1468,3591 1469,3563 1402,3535 1224,3565 963,3531 477,3542"/>
                <Baseline points="486,3582 534,3583 583,3583 631,3583 680,3584 729,3584 777,3585 826,3585 874,3586 923,3586 972,3587 1020,3587 1069,3588 1117,3588 1166,3589 1215,3589 1263,3590 1312,3590 1360,3590 1409,3591 1458,3591"/>
                <TextEquiv>
                    <Unicode>dem Tert von Artur Schnißler, gibt Frän¬</Unicode>
                </TextEquiv>
            </TextLine>
            <TextLine id="r1l55" custom="readingOrder {index:54;}">
                <Coords points="468,3656 1489,3665 1489,3588 1349,3614 468,3595"/>
                <Baseline points="478,3639 528,3641 578,3643 628,3644 678,3645 728,3645 778,3646 828,3646 878,3646 928,3646 978,3646 1028,3646 1078,3646 1128,3646 1178,3646 1228,3647 1278,3648 1328,3649 1378,3650 1428,3652 1478,3654"/>
                <TextEquiv>
                    <Unicode>lein Helene Zamrich die weibliche Hauptrolle.</Unicode>
                </TextEquiv>
            </TextLine>
            <TextEquiv>
                <Unicode>23. Der-SchleienderBieree
Telephon 12.801.
„OBSERVER“
I. österr. beh. konz. Unternehmen für Zeitungs
Ausschnitte und Bibliographie.
Wien, I., Conoordiaplatn 4.
Vertretungen
in Berlin, Brüssel, Budapest, Chicago, Cleveland, Christlaniz.
Genf, Kopenhagen, London, Madrid, Mailand, Minneapolle,
New-Vork, Paris, Rom, San Francisco, Stockholm, St. Petere¬
burg, Toronto.
(Quelienangabe ohne Gewänf.
Ausschnitt aus: 1#
278121911
vom:
IDA TETAEIRENTZE VEE
Aomm
Ven den. Wanlt. Okaatien.
In der Hosoper wurde Carnso an eintgen Gastspirl¬
hbenden übertrieben und zu übertriebenen Preisen geseiert.
Sein ausgeglichener, mit virtnoser Technit behandelter Tenor
scheint so unverändert, wie sein für einen Singer ungewöhn¬
lich vertieftes Spiel und wie der Enthwigsmus seiner Ver¬
khrer. Im Rausch der Bewunderung ging des Bansten
de
Ernst ven Dohnanyis zarte Pankomime „Der Schl#
ierrette“ (Text von Arthur Schninler, nach den
letzten brei Alten seines „Schleiers der Partum
und ein angenehm spielbarer Klapierauszug bei Ludwi¬
Doblinger — Vernhare Herzmansly in Wien und Leipeig
das an dem ersten Gastipielabend des Italieuers mit zur
Première kam, ganz verloren. Doch verdient dieses hof¬
manneske Werk, tron starker Beeinftnisung durch Wagner.—
alle Achtung, weit ein eigener, durchaus nicht gestaltungs¬
armer Musiker daraus spricht, der sich nur noch nicht ganz
gefunden hat.
Dr  Wihelm u. Wamztel
Telephon 12.801.
„OBSERVER“
I. österr. beh. konz. Unternehmen für Zeitungs¬
Ausschnitte und Bibliographie.
Wien, I., Conoordiaplatz 4.
Vertretungen
in Berlin, Brüssel, Budapest, Chicago, Cleveland, Christiania,
Genf, Kopenhagen, London, Madrid, Mailand, Minncapolis,
New-Vork, Paris, Rom, San Francisco, Stockholm, St. Peters¬
burg, Toronto.
Quellenangabe ohne Gewähr.)
Ausschnitt aus: Die Weepen, Wien
20 9. 1911
vom:
In der Premiere der Pantomime „Der
Schleier der Pierette“ von Dohnany, nach
dem Tert von Artur Schnißler, gibt Frän¬
lein Helene Zamrich die weibliche Hauptrolle.</Unicode>
            </TextEquiv>
        </TextRegion>
        <TextRegion orientation="0.0" id="r2" custom="readingOrder {index:1;}">
            <Coords points="1832,215 1832,3702 3105,3702 3105,215"/>
            <TextLine id="r2l1" custom="readingOrder {index:0;}">
                <Coords points="1976,248 2032,256 2103,239 2142,254 2184,238 2209,260 2247,263 2344,238 2427,257 2427,185 2372,191 2351,175 2319,198 2228,179 2178,218 2131,184 2060,199 2021,177 1977,199"/>
                <Baseline points="1987,238 2012,236 2037,235 2062,235 2088,235 2113,235 2138,236 2164,237 2189,238 2214,239 2239,239 2265,240 2290,241 2315,241 2341,240 2366,239 2391,237 2417,235"/>
                <TextEquiv>
                    <Unicode>box 28/1</Unicode>
                </TextEquiv>
            </TextLine>
            <TextLine id="r2l2" custom="readingOrder {index:1;}">
                <Coords points="2617,949 2694,967 2759,953 2795,969 2864,951 2951,965 3018,945 3018,901 2994,907 2919,868 2833,895 2771,880 2748,896 2665,870 2617,886"/>
                <Baseline points="2628,931 2653,932 2678,932 2704,932 2729,931 2754,931 2780,930 2805,929 2830,928 2856,928 2881,927 2906,928 2932,929 2957,931 2982,934 3008,938"/>
                <TextEquiv>
                    <Unicode>Telephon 12.801.</Unicode>
                </TextEquiv>
            </TextLine>
            <TextLine id="r2l3" custom="readingOrder {index:2;}">
                <Coords points="2071,1108 2465,1126 2529,1091 2555,1110 2812,1104 2811,1043 2639,1063 2601,1034 2521,1065 2471,1048 2428,1069 2390,1034 2355,1060 2311,1039 2282,1069 2071,1073"/>
                <Baseline points="2082,1113 2119,1107 2157,1103 2195,1100 2233,1097 2271,1096 2309,1094 2346,1093 2384,1093 2422,1093 2460,1094 2498,1094 2536,1094 2573,1095 2611,1095 2649,1095 2687,1094 2725,1093 2763,1091 2801,1089"/>
                <TextEquiv>
                    <Unicode>„ODSENVEN</Unicode>
                </TextEquiv>
            </TextLine>
            <TextLine id="r2l4" custom="readingOrder {index:3;}">
                <Coords points="1921,1185 2697,1154 2932,1182 3016,1145 3016,1095 1920,1148"/>
                <Baseline points="1930,1173 1983,1171 2037,1169 2091,1168 2145,1167 2199,1165 2253,1164 2306,1163 2360,1162 2414,1161 2468,1160 2522,1159 2576,1158 2630,1158 2683,1157 2737,1156 2791,1156 2845,1155 2899,1154 2953,1154 3007,1153"/>
                <TextEquiv>
                    <Unicode>I. öeterr. beh. konz. Unternehmen für Zeitunge¬</Unicode>
                </TextEquiv>
            </TextLine>
            <TextLine id="r2l5" custom="readingOrder {index:4;}">
                <Coords points="2121,1208 2208,1227 2402,1203 2706,1217 2802,1187 2802,1165 2271,1161 2121,1190"/>
                <Baseline points="2131,1205 2164,1204 2197,1204 2230,1203 2263,1203 2296,1202 2329,1202 2362,1202 2395,1202 2428,1202 2462,1202 2495,1202 2528,1202 2561,1201 2594,1201 2627,1200 2660,1200 2693,1198 2726,1197 2759,1196 2793,1194"/>
                <TextEquiv>
                    <Unicode>Ausschnitte und Bibliographie.</Unicode>
                </TextEquiv>
            </TextLine>
            <TextLine id="r2l6" custom="readingOrder {index:5;}">
                <Coords points="2101,1292 2229,1300 2280,1276 2351,1297 2406,1271 2454,1296 2529,1269 2650,1293 2825,1273 2868,1257 2868,1233 2607,1203 2495,1232 2415,1209 2337,1234 2100,1227"/>
                <Baseline points="2110,1271 2147,1271 2184,1271 2222,1271 2259,1271 2297,1271 2334,1271 2372,1270 2409,1270 2447,1269 2484,1269 2521,1269 2559,1268 2596,1267 2634,1266 2671,1266 2709,1265 2746,1264 2784,1263 2821,1263 2859,1262"/>
                <TextEquiv>
                    <Unicode>Wien, I., Conoordiaplatz 4.</Unicode>
                </TextEquiv>
            </TextLine>
            <TextLine id="r2l7" custom="readingOrder {index:6;}">
                <Coords points="2323,1334 2341,1332 2365,1348 2469,1337 2547,1349 2645,1328 2645,1295 2609,1303 2586,1287 2546,1301 2528,1285 2507,1295 2483,1286 2467,1300 2443,1290 2432,1300 2372,1288 2351,1298 2323,1293"/>
                <Baseline points="2334,1332 2359,1332 2384,1332 2409,1332 2434,1332 2459,1332 2484,1332 2509,1332 2534,1332 2559,1332 2584,1331 2609,1330 2635,1329"/>
                <TextEquiv>
                    <Unicode>Vertretungen</Unicode>
                </TextEquiv>
            </TextLine>
            <TextLine id="r2l8" custom="readingOrder {index:7;}">
                <Coords points="1928,1384 3017,1379 3016,1322 2838,1309 2589,1348 2277,1320 1928,1352"/>
                <Baseline points="1938,1385 1991,1384 2044,1382 2098,1380 2151,1379 2205,1378 2258,1377 2312,1376 2365,1375 2419,1375 2472,1374 2525,1373 2579,1372 2632,1371 2686,1370 2739,1369 2793,1368 2846,1367 2900,1366 2953,1364 3007,1362"/>
                <TextEquiv>
                    <Unicode>in Berlin, Brüssel, Budapest, Chicago, Cleveland, Christiania,</Unicode>
                </TextEquiv>
            </TextLine>
            <TextLine id="r2l9" custom="readingOrder {index:8;}">
                <Coords points="1925,1423 3021,1401 2977,1368 2795,1367 1924,1405"/>
                <Baseline points="1935,1424 1988,1424 2042,1424 2096,1423 2150,1422 2204,1421 2257,1420 2311,1419 2365,1417 2419,1416 2473,1414 2526,1412 2580,1410 2634,1409 2688,1407 2742,1405 2795,1404 2849,1403 2903,1402 2957,1402 3011,1401"/>
                <TextEquiv>
                    <Unicode>Genf, Kopenhagen, London, Madrid, Mailand, Minneapolis,</Unicode>
                </TextEquiv>
            </TextLine>
            <TextLine id="r2l10" custom="readingOrder {index:9;}">
                <Coords points="1933,1487 3025,1459 3009,1400 1932,1444"/>
                <Baseline points="1943,1463 1996,1463 2050,1461 2103,1461 2157,1459 2211,1458 2264,1456 2318,1455 2371,1453 2425,1451 2479,1450 2532,1449 2586,1447 2639,1446 2693,1445 2747,1444 2800,1444 2854,1443 2907,1443 2961,1444 3015,1444"/>
                <TextEquiv>
                    <Unicode>New-Vork, Paris, Rom, San Francisco, Stockholm, St. Peters¬</Unicode>
                </TextEquiv>
            </TextLine>
            <TextLine id="r2l11" custom="readingOrder {index:10;}">
                <Coords points="2320,1494 2419,1508 2444,1496 2590,1502 2636,1488 2635,1464 2600,1467 2570,1453 2539,1462 2457,1455 2436,1463 2426,1455 2406,1465 2351,1456 2331,1474 2319,1472"/>
                <Baseline points="2330,1490 2356,1491 2383,1491 2410,1491 2437,1491 2464,1490 2491,1490 2518,1489 2545,1489 2572,1488 2599,1488 2626,1488"/>
                <TextEquiv>
                    <Unicode>burg, Toronto.</Unicode>
                </TextEquiv>
            </TextLine>
            <TextLine id="r2l12" custom="readingOrder {index:11;}">
                <Coords points="2361,1530 2494,1537 2543,1522 2565,1536 2608,1529 2618,1537 2685,1514 2684,1496 2647,1487 2596,1500 2503,1495 2481,1504 2471,1496 2361,1506"/>
                <Baseline points="2370,1527 2395,1527 2421,1527 2446,1527 2472,1526 2497,1525 2523,1525 2548,1524 2574,1524 2599,1523 2625,1523 2650,1522 2676,1522"/>
                <TextEquiv>
                    <Unicode>enangabe ohne Gewähr.)</Unicode>
                </TextEquiv>
            </TextLine>
            <TextLine id="r2l13" custom="readingOrder {index:12;}">
                <Coords points="2234,1569 2503,1577 2609,1610 2667,1583 3056,1645 3114,1634 3121,1559 2969,1574 2831,1537 2770,1556 2703,1528 2384,1532 2353,1499 2239,1514"/>
                <Baseline points="2246,1550 2291,1553 2336,1557 2381,1559 2426,1563 2472,1567 2517,1571 2562,1574 2607,1579 2652,1582 2698,1586 2743,1590 2788,1594 2833,1598 2878,1602 2924,1606 2969,1609 3014,1613 3059,1615 3105,1619"/>
                <TextEquiv>
                    <Unicode>Berhner Bömen Courier, Berlin</Unicode>
                </TextEquiv>
            </TextLine>
            <TextLine id="r2l14" custom="readingOrder {index:13;}">
                <Coords points="1922,1611 1992,1629 2053,1617 2150,1640 2184,1627 2202,1639 2245,1623 2275,1636 2344,1627 2342,1585 2279,1567 2194,1570 2150,1551 2018,1583 1971,1568 1922,1593"/>
                <Baseline points="1933,1615 1958,1615 1983,1614 2008,1614 2033,1613 2058,1613 2083,1612 2108,1611 2133,1610 2158,1610 2183,1608 2208,1608 2233,1607 2258,1606 2283,1605 2308,1605 2333,1605"/>
                <TextEquiv>
                    <Unicode>Ausschnitt aus:</Unicode>
                </TextEquiv>
            </TextLine>
            <TextLine id="r2l15" custom="readingOrder {index:14;}">
                <Coords points="2447,1657 2474,1675 2534,1661 2582,1681 2686,1662 2742,1684 2775,1674 2813,1697 2901,1683 2904,1636 2874,1644 2823,1608 2727,1622 2642,1596 2623,1610 2578,1607 2453,1582"/>
                <Baseline points="2458,1646 2483,1646 2509,1646 2534,1647 2560,1648 2585,1649 2611,1651 2636,1653 2662,1655 2687,1657 2713,1660 2738,1662 2764,1664 2789,1666 2815,1668 2840,1669 2866,1671 2892,1673"/>
                <TextEquiv>
                    <Unicode>Morgenausgabe</Unicode>
                </TextEquiv>
            </TextLine>
            <TextLine id="r2l16" custom="readingOrder {index:15;}">
                <Coords points="1941,1730 1999,1751 2031,1732 2191,1709 2326,1709 2359,1724 2428,1714 2423,1663 2382,1669 2347,1650 2181,1659 2109,1699 2039,1668 1938,1689"/>
                <Baseline points="1951,1735 1976,1736 2002,1735 2028,1734 2054,1731 2080,1728 2106,1725 2132,1721 2158,1717 2184,1713 2210,1709 2236,1706 2262,1703 2288,1701 2314,1700 2340,1701 2366,1703 2392,1706 2418,1711"/>
                <TextEquiv>
                    <Unicode>vom:93</Unicode>
                </TextEquiv>
            </TextLine>
            <TextLine id="r2l17" custom="readingOrder {index:16;}">
                <Coords points="1976,1793 2986,1843 2855,1782 2739,1802 2599,1767 2457,1792 1978,1759"/>
                <Baseline points="1987,1794 2036,1796 2085,1798 2135,1801 2184,1802 2234,1806 2283,1807 2333,1810 2382,1813 2432,1815 2481,1818 2530,1821 2580,1824 2629,1826 2679,1828 2728,1832 2778,1834 2827,1836 2877,1839 2926,1841 2976,1843"/>
                <TextEquiv>
                    <Unicode>Unser Wiener Korrespondent schreibt uns: Ueber</Unicode>
                </TextEquiv>
            </TextLine>
            <TextLine id="r2l18" custom="readingOrder {index:17;}">
                <Coords points="1913,1846 2540,1860 2881,1906 2982,1873 2963,1845 1917,1779"/>
                <Baseline points="1924,1838 1976,1839 2028,1841 2081,1842 2133,1844 2185,1847 2238,1849 2290,1851 2342,1854 2395,1857 2447,1860 2499,1862 2552,1866 2604,1868 2656,1870 2709,1873 2761,1876 2813,1878 2866,1880 2918,1882 2971,1883"/>
                <TextEquiv>
                    <Unicode>die erste Sensation der neuen Theater¬</Unicode>
                </TextEquiv>
            </TextLine>
            <TextLine id="r2l19" custom="readingOrder {index:18;}">
                <Coords points="1928,1873 2971,1927 2922,1881 2879,1903 1929,1836"/>
                <Baseline points="1938,1878 1989,1880 2040,1882 2091,1884 2142,1885 2194,1888 2245,1890 2296,1893 2347,1895 2398,1898 2450,1900 2501,1903 2552,1906 2603,1909 2654,1911 2706,1914 2757,1916 2808,1918 2859,1920 2910,1923 2962,1924"/>
                <TextEquiv>
                    <Unicode>saison, über das Auftreten Enrico Caruso s,</Unicode>
                </TextEquiv>
            </TextLine>
            <TextLine id="r2l20" custom="readingOrder {index:19;}">
                <Coords points="1924,1914 2886,1974 2976,1958 2978,1915 2276,1912 1926,1870"/>
                <Baseline points="1934,1919 1985,1920 2037,1922 2088,1924 2140,1925 2192,1928 2243,1931 2295,1934 2347,1936 2398,1939 2450,1942 2502,1945 2553,1948 2605,1950 2657,1952 2708,1955 2760,1956 2812,1958 2863,1959 2915,1961 2967,1961"/>
                <TextEquiv>
                    <Unicode>das sich zu einem wahren und, wie ich gleich hinzu¬</Unicode>
                </TextEquiv>
            </TextLine>
            <TextLine id="r2l21" custom="readingOrder {index:20;}">
                <Coords points="1926,1952 2975,2015 2977,1977 2928,1967 1928,1921"/>
                <Baseline points="1935,1960 1986,1960 2038,1962 2089,1963 2141,1966 2192,1968 2244,1971 2295,1973 2347,1976 2398,1979 2450,1982 2501,1985 2553,1988 2604,1991 2656,1994 2707,1996 2759,1999 2810,2000 2862,2001 2913,2002 2965,2002"/>
                <TextEquiv>
                    <Unicode>fügen will, verdienten Triumph dieses großen Gesangs¬</Unicode>
                </TextEquiv>
            </TextLine>
            <TextLine id="r2l22" custom="readingOrder {index:21;}">
                <Coords points="1931,2002 2941,2059 2959,2014 1933,1959"/>
                <Baseline points="1940,2000 1990,2002 2040,2003 2091,2006 2141,2008 2191,2010 2242,2012 2292,2015 2342,2018 2393,2021 2443,2023 2493,2026 2544,2029 2594,2031 2644,2033 2695,2037 2745,2038 2795,2040 2846,2042 2896,2043 2947,2044"/>
                <TextEquiv>
                    <Unicode>künstlers gestaltete, habe ich Ihnen bereits telegraphisch</Unicode>
                </TextEquiv>
            </TextLine>
            <TextLine id="r2l23" custom="readingOrder {index:22;}">
                <Coords points="1924,2035 2807,2097 2929,2097 2975,2056 1925,2006"/>
                <Baseline points="1933,2040 1984,2042 2036,2044 2087,2046 2139,2048 2190,2050 2242,2053 2293,2055 2345,2058 2396,2060 2448,2063 2499,2066 2551,2069 2602,2071 2654,2073 2705,2076 2757,2078 2808,2081 2860,2083 2911,2085 2963,2087"/>
                <TextEquiv>
                    <Unicode>berichtet. Der Abend war für Caruso, wie er selbst</Unicode>
                </TextEquiv>
            </TextLine>
            <TextLine id="r2l24" custom="readingOrder {index:23;}">
                <Coords points="1911,2079 2961,2123 2874,2085 1913,2040"/>
                <Baseline points="1920,2077 1971,2080 2023,2082 2074,2085 2126,2087 2177,2090 2229,2093 2280,2095 2332,2098 2383,2101 2435,2105 2487,2107 2538,2110 2590,2113 2641,2115 2693,2119 2744,2121 2796,2123 2847,2126 2899,2128 2951,2130"/>
                <TextEquiv>
                    <Unicode>nach der Vorstellung äußerte, einer der ufregendsten</Unicode>
                </TextEquiv>
            </TextLine>
            <TextLine id="r2l25" custom="readingOrder {index:24;}">
                <Coords points="1916,2133 2962,2167 2950,2133 2680,2112 1918,2086"/>
                <Baseline points="1925,2123 1976,2125 2027,2126 2078,2129 2130,2130 2181,2133 2232,2135 2284,2138 2335,2140 2386,2143 2438,2146 2489,2148 2540,2151 2591,2153 2643,2156 2694,2159 2745,2161 2797,2163 2848,2165 2899,2167 2951,2169"/>
                <TextEquiv>
                    <Unicode>und hat an seine Nerven die höchsten Anforderungen</Unicode>
                </TextEquiv>
            </TextLine>
            <TextLine id="r2l26" custom="readingOrder {index:25;}">
                <Coords points="1903,2173 2961,2209 2919,2171 2766,2160 1983,2121 1904,2149"/>
                <Baseline points="1914,2167 1965,2167 2017,2168 2069,2170 2121,2171 2173,2173 2225,2175 2277,2178 2329,2181 2381,2184 2433,2186 2484,2189 2536,2192 2588,2195 2640,2197 2692,2200 2744,2201 2796,2203 2848,2205 2900,2206 2952,2207"/>
                <TextEquiv>
                    <Unicode>geftellt. War es doch nach einem halben Jahr das</Unicode>
                </TextEquiv>
            </TextLine>
            <TextLine id="r2l27" custom="readingOrder {index:26;}">
                <Coords points="1913,2204 2881,2266 2957,2252 2959,2202 1914,2176"/>
                <Baseline points="1922,2205 1973,2207 2024,2208 2075,2210 2127,2212 2178,2214 2229,2217 2280,2219 2332,2221 2383,2225 2434,2227 2485,2230 2537,2233 2588,2235 2639,2238 2690,2240 2742,2243 2793,2245 2844,2247 2895,2249 2947,2252"/>
                <TextEquiv>
                    <Unicode>erstemal, daß er wieder die Bretter betrat. Sein</Unicode>
                </TextEquiv>
            </TextLine>
            <TextLine id="r2l28" custom="readingOrder {index:27;}">
                <Coords points="1906,2247 2962,2289 2963,2261 2788,2241 1909,2200"/>
                <Baseline points="1916,2245 1967,2247 2019,2248 2071,2250 2123,2252 2175,2254 2226,2257 2278,2259 2330,2263 2382,2265 2434,2268 2485,2271 2537,2273 2589,2276 2641,2278 2693,2281 2744,2284 2796,2286 2848,2288 2900,2290 2952,2291"/>
                <TextEquiv>
                    <Unicode>herrliches Organ hat an Blüte, hat an Wohllaut, an</Unicode>
                </TextEquiv>
            </TextLine>
            <TextLine id="r2l29" custom="readingOrder {index:28;}">
                <Coords points="1908,2292 2882,2346 2963,2304 1909,2254"/>
                <Baseline points="1918,2287 1969,2288 2021,2289 2072,2290 2124,2292 2176,2295 2227,2297 2279,2299 2331,2302 2382,2305 2434,2308 2486,2311 2537,2314 2589,2317 2641,2319 2692,2322 2744,2324 2796,2326 2847,2328 2899,2329 2951,2330"/>
                <TextEquiv>
                    <Unicode>Zartheit des Ausdrucks nicht das Allermindeste einge¬</Unicode>
                </TextEquiv>
            </TextLine>
            <TextLine id="r2l30" custom="readingOrder {index:29;}">
                <Coords points="1912,2327 2948,2368 2910,2334 1914,2291"/>
                <Baseline points="1923,2324 1973,2327 2024,2329 2075,2332 2126,2335 2177,2337 2227,2339 2278,2342 2329,2345 2380,2348 2431,2350 2481,2352 2532,2355 2583,2357 2634,2360 2685,2362 2735,2365 2786,2367 2837,2369 2888,2372 2939,2374"/>
                <TextEquiv>
                    <Unicode>büßt. Ich brauche Ihnen Caruso als Canio, in seiner</Unicode>
                </TextEquiv>
            </TextLine>
            <TextLine id="r2l31" custom="readingOrder {index:30;}">
                <Coords points="1900,2362 2953,2423 2909,2380 2768,2367 1901,2327"/>
                <Baseline points="1910,2368 1961,2370 2013,2371 2064,2373 2116,2375 2168,2378 2219,2380 2271,2383 2323,2385 2374,2388 2426,2390 2478,2393 2529,2397 2581,2399 2633,2402 2684,2405 2736,2408 2788,2410 2839,2413 2891,2415 2943,2418"/>
                <TextEquiv>
                    <Unicode>berühmten Rolle, die wir indeß in Wien von ihm zum</Unicode>
                </TextEquiv>
            </TextLine>
            <TextLine id="r2l32" custom="readingOrder {index:31;}">
                <Coords points="1905,2417 2952,2475 2954,2437 2837,2411 2560,2421 1908,2362"/>
                <Baseline points="1915,2408 1966,2411 2017,2413 2069,2414 2120,2417 2172,2419 2223,2422 2274,2424 2326,2427 2377,2430 2429,2433 2480,2436 2531,2439 2583,2441 2634,2443 2686,2446 2737,2450 2788,2452 2840,2454 2891,2457 2943,2459"/>
                <TextEquiv>
                    <Unicode>allererstenmale zu hören bekamen, nicht zu schildern.</Unicode>
                </TextEquiv>
            </TextLine>
            <TextLine id="r2l33" custom="readingOrder {index:32;}">
                <Coords points="1900,2438 2670,2510 2903,2509 2950,2477 1901,2417"/>
                <Baseline points="1909,2450 1960,2451 2012,2452 2063,2454 2115,2455 2166,2457 2218,2460 2269,2463 2321,2466 2372,2469 2424,2472 2475,2475 2527,2478 2578,2481 2630,2484 2681,2487 2733,2490 2784,2492 2836,2495 2887,2496 2939,2498"/>
                <TextEquiv>
                    <Unicode>Sie wissen, welch ein Glutstrom der Empfindung aus</Unicode>
                </TextEquiv>
            </TextLine>
            <TextLine id="r2l34" custom="readingOrder {index:33;}">
                <Coords points="1896,2498 2780,2549 2914,2546 2964,2509 1898,2455"/>
                <Baseline points="1907,2488 1959,2489 2011,2491 2063,2494 2116,2496 2168,2499 2220,2502 2273,2505 2325,2507 2377,2510 2430,2514 2482,2517 2534,2520 2586,2523 2639,2526 2691,2528 2743,2531 2796,2533 2848,2535 2900,2536 2953,2538"/>
                <TextEquiv>
                    <Unicode>seiner Bajazzo=Arie hervorströmt, wie er mit der</Unicode>
                </TextEquiv>
            </TextLine>
            <TextLine id="r2l35" custom="readingOrder {index:34;}">
                <Coords points="1890,2532 2937,2581 2930,2539 1892,2494"/>
                <Baseline points="1900,2531 1951,2533 2002,2535 2054,2537 2105,2539 2156,2542 2208,2544 2259,2547 2310,2550 2362,2552 2413,2555 2464,2557 2516,2560 2567,2563 2618,2566 2670,2568 2721,2570 2772,2573 2824,2575 2875,2578 2927,2580"/>
                <TextEquiv>
                    <Unicode>Träne in der Stimme auch Zuhörern Tränen zu er¬</Unicode>
                </TextEquiv>
            </TextLine>
            <TextLine id="r2l36" custom="readingOrder {index:35;}">
                <Coords points="1889,2584 2945,2624 2900,2582 1892,2533"/>
                <Baseline points="1900,2572 1951,2573 2003,2574 2055,2576 2107,2578 2158,2580 2210,2582 2262,2585 2314,2587 2365,2590 2417,2593 2469,2596 2521,2599 2572,2602 2624,2606 2676,2608 2728,2611 2779,2614 2831,2616 2883,2618 2935,2621"/>
                <TextEquiv>
                    <Unicode>spressen, jedenfalls aber wehmutsvolle Empfindungen</Unicode>
                </TextEquiv>
            </TextLine>
            <TextLine id="r2l37" custom="readingOrder {index:36;}">
                <Coords points="1893,2616 2426,2626 2809,2673 2899,2669 2938,2628 1894,2582"/>
                <Baseline points="1902,2615 1953,2616 2004,2617 2055,2619 2107,2621 2158,2623 2209,2626 2260,2628 2312,2631 2363,2634 2414,2636 2465,2639 2517,2642 2568,2645 2619,2648 2670,2650 2722,2653 2773,2655 2824,2657 2875,2659 2927,2661"/>
                <TextEquiv>
                    <Unicode>auszulösen versteht. Man hat auch im Hofopern¬</Unicode>
                </TextEquiv>
            </TextLine>
            <TextLine id="r2l38" custom="readingOrder {index:37;}">
                <Coords points="1892,2657 2843,2711 2933,2687 2891,2661 1894,2616"/>
                <Baseline points="1902,2653 1953,2656 2004,2658 2055,2661 2106,2663 2157,2665 2208,2668 2259,2671 2310,2673 2361,2676 2412,2678 2463,2681 2514,2683 2565,2685 2616,2688 2667,2691 2718,2693 2769,2696 2820,2699 2871,2702 2923,2705"/>
                <TextEquiv>
                    <Unicode>theater selten einen derartigen Orkan des Beifalls</Unicode>
                </TextEquiv>
            </TextLine>
            <TextLine id="r2l39" custom="readingOrder {index:38;}">
                <Coords points="1874,2694 2813,2753 2933,2725 1876,2662"/>
                <Baseline points="1884,2693 1935,2695 1987,2697 2039,2700 2091,2702 2143,2704 2195,2707 2246,2709 2298,2711 2350,2714 2402,2717 2454,2718 2506,2721 2558,2724 2609,2727 2661,2730 2713,2733 2765,2736 2817,2739 2869,2742 2921,2745"/>
                <TextEquiv>
                    <Unicode>vernommen, wie nachdem Caruso seine Arie beendet hatte.</Unicode>
                </TextEquiv>
            </TextLine>
            <TextLine id="r2l40" custom="readingOrder {index:39;}">
                <Coords points="1935,2732 2840,2794 2933,2781 2935,2749 1937,2702"/>
                <Baseline points="1944,2733 1995,2736 2047,2739 2098,2741 2150,2744 2201,2746 2253,2749 2304,2752 2356,2755 2407,2757 2459,2760 2510,2763 2562,2766 2613,2768 2665,2771 2716,2774 2768,2777 2819,2779 2871,2783 2923,2786"/>
                <TextEquiv>
                    <Unicode>Auch über Arthur Schnitzlers Pantomine</Unicode>
                </TextEquiv>
            </TextLine>
            <TextLine id="r2l41" custom="readingOrder {index:40;}">
                <Coords points="1889,2782 2885,2838 2931,2795 1891,2742"/>
                <Baseline points="1900,2774 1953,2775 2007,2777 2060,2779 2114,2782 2168,2784 2221,2787 2275,2789 2329,2792 2382,2795 2436,2799 2489,2801 2543,2804 2597,2808 2650,2811 2704,2814 2758,2817 2811,2820 2865,2824 2919,2827"/>
                <TextEquiv>
                    <Unicode>„Der Schleier der Pierrerre“känn ich mich</Unicode>
                </TextEquiv>
            </TextLine>
            <TextLine id="r2l42" custom="readingOrder {index:41;}">
                <Coords points="1867,2816 2927,2884 2930,2824 1869,2782"/>
                <Baseline points="1876,2814 1928,2816 1980,2818 2032,2821 2084,2823 2136,2826 2188,2828 2241,2831 2293,2834 2345,2837 2397,2840 2449,2843 2501,2846 2553,2849 2606,2852 2658,2854 2710,2857 2762,2860 2814,2862 2866,2864 2919,2866"/>
                <TextEquiv>
                    <Unicode>kurz fassen, da ja dieses gruselige, an die Nerven der</Unicode>
                </TextEquiv>
            </TextLine>
            <TextLine id="r2l43" custom="readingOrder {index:42;}">
                <Coords points="1879,2851 2920,2916 2908,2872 1881,2818"/>
                <Baseline points="1888,2857 1939,2859 1990,2861 2041,2863 2092,2866 2143,2867 2194,2870 2246,2873 2297,2875 2348,2877 2399,2880 2450,2884 2501,2886 2552,2889 2604,2892 2655,2895 2706,2897 2757,2900 2808,2903 2859,2905 2911,2908"/>
                <TextEquiv>
                    <Unicode>Zuschauer ganz ungewöhnliche Anforderungen stellende</Unicode>
                </TextEquiv>
            </TextLine>
            <TextLine id="r2l44" custom="readingOrder {index:43;}">
                <Coords points="1873,2904 2912,2954 2834,2906 1951,2873 1876,2843"/>
                <Baseline points="1882,2899 1933,2900 1984,2902 2035,2903 2086,2905 2137,2908 2188,2910 2239,2912 2290,2915 2341,2918 2392,2921 2443,2924 2494,2927 2545,2930 2596,2933 2647,2937 2698,2939 2749,2942 2800,2945 2851,2947 2903,2950"/>
                <TextEquiv>
                    <Unicode>Werk bereits in Deutschland gegeben wurde. Man</Unicode>
                </TextEquiv>
            </TextLine>
            <TextLine id="r2l45" custom="readingOrder {index:44;}">
                <Coords points="1874,2940 2848,2999 2912,2988 2914,2955 1876,2898"/>
                <Baseline points="1884,2943 1934,2944 1985,2945 2036,2946 2087,2948 2138,2951 2189,2953 2240,2955 2291,2957 2342,2960 2393,2962 2443,2965 2494,2968 2545,2970 2596,2973 2647,2976 2698,2979 2749,2980 2800,2982 2851,2985 2902,2986"/>
                <TextEquiv>
                    <Unicode>hätte, in Wien wenigstens, nicht erwartet, daß Arthur</Unicode>
                </TextEquiv>
            </TextLine>
            <TextLine id="r2l46" custom="readingOrder {index:45;}">
                <Coords points="1868,2983 2857,3040 2911,3001 1869,2951"/>
                <Baseline points="1878,2983 1929,2984 1980,2985 2031,2988 2082,2989 2133,2992 2184,2994 2235,2997 2286,2999 2337,3002 2388,3005 2439,3008 2490,3010 2541,3013 2592,3016 2643,3018 2694,3021 2745,3024 2796,3026 2847,3029 2899,3031"/>
                <TextEquiv>
                    <Unicode>Schnitzler zu Zeiten auch in die Fußstapfen des</Unicode>
                </TextEquiv>
            </TextLine>
            <TextLine id="r2l47" custom="readingOrder {index:46;}">
                <Coords points="1870,3028 2473,3036 2860,3083 2920,3041 1872,2985"/>
                <Baseline points="1881,3024 1932,3024 1983,3025 2035,3026 2086,3028 2137,3030 2189,3032 2240,3034 2291,3037 2343,3041 2394,3043 2445,3046 2497,3049 2548,3052 2599,3056 2651,3058 2702,3061 2753,3064 2805,3067 2856,3069 2908,3071"/>
                <TextEquiv>
                    <Unicode>„Gespenster=Hoffmann“ treten könne, daß er seine</Unicode>
                </TextEquiv>
            </TextLine>
            <TextLine id="r2l48" custom="readingOrder {index:47;}">
                <Coords points="1869,3072 2424,3076 2468,3106 2525,3083 2912,3126 2915,3065 1871,3025"/>
                <Baseline points="1878,3066 1929,3066 1980,3067 2031,3068 2083,3070 2134,3071 2185,3074 2236,3075 2288,3078 2339,3081 2390,3084 2441,3087 2493,3090 2544,3092 2595,3095 2646,3099 2698,3102 2749,3105 2800,3108 2851,3111 2903,3113"/>
                <TextEquiv>
                    <Unicode>hohen poctischen Gaben so sehr zu verleugnen ver¬</Unicode>
                </TextEquiv>
            </TextLine>
            <TextLine id="r2l49" custom="readingOrder {index:48;}">
                <Coords points="1859,3110 2880,3167 2906,3118 1861,3064"/>
                <Baseline points="1869,3105 1920,3106 1971,3107 2022,3108 2074,3110 2125,3112 2176,3114 2227,3117 2279,3120 2330,3123 2381,3125 2432,3128 2484,3131 2535,3134 2586,3137 2637,3141 2689,3144 2740,3146 2791,3149 2842,3151 2894,3154"/>
                <TextEquiv>
                    <Unicode>möchte wie in diesem sketchartig wirkenden Dramolet.</Unicode>
                </TextEquiv>
            </TextLine>
            <TextLine id="r2l50" custom="readingOrder {index:49;}">
                <Coords points="1862,3147 2910,3191 2897,3156 1864,3107"/>
                <Baseline points="1872,3147 1923,3148 1974,3149 2026,3151 2077,3153 2128,3154 2180,3157 2231,3159 2282,3161 2334,3163 2385,3166 2436,3169 2488,3172 2539,3175 2590,3177 2642,3180 2693,3182 2744,3185 2796,3188 2847,3191 2899,3193"/>
                <TextEquiv>
                    <Unicode>Die Musik Ernst v. Dohnänyis interessierte, wenn¬</Unicode>
                </TextEquiv>
            </TextLine>
            <TextLine id="r2l51" custom="readingOrder {index:50;}">
                <Coords points="1862,3193 2860,3247 2906,3229 2908,3190 1864,3147"/>
                <Baseline points="1872,3190 1923,3190 1974,3191 2025,3193 2076,3194 2128,3196 2179,3198 2230,3200 2281,3203 2332,3206 2384,3209 2435,3211 2486,3214 2537,3217 2588,3220 2640,3223 2691,3226 2742,3228 2793,3230 2844,3233 2896,3235"/>
                <TextEquiv>
                    <Unicode>gleich sie auf Originalität nur ganz geringen Anspruch</Unicode>
                </TextEquiv>
            </TextLine>
            <TextLine id="r2l52" custom="readingOrder {index:51;}">
                <Coords points="1851,3239 2202,3256 2272,3228 2513,3273 2905,3278 2891,3238 1853,3192"/>
                <Baseline points="1862,3228 1913,3229 1965,3230 2017,3233 2068,3234 2120,3236 2172,3239 2223,3241 2275,3244 2327,3247 2379,3249 2430,3252 2482,3255 2534,3258 2585,3261 2637,3263 2689,3266 2740,3268 2792,3270 2844,3272 2896,3273"/>
                <TextEquiv>
                    <Unicode>zu erheben vermag. Die Schlußvorgänge mit der</Unicode>
                </TextEquiv>
            </TextLine>
            <TextLine id="r2l53" custom="readingOrder {index:52;}">
                <Coords points="1844,3271 2799,3327 2912,3317 2914,3279 1846,3231"/>
                <Baseline points="1855,3268 1907,3269 1959,3270 2012,3272 2064,3274 2116,3275 2169,3278 2221,3280 2273,3282 2326,3284 2378,3287 2430,3290 2483,3293 2535,3295 2587,3298 2640,3301 2692,3305 2744,3308 2797,3311 2849,3314 2902,3317"/>
                <TextEquiv>
                    <Unicode>Leiche am Tische in dem verschlossenen Raum weckten</Unicode>
                </TextEquiv>
            </TextLine>
            <TextLine id="r2l54" custom="readingOrder {index:53;}">
                <Coords points="1843,3304 2906,3371 2908,3329 2729,3306 1845,3272"/>
                <Baseline points="1854,3308 1906,3309 1958,3311 2010,3313 2062,3315 2114,3317 2166,3319 2218,3322 2270,3325 2322,3327 2375,3330 2427,3333 2479,3336 2531,3339 2583,3343 2635,3345 2687,3348 2739,3351 2791,3354 2843,3357 2896,3360"/>
                <TextEquiv>
                    <Unicode>wirklahes Grauen und man atmete wie erlöst auf,</Unicode>
                </TextEquiv>
            </TextLine>
            <TextLine id="r2l55" custom="readingOrder {index:54;}">
                <Coords points="1845,3364 2855,3412 2904,3369 1847,3309"/>
                <Baseline points="1856,3348 1907,3351 1959,3353 2011,3355 2063,3357 2115,3360 2166,3362 2218,3364 2270,3366 2322,3370 2374,3372 2425,3374 2477,3378 2529,3380 2581,3383 2633,3386 2684,3388 2736,3392 2788,3395 2840,3398 2892,3401"/>
                <TextEquiv>
                    <Unicode>#der Vorhang zum letztenmale fiel. Die Aufführung</Unicode>
                </TextEquiv>
            </TextLine>
            <TextLine id="r2l56" custom="readingOrder {index:55;}">
                <Coords points="1846,3394 2789,3448 2862,3445 2886,3405 2325,3380 2289,3352 2243,3376 1848,3357"/>
                <Baseline points="1856,3389 1906,3391 1957,3393 2008,3396 2059,3398 2110,3401 2161,3403 2212,3405 2263,3407 2314,3410 2365,3412 2415,3415 2466,3417 2517,3420 2568,3423 2619,3425 2670,3427 2721,3430 2772,3432 2823,3435 2874,3438"/>
                <TextEquiv>
                    <Unicode>war eine außerordentlich gelungene, insbesondere Herr</Unicode>
                </TextEquiv>
            </TextLine>
            <TextLine id="r2l57" custom="readingOrder {index:56;}">
                <Coords points="1840,3425 2891,3478 2878,3431 1842,3390"/>
                <Baseline points="1850,3427 1901,3429 1953,3431 2004,3434 2056,3437 2107,3439 2159,3442 2210,3445 2262,3448 2313,3451 2365,3454 2417,3457 2468,3459 2520,3462 2571,3465 2623,3468 2674,3471 2726,3473 2777,3476 2829,3477 2881,3480"/>
                <TextEquiv>
                    <Unicode>Godlewski, der den Bräutigam meisterlich</Unicode>
                </TextEquiv>
            </TextLine>
            <TextLine id="r2l58" custom="readingOrder {index:57;}">
                <Coords points="1839,3480 2889,3528 2891,3487 2802,3477 1842,3426"/>
                <Baseline points="1849,3473 1900,3474 1952,3476 2003,3478 2055,3480 2106,3482 2158,3484 2209,3487 2261,3489 2312,3492 2364,3494 2415,3497 2467,3499 2518,3502 2570,3505 2621,3508 2673,3511 2724,3513 2776,3515 2827,3518 2879,3521"/>
                <TextEquiv>
                    <Unicode>tragierte, und Herr Czadill, ein Mimiker von her¬</Unicode>
                </TextEquiv>
            </TextLine>
            <TextLine id="r2l59" custom="readingOrder {index:58;}">
                <Coords points="1826,3519 2878,3575 2880,3535 2709,3509 1828,3481"/>
                <Baseline points="1837,3512 1888,3514 1940,3516 1991,3518 2043,3520 2095,3522 2146,3524 2198,3526 2249,3528 2301,3530 2353,3533 2404,3536 2456,3538 2507,3541 2559,3544 2611,3546 2662,3549 2714,3552 2765,3555 2817,3558 2869,3561"/>
                <TextEquiv>
                    <Unicode>vorragender Gestaltungskraft, endlich Fräulein</Unicode>
                </TextEquiv>
            </TextLine>
            <TextLine id="r2l60" custom="readingOrder {index:59;}">
                <Coords points="1823,3539 2046,3577 2890,3596 2882,3563 1824,3519"/>
                <Baseline points="1832,3553 1884,3554 1936,3556 1989,3558 2041,3560 2093,3562 2146,3564 2198,3566 2250,3568 2303,3571 2355,3573 2407,3576 2460,3579 2512,3582 2564,3584 2617,3587 2669,3590 2721,3593 2774,3596 2826,3598 2879,3602"/>
                <TextEquiv>
                    <Unicode>Jamrich als Pierette bildeten ein vortreffliches</Unicode>
                </TextEquiv>
            </TextLine>
            <TextLine id="r2l61" custom="readingOrder {index:60;}">
                <Coords points="1834,3597 2889,3651 2828,3604 1836,3548"/>
                <Baseline points="1843,3592 1894,3594 1946,3596 1998,3599 2050,3601 2102,3604 2154,3606 2205,3609 2257,3612 2309,3614 2361,3618 2413,3621 2465,3623 2517,3626 2568,3629 2620,3632 2672,3635 2724,3637 2776,3640 2828,3642 2880,3645"/>
                <TextEquiv>
                    <Unicode>Ensemblo“ Der Beifall war sehr dünn, kaum ein</Unicode>
                </TextEquiv>
            </TextLine>
            <TextLine id="r2l62" custom="readingOrder {index:61;}">
                <Coords points="1822,3647 2082,3671 2239,3646 2719,3706 2874,3678 2876,3649 1825,3596"/>
                <Baseline points="1832,3630 1883,3634 1935,3636 1986,3640 2038,3643 2090,3645 2141,3649 2193,3652 2245,3655 2296,3658 2348,3661 2400,3664 2451,3667 2503,3669 2555,3672 2606,3675 2658,3677 2710,3679 2761,3681 2813,3683 2865,3685"/>
                <TextEquiv>
                    <Unicode>Achtungsbeifall, in den sich eine grelle Opposition</Unicode>
                </TextEquiv>
            </TextLine>
            <TextLine id="r2l63" custom="readingOrder {index:62;}">
                <Coords points="1824,3709 1873,3714 1890,3703 1917,3710 1977,3677 1991,3688 2073,3702 2097,3698 2098,3679 2051,3663 2005,3664 1986,3650 1950,3649 1941,3639 1883,3639 1826,3652"/>
                <Baseline points="1835,3685 1860,3683 1885,3682 1910,3680 1935,3680 1961,3681 1986,3681 2011,3683 2036,3685 2061,3688 2087,3692"/>
                <TextEquiv>
                    <Unicode>mischte</Unicode>
                </TextEquiv>
            </TextLine>
            <TextEquiv>
                <Unicode>box 28/1
Telephon 12.801.
„ODSENVEN
I. öeterr. beh. konz. Unternehmen für Zeitunge¬
Ausschnitte und Bibliographie.
Wien, I., Conoordiaplatz 4.
Vertretungen
in Berlin, Brüssel, Budapest, Chicago, Cleveland, Christiania,
Genf, Kopenhagen, London, Madrid, Mailand, Minneapolis,
New-Vork, Paris, Rom, San Francisco, Stockholm, St. Peters¬
burg, Toronto.
enangabe ohne Gewähr.)
Berhner Bömen Courier, Berlin
Ausschnitt aus:
Morgenausgabe
vom:93
Unser Wiener Korrespondent schreibt uns: Ueber
die erste Sensation der neuen Theater¬
saison, über das Auftreten Enrico Caruso s,
das sich zu einem wahren und, wie ich gleich hinzu¬
fügen will, verdienten Triumph dieses großen Gesangs¬
künstlers gestaltete, habe ich Ihnen bereits telegraphisch
berichtet. Der Abend war für Caruso, wie er selbst
nach der Vorstellung äußerte, einer der ufregendsten
und hat an seine Nerven die höchsten Anforderungen
geftellt. War es doch nach einem halben Jahr das
erstemal, daß er wieder die Bretter betrat. Sein
herrliches Organ hat an Blüte, hat an Wohllaut, an
Zartheit des Ausdrucks nicht das Allermindeste einge¬
büßt. Ich brauche Ihnen Caruso als Canio, in seiner
berühmten Rolle, die wir indeß in Wien von ihm zum
allererstenmale zu hören bekamen, nicht zu schildern.
Sie wissen, welch ein Glutstrom der Empfindung aus
seiner Bajazzo=Arie hervorströmt, wie er mit der
Träne in der Stimme auch Zuhörern Tränen zu er¬
spressen, jedenfalls aber wehmutsvolle Empfindungen
auszulösen versteht. Man hat auch im Hofopern¬
theater selten einen derartigen Orkan des Beifalls
vernommen, wie nachdem Caruso seine Arie beendet hatte.
Auch über Arthur Schnitzlers Pantomine
„Der Schleier der Pierrerre“känn ich mich
kurz fassen, da ja dieses gruselige, an die Nerven der
Zuschauer ganz ungewöhnliche Anforderungen stellende
Werk bereits in Deutschland gegeben wurde. Man
hätte, in Wien wenigstens, nicht erwartet, daß Arthur
Schnitzler zu Zeiten auch in die Fußstapfen des
„Gespenster=Hoffmann“ treten könne, daß er seine
hohen poctischen Gaben so sehr zu verleugnen ver¬
möchte wie in diesem sketchartig wirkenden Dramolet.
Die Musik Ernst v. Dohnänyis interessierte, wenn¬
gleich sie auf Originalität nur ganz geringen Anspruch
zu erheben vermag. Die Schlußvorgänge mit der
Leiche am Tische in dem verschlossenen Raum weckten
wirklahes Grauen und man atmete wie erlöst auf,
#der Vorhang zum letztenmale fiel. Die Aufführung
war eine außerordentlich gelungene, insbesondere Herr
Godlewski, der den Bräutigam meisterlich
tragierte, und Herr Czadill, ein Mimiker von her¬
vorragender Gestaltungskraft, endlich Fräulein
Jamrich als Pierette bildeten ein vortreffliches
Ensemblo“ Der Beifall war sehr dünn, kaum ein
Achtungsbeifall, in den sich eine grelle Opposition
mischte</Unicode>
            </TextEquiv>
        </TextRegion>
    </Page>
</PcGts>
