3392 4384
229 168 1813 270 23. Der Schleiender Bierrette
429 752 1466 897 vem: Müithsl Aszeiger, Berlin
739 936 1226 1013 Theater und Musik.
736 1000 1243 1077 Deutsches Opernhaus.
437 1056 1597 1130 Ernst von Dohnányi, der als Pianist und Komponist der
359 1099 1595 1151 Besuchern der Berliner Konzertsäle wohlbekannt ist, hatte gestein
374 1143 1597 1203 zum ersten Male Gelegenheit, sich hier auf dramatischem Gebiet zu
367 1187 1597 1235 zeigen, und zwar gleich mit zwei Werken: der dreiaktigen Pantomine
373 1225 1605 1278 „Der Schleier der Pierrette“ und der einaktigen Oper „Tante
378 1264 1598 1320 Simona“. Das bedeutendere, die Pantomime „Der Schleier der
362 1303 1592 1371 Pierrette“, eine von Arthur Schnitzler—selbst vorgenommene
368 1346 1594 1381 Ummodelung seines Schauspiels „Der Schleier der Beatrice"
376 1379 1586 1424 das vor etwa zehn Jahren im Deutschen Theater unter
366 1418 1606 1476 der Direktion Brahm aufgeführt wurde, ist bereits auswärts mit
370 1451 1602 1500 Erfolg gegeben worden und fand auch gestern lebhafte und verdiente
369 1505 1605 1565 Anerkennung. Pierrette, die mit dem alternden Arlechino verlobt
367 1534 1591 1582 ist, stiehlt sich während einer Tanzfestlichkeit am Vorabend der
368 1581 1599 1640 Hochzeit aus dem Kreise der Gäste und besucht heimlich ihren ge¬
358 1620 1588 1673 liebten Pierrot. Sie wollen zusammen sterben, aber sie bringt den
361 1646 1595 1716 Mut nicht auf, den Giftbecher, aus dem er bereits getrunken hat,
369 1685 760 1744 ihrerseits zu leeren.
762 1685 1593 1758 Pierrot stirbt vor ihren Augen, und sie
363 1726 1239 1781 eilt unter Zurücklassung ihres Schleiers
1236 1734 1596 1793 bestürzt davon.
364 1772 1596 1832 In die Gesellschaft zurückgekehrt, wo der eifersüchtige, durch ihr langes
368 1813 1600 1859 Ausbleiben rasend gewordene Arlechino sie argwöhnisch beobachtet,
365 1855 1587 1900 glaubt sie überall die bleiche Gestalt des toten Pierrot zu sehen; der
354 1897 1592 1952 vergessene Schleier fällt ihr ein, den sie um jeden Preis wieder haben
373 1926 1589 1974 muß, und sie verschwindet abermals aus dem Kreise der Tanzenden.
370 1966 1579 2027 Aber Arlechino ist ihr bis in die Wohnung Pierrots unbemerkt gefolgt,
363 2010 1600 2065 wo der vergessene Schleier nun zum Verräter wird. In höchster Wut
362 2042 1594 2092 schließt Arlechino die Geängstete allein mit der Leiche ein; bei Pierrette
364 2086 1594 2143 bricht der Wahnsinn aus, und nach einem tollen Tanz sinkt sie zu
353 2123 1607 2187 den Füßen des toten Pierrot sterbend nieder. Der Stoff, der Heiteres
362 2165 1590 2205 und Grausiges, Tänzerisches und Schauspielerisches geschickt vereinigt
362 2203 1598 2271 und die Handlung in großzügiger Weise nur auf einige Hauptmomente
358 2239 1594 2309 beschränkt, eignet sich besonders gut für die pantomimische Darstellung.
352 2273 1592 2345 Der Komponist Dohnänyi arbeitet hier auch mit den rechten Mitteln;
356 2326 1603 2377 die Gegensätze sind gut gegeneinander abgewogen, die Musik weist
348 2358 659 2434 en nan
404 2432 1642 2538 Farben= und Erfindungsreichtum sowohl in den Tänzen, unter denen
410 2492 1628 2562 ein einschmeichelnder Walzer und ein hübsches Menuett Hervor¬
403 2518 779 2585 hebung verdienen,
777 2529 889 2581 wie
884 2538 970 2585 in
975 2545 1634 2606 den dramatischen und tragischen
405 2560 746 2616 Momenten auf.
742 2575 1636 2653 Eine vorzügliche Wiedergabe kam der Wir¬
400 2603 1634 2685 kung des Werkes noch besonders zu statten. Für die Rolle der
396 2633 1631 2732 Pierrette war die bekannte Schauspielerin Elsa Galafrés ge¬
400 2686 1634 2771 wonnen worden, die ihrer Aufgabe darstellerisch in ergreifender
395 2722 1064 2787 Weise gerecht wurde und auch
1071 2729 1635 2807 im Tanze viel natürliche
399 2754 1624 2852 Anmut entfaltete. Einar Linden (Pierrot) und Edwin Heyer
397 2805 1633 2882 (Arlechino) standen ihr ebenbürtig zur Seite. Innerhalb des
398 2839 1620 2925 reizvollen szenischen Rahmens, den der Maler Gustav Wunderwald
391 2880 1630 2966 für die Pantomime geschaffen hatte, kamen alle Einzelheiten der
391 2922 1619 2992 Handlung, auch die von der Ballettmeisterin Mary Zimmermann ein¬
390 2948 1623 3043 studierten Tänze, unter der geschickten Regie Dr. Hans Kaufmanns
390 2993 1626 3090 eindringlich zur Geltung. Die musikalische Leitung hatte der
380 3038 1438 3103 umsichtige und temperamentvolle Kapellmeister Krasselt.
1469 3060 1635 3125 Die
389 3093 1617 3162 einaktige Oper „Tante Simona“ (Text von Viktor Heindel), mit
382 3109 1622 3210 der der Abend eröffnet wurde, fand nur geteilten Beifall und dürfte
385 3152 1619 3240 sich kaum eines längeren Bühnendaseins zu erfreuen haben. Der
383 3193 1615 3277 Stoff, die Ueberlistung einer ehefeindlichen Tante durch ein Liebespaar
374 3233 1616 3318 und die glückliche Vereinigung der Liebenden, ist gar zu unbedeutend, und
383 3271 1618 3359 Dohnänyis Musik trifft für den leichtgewogenen Text nicht den rechten
378 3311 1614 3396 Stil. Das Rüstzeug der Instrumentierung ist viel zu schwer geraten. Die
376 3346 1602 3437 Stimmen der Sänger gingen im Orchesterschwall fast völlig unter, sodaß
368 3393 1605 3461 das Gesungene den meisten Zuhörern unverständlich blieb. Das war
367 3431 1611 3515 nicht die Schuld der Mitwirkenden, die durchweg gute Leistungen boten
378 3479 1606 3563 und alles daran setzten, der Oper zum Siege zu verhelfen; es waren die
368 3515 1611 3596 Damen Luise Marck, Eleanor Painter und Mizzi Fink, die Herren
371 3551 1606 3626 Ernst Lehmann, Karl Waschmann, ein bemerkenswerter, bisher in
372 3575 1555 3657 keiner lohnenden Aufgabe beschäftigter Tenor, und Eduard Kandl. —
363 3626 1597 3716 Der Aufführung wohnten Ihre Königlichen Hoheiten der Prinz und
364 3664 1454 3755 die Prinzessin August Wilhelm von Anfang bis zu Ende bei.
1958 148 2347 235 box 287
1909 1007 2305 1078 Aussehnltt aus:
2170 1006 2878 1159 Aihend -chdschau, Berlie
2042 1275 2954 1392 Hus dem Kunstleben.
1898 1397 3100 1476 Deutsches Opernhaus: „Tante Simona“, „Der Schleier
2310 1462 2693 1537 der Pierrette.“
1982 1523 3108 1589 Der Komponist der beiden Stücke, E. v. Dohnanyi,
1892 1568 3093 1606 zeigt sich in der einaktigen Spieloper „Tante Simona“.
1894 1610 3114 1674 noch unterwegs auf der Suche zu seinem eigenen Stil. Er
1905 1660 3118 1718 versucht es mehrfach mit dem Tempo Figaro, aber der leichte,
1900 1698 3114 1754 schwebende Stil des alten musikalischen Lustspiels liegt ihm
1898 1739 3114 1808 nicht recht. In seiner Musik ist etwas Zähflüssiges, und erst
1900 1772 3118 1852 wenn das Tempo langsamer wird, kann sie wirklich ansetzen¬
1896 1827 3105 1893 und etwas Eigenes entwickeln. Die beiden Duette, das des jungen
1895 1871 3110 1945 und das des alten Liebespaares, dürften noch am ehesten zeigen,
1905 1920 3108 1965 nach welcher Richtung Dohnanyis Bühnentalent hinweist. Es
1896 1963 3112 2026 ist die lyrische Oper, in der ihm, brauchbare Texte vorausgesetzt,
1898 2003 3108 2065 wohl mancher glückliche Wurf zuzutrauen wäre. — Noch mehr
1901 2045 3108 2114 Experiment als das erste ist das zweite Stück, „Der Schleier
1901 2093 3121 2153 der Pierrette“ eine von Arthur Schnitzler ent¬
1895 2133 3109 2194 worfene Pantomime in drei Bildern. Mit bewährten Theäter¬
1894 2183 3110 2242 mitteln hat Schnitzler die Geschichte vom traurigen Pierrot ge¬
1891 2223 3118 2284 steigert zu einer tragischen. Pierrette will sich, zur Höchzeit
1900 2272 3102 2309 mit Arlechino gezwungen, mit dem geliebten Pierrot nach einem
1887 2309 3101 2377 Abschiedssouper (zu dem sie sich vom Hochzeitsfest wegstiehlt)
1894 2348 3108 2418 gemeinsam vergiften. Sie findet schließlich nicht den Mut
1892 2404 3121 2463 zur Tat, und nur Pierrot sinkt tot nieder. In der Erregung
1892 2453 3111 2509 läßt sie den Brautschleier liegen und flieht zurück zur Hoch¬
1894 2491 3100 2562 zeitsgesellschaft. Als sie den Schleier wiederholen, will, folgt
1896 2526 3106 2600 ihr der eifersüchtige Arlechino. Er schließt sie ein beim toten
1897 2578 3107 2627 Pierrot, vor dessen Leiche sie sich wahnsinnig tanzt. — Es läßt
1900 2614 3107 2677 sich nicht behaupten, daß Dohnanyi die hier mit recht krassen
1894 2669 3108 2725 Kulissenmitteln arbeitende Schwarz=Weiß=Technik Schnitzlers
2379 2751 3119 2813 daß das Nebeneinander dieser
1893 2752 2350 2812 wienerisch gutmütig,
1888 2795 3111 2857 Lannermusik neben veristisch wilden Tönen zu wenig
1889 2838 3107 2912 ausgeglichen erscheint. An guten Einfällen, namentlich
1895 2882 3109 2925 im Instrumentalen, fehlt es aber auch hier nicht, und die Um¬
1885 2918 3101 2987 deutung des Tanzes in der Wahnsinnsszene ist so wirksam ge¬
1897 2954 3107 3026 geben, daß man Dohnanyi nur wünschen kann, er möge einen
1896 3010 3097 3075 ihm wirklich angemessenen Text aufspüren. — „Die“ Rolle des
1902 3057 3098 3121 Stückes, Pierrette, war Frau Elsa Galafrés anvertraut.
1891 3096 3099 3151 Ihre Leistung war der Gewinn des Abends. Im Wahnsinns¬
1896 3147 3096 3187 tanz wußte sie dieser neuen Dinorah=Variante eine Glaub¬
1895 3184 3097 3258 haftigkeit zu verleihen, deren nur eine wirkliche Künstlernatur
1899 3231 2093 3301 fähig ist.
2623 3236 3028 3306 Willy Pastor.
