3392 4352
531 195 644 269 De
297 195 1874 308 23 ## Schlefer der Pierrette
1119 557 1490 644 eiephen 125#1.
588 692 1292 770 „UDOENVEK
397 762 1528 809 L Jaterr. bebördl. konz. Unternehmen für Zeitangs-Ausschaltte
608 809 1341 891 Wien, I., Concordiaplatz 4.
824 872 1132 931 Vertretungen
408 908 1516 981 in Berlin, Basel, Budapest, Chicago, Cleveland, Christiante.
434 962 1525 1021 denf, Kopenhagen, London, Madrid, Mailand, Minnespoltz
439 999 1412 1059 v-Vork, Paris, Rom, San Francisco, Stockbolm, S# P
1475 1006 1526 1052 *
819 1020 1114 1093 burg, Toronto.
727 1075 1185 1132 (g —.
426 1133 855 1213 zsschnitt aus:
594 1186 1386 1296 24. MUJAN. 1910gpblet1
411 1241 600 1296 vom:
620 1413 1330 1489 Theater und Kunst.
606 1473 1317 1573 „Der Schleier der Pierette“.
474 1535 1434 1632 Nach SchnißtersDer Schleier der Beatrice",
879 1603 1448 1667 ohnanyi, Samstag zum
587 1638 1334 1714 erstenmal in der Dresdner Hofoper.)
990 1688 1413 1762 Dresden, 23. Jan.
566 1720 1444 1809 Bei Dohnanyis musikalischer Pantomime
462 1777 1448 1856 ist von Schnitzlers Werk nicht viel mehr übrig ge¬
450 1828 1441 1903 blieben, als das Skelett der Handlung. Aus der
455 1854 1453 1937 Tragödie des Dichters Filippo Loschi und der
456 1914 1449 1982 jungen Beatrice, der schönen Tochter des Bologneser
452 1959 1449 2027 Wappenschneiders, wurde das Schicksal Pierrots
458 1985 1436 2068 und der Pierrette. Aus dem von Cesare Borgia
455 2039 1442 2095 bedrohten Bologna des Cinquecento werden wir ins
446 2070 1443 2153 alte Wien der Biedermeierzeit geführt. Pierrot,
454 2117 1428 2196 Pierrette, Arlechino heben sich mehr dem Namen
447 2178 1430 2242 als ihrem Wesen nach aus dieser Umgebung hervor.
446 2210 1434 2273 Von ihrer Hochzeit mit Arlechino kommt Pierrette
449 2244 1436 2334 in Myrtenkranz und Schleier zu ihrem geliebten
439 2300 1436 2355 Pierrot, um vereint mit ihm zu sterben. Doch als
442 2342 1426 2400 sie das Glas mit dem Gifttrank an die Lippen
443 2376 1431 2458 setzt, verläßt Pierrette die Kraft, sie läßt es fallen
437 2422 1422 2497 und vor der Leiche des Geliebten von Entsetzen ge¬
438 2476 1426 2539 packt, eilt sie davon. Auf dem Hochzeitsfeste hat
434 2506 1436 2582 man sie vermißt. Der eifersüchtige Arlechino be¬
438 2560 1425 2628 merkt, daß sie ihren Schleier verloren hat. Sie
444 2589 1427 2678 aber glaubt den toten Pierrot mit dem Schleier zu
437 2620 1421 2716 erblicen und eilt ihm halb bewußtlos nach Arlechino
433 2676 1422 2745 jolgt ihr. Sie kommen in Pierrots Wohnung an
428 2727 1419 2784 sund finden den Schleier und den toten Pierrot,
430 2755 1419 2840 den Arlechino anfangs nur für betrunken hält.
438 2814 1417 2861 Von wahnsinniger Wut gepackt, begient er ein teuf¬
432 2843 1423 2917 lisches Spiel mit dem Toten. Er setzt ihn aufrecht
437 2889 1413 2961 an den Tisch, trinkt ihm zu und zwingt die fast
436 2940 1421 2988 ohnmächtige Pierrette, an dem furchtbaren Gast¬
432 2975 1423 3042 mahl teilzunehmen. Dann schließt er sie mit dem
429 3010 1420 3089 Leichnam ein und geht. Nun bricht der Wahnsinn
422 3065 1411 3136 bei Pierrette aus. Sie beginnt zu tanzen, tanzt
424 3095 1423 3159 und tanzt, bis sie zusammenbricht. Die herein¬
422 3153 1278 3217 dringenden Freunde Pierrots finden sie tot.
545 3191 1411 3275 Ernst von Dohnanyi hat es, wie Dr. Ernst
418 3223 1419 3305 Neufeldt in den „Dresd. Neuest. Nachr.“ ausführt,
427 3275 1415 3346 klug und geschmackvoll verstanden, das malende Ele¬
422 3321 1412 3371 ment der Musik für seine Zwecke zu verwenden.
425 3354 1422 3417 Von Einzelheiten seien nur die überaus graziösen
430 3394 1419 3479 und reizvollen Tänze erwähnt, die bald fröhliche
433 3450 1402 3507 Harmlosigkeit, bald Verzweiflung, endlich den an¬
420 3479 1407 3570 hebenden Wahnsinn malen. Die Differenzierung der
464 3609 1460 3686 Instrumente, die ja die eigentliche Instrumen¬
472 3668 1449 3712 tierungskunst ausmacht, ist bewunderungswürdig.
589 3715 1449 3769 Die Aufführung, unter v. Schuchs Leitung,
465 3765 1456 3818 war, was den musikalischen Teil anbelangt, über
473 3789 1451 3856 jedes Lob erhaben. Wie er den Walzer des zweiten
459 3833 1457 3881 Bildes ansetzt, wie er die Zwischenattmutt zum
465 3872 1456 3944 dritten Bilde auf einen mächtigen Gipsel hinan¬
466 3926 1457 3983 reißt — das ist ganz unerhört Immer wieder
473 3963 1454 4017 konnten Schuch und Dohnanyi inmitten ihrer Dar¬
467 4002 1464 4054 steller erscheinen. Die Hauptrollen lagen in den
474 4046 646 4102 Händen
651 4052 1472 4126 des Frl. Tervani und der Herrens
466 4088 919 4161 Sbt und Trede.
603 4131 697 4183 4
2028 219 2471 307 box 27/5
2603 955 2986 1053 Telephes 12.821.
2458 1016 2524 1085 P9
2119 1101 2797 1181 UBSERVER
1903 1171 3007 1243 I. österr. beherdl. konz Unternehmen für Zeitungs-Ausschaltte
2092 1218 2826 1296 Wier, I., Concordiaplatz 4.
2301 1276 2617 1344 Vertretungen
1902 1315 2999 1392 in Berlin, Basel, Budapest, Chicago, Cleveland, Chrtstianta,
1904 1370 3006 1441 Genf, Kopenhagen, London, Madrid, Malland, Minneapolts,
1888 1414 3003 1473 New-Vork, Paris, Rom, Sau Francisco, Stockholm, St. Petens¬
2299 1452 2606 1505 burg, Toronto.
2219 1481 2668 1548 (Qualien angabe ohss Oerühr.
1891 1547 2693 1635 Ausschnitt aus: 24 1 1976 :
1886 1644 2077 1706 vom:
2107 1616 2873 1747 Leipziger Neueste Nachrichten
2111 1749 2814 1851 Theater und Mulik.
1879 1833 3106 1906 Der Schleier der Pierrette. Pantomime in drei Bildern von
1810 1863 3098 1958 Arthur Schnitzler. Musik von Ernst von Dohnanyi. Ur¬
1809 1921 3100 2004 aufführung im königlichen Opernhause zu Dresden am 22. Januar.
1815 1954 3086 2015 (Telegramm unseres Dresdener musikalischen Mit¬
1812 1993 3092 2063 arbeiters.) Der als Klavierspieler und Komponist von Konzert¬
1817 2040 3103 2102 musik gut bekannte, in Berlin lebende Ungar Ernst von Dohnanyi#
1815 2073 3094 2136 betrat mit der Uraufführung der Pantomime „Der Schleier der Pier¬
1807 2116 3090 2188 rette“ zum ersten Male das Reich der Bühne. Der Vorgang beruht
1806 2149 3089 2211 auf einigen Szenen des dritten, vierten und fünften Aktes des Schau¬
1809 2190 3091 2261 spieles „Der Schleier der Beatrice“ von Schnitzler und ist vom Dichter
1804 2235 3095 2284 vor etwa sechs Jahren für die Pantomime zurecht gemacht worden.
1804 2267 3089 2347 Leiber, muß man sagen. Denn aus der Menschlichkeit des Schauspiels
1807 2311 3092 2362 ist ein schauerlicher Bühneneffekt geworden, eine Handlung, die mit
1796 2340 3093 2400 Grausen erfüllt. Pierrots Geliebte soll heiraten. Am Hochzeitsabend
1791 2384 3090 2459 läuft sie ihrem Bräutigam Arlekino davon in die Arme des Geliebten.
1791 2427 3086 2466 Sie bringt ihm Gift, damit sie beide gemeinsam in den Tod gehen
1795 2464 3083 2542 können. Pierrot trinkt, sie aber schandert vor dem Tode zurück und
1787 2500 3079 2567 begibt sich wieder auf die Hochzeit. Dort erscheint ihr der tote Pierrot
1791 2543 3085 2609 mehrmals als Geist. Sie muß ihm folgen. Der Bräutigam geht ihr
1785 2597 3077 2645 nach. In der Wohnung Pierrots findet er den Toten. Nun zwingt
1790 2626 3080 2684 er die Braut, mit dem toten Geliebten an einem Tische zu sitzen und
1785 2659 3073 2719 ihm zuzutrinken und schließt sie mit dem Leichnam zusammen in das
1783 2690 3077 2758 Zimmer ein. Das arme Weib wird wahnsinnig, tanzt vor der Leiche
1783 2740 3074 2793 des Geliebten einen schrecklichen Tanz und sinkt tot nieder. Der Vor¬
1776 2779 3075 2823 gang ist wohl das Fürchterlichste, was je auf der ernsthaften
1779 2813 3076 2863 Bühne geboten worden ist, und der Gedanke, daß die Nerven¬
1781 2855 3070 2899 stücke französischer Herkunft, die vor etwa acht Jahren die Haare
1791 2885 2185 2943 sträuben machten,
2216 2887 2673 2945 Schnitzler beeinflußt
2700 2897 2846 2950 haben
2852 2893 3075 2951 könnten,
1786 2929 3070 2992 drängt sich auf. Was die Musik zu geben hat, verrät viel Talent,
1783 2962 3070 3020 sowohl allgemein musikalisches als auch speziell für die Anforde¬
1784 3013 3071 3070 rungen der Bühne. Die Handlung bietet an sich Abwechselung, und
1784 3047 3077 3102 diesen verschiedenen Stimmungen hat sich Dohnanyi durchaus ge¬
1780 3089 3066 3143 wachsen gezeigt. Die schwungvolle Tanzmusik bei der Hochzeit atmet
1782 3120 3058 3188 Lust und Freude. Ein Walzer mit so viel Glut und stürmendem Tem¬
1778 3166 3065 3205 perament ist lange nicht dagewesen. Doch der Bräutigam zerbricht
1780 3203 3067 3267 wütend die Instrumente der Musiker, und nun spielen diese mit ihren
1780 3243 3060 3299 verstümmelten Instrumenten einen furchtbaren Galopp, ein Stück Höl¬
1777 3273 3054 3322 lenmusik, das einem Berlioz Ehre gemacht haben würde. Die Unter¬
1780 3306 3065 3380 malung der grausen Vorgänge legt sich naturgemäß besonders schwer
1772 3350 3053 3404 auf die Nerven, und das letzte Bild, das ganz davon erfüllt ist, ist
1784 3391 3066 3450 herzbeklemmend niederdrückend. Diese schwermütigen Momente durch¬
1786 3439 3056 3495 ziehen das ganze Stück. Hier zeigt sich etwas der Neuling, doch hat
1785 3473 3062 3533 die Musik Schwung und vor allem sehr viel Leidenschaft. Auch ist sie
1771 3507 3062 3579 gut aufgebaut, zeigt an einzelnen Stellen gut fesselnde Polyphonie und
1778 3550 3051 3611 hat, was vor allem zu schätzen ist, lange Linien. Sie zerfällt nicht.
1778 3587 3051 3644 Ein paar hervorstechende Leitmotive legen sich schnell ins Ohr. Die
1781 3619 3062 3684 lebenssprühende Dirigierkunst Schuchs brachte die Musik wirkungs¬
1775 3665 3051 3711 voll zur Geltung. Die Hauptrolle, die Pierrette, gab Irma Ter¬
1767 3700 3059 3760 vani. Ihr Körper war sehr ausdrucksvoll, ihr Mienenspiel ein klein
1777 3745 3051 3800 wenig hart in der Angst. Man konnte kein rechtes Mitleid mit ihrem
1775 3774 3040 3837 Geschick haben. Doch riß sie das Publikum zu lebhaftem Beifall hin,
1768 3820 3038 3873 der auch außer dem der Vorstellung beiwohnenden Komponisten und
1769 3858 3051 3903 dem Dirigenten, den verständnisvoll agierenden Herrn Soot (Pierrot)
1749 3894 2315 3952 und Trede (Arlekino) galt.
2891 3896 3023 3954 Th.
