3436 4384
1990 129 2426 222 box 28/1
251 145 1851 258 23. Der Schleiender- Pierrette
762 1306 1196 1395 #-Lenaagabe ohne Gewähs).
463 1372 1550 1461 #schnitt aus Deutsche Tageszeitung, Berlin
623 1461 1152 1606 10 APRil 1913
477 1500 769 1596 #s von ug cumunt
1857 1683 3019 1748 Dafür interessierte uns musikalisch um so mehr „Der
790 1706 1567 1800 Deutsches Opernhaus.
1755 1729 3023 1797 Schleier der Pierrette“ Arthur Schnitzler hat unter seinen
628 1773 3031 1840 Mir ist mehr als ein sehr begabter deutscher Tondichter zumeist sehr minderwertigen Dramen ein besovers schlechtes
540 1841 3010 1896 betannt, dem es trotz allem Talente bisher nicht gelingen geschrieben, das den Titel führt „Der Schleier der Beatrice“.
1784 1865 3021 1922 Als Dr. Paul Schlenther noch Direktor des Hofburatheaters
551 1897 1781 1951 konnte, in Berlin aufgeführt zu werden, sei es im Konzert¬
1791 1915 3022 1970 inWien war,weigerte er sich in einem seiner lichten Momente,
550 1939 1787 1998 saal, sei es auf der Bühne. Die Ausländer haben da in des
1783 1959 3022 2015 dieses Stück aufzuführen, worüber unter dem Anhange von
543 1983 1792 2050 Deutschen Reiches Hauptstadt weit besseres Fortkommen wo¬
1781 1979 3029 2053 Schnitzler ein großes „Geseires“ anhub. Der „Schleier der
556 2026 1789 2101 für der Magyare E. von Dohnänyi wieder mal ein drastisches
1789 2046 3032 2102 Beatrice“ wurde dann in sämtlichen Theatern, die ihn durch¬
550 2077 1792 2136 Beispiel liefert. Vor drei oder vier Jahren noch eine un¬
1777 2088 3032 2146 aus wehen lassen wollten, vom Publikum grausam zerfetzt.
548 2131 3030 2177 bekannte Größe — gestern mit zwei Werken im „Deutschen Schade um die Fetzen, sagte sich Arthur Schnitzler, und ähn¬
540 2172 1795 2231 Opernhaus“ aufgeführt! Wir gratulieren zu dieser raschen
1793 2172 3033 2240 lich wie seine Artgenossen aus einem zerschlissenen Rocke noch
556 2213 1784 2271 Laufbahn, können uns aber um so weniger mit dem befreun¬
1785 2221 3028 2282 immer eine brauchbare Mütze anzufertigen wissen machte
543 2254 1797 2306 den, was E. von Dohnänyi als Komponist geschaffen hat.
1782 2258 3028 2326 er daraus eine Pantomime die Dohnänyi in Musik setzte.
548 2292 3030 2365 Seine Spieloper „Tante Simona“ krankt zunächst an einem Am besten gefiel mir der Walzer und das Menuett. Das
539 2340 1782 2400 Libretto, dessen Inhalt geradezu ehrfürchtigen Alters ist.
1787 2352 3015 2404 andere ist Geistreichelei geschickt gemacht, aber weder in den
554 2379 3024 2463 Daß eine Jungfrau infolge einer Enttäuschung bei der ersten Motiven noch in deren Durcharbeitung Eigenbau. Reich
541 2434 3020 2522 Liebe zur Männerfeindin wird, sich aber just in jenem gefähr beladen mit Beute würde da jeder Reminiszenzenjäger
542 2477 1788 2529 lichen Wendepunkte wo im Hochsommer die ersten welken
1774 2484 2713 2548 heimkehren, der diese Partitur durchstreifte!
547 2518 1792 2566 Blätter zur Erde niederrascheln, mit ihrem unvermählt ge¬
1847 2516 3028 2599 Die Wiedergabe beider Werke war eine sehr gute, wie
551 2564 1790 2619 bliebenen Jugendfreunde zusammenfindet, um zu erfahren.
1791 2566 3018 2634 man dies ja gewohnt ist bei dem Deutschen Opernhaus in
540 2595 1792 2656 daß sie zu hastig bei dem Bruche war, und in später Ehe ein
1794 2617 3033 2675 Charlottenburg. Für die Pierrette hatte man Frau Elsa
547 2650 1802 2711 spätes Glück zu finden hofft — wie oft wurde dieses Thema
1787 2646 3044 2738 Galafres aus Wien gewonnen, die eine glänzende Leistung
553 2696 1795 2757 schon abgewandelt in allen Tonarten. Nur zumeist unter¬
1788 2712 1902 2767 bot.
2909 2714 2988 2794 8.
553 2742 1787 2807 haltsamer wie von Victor Heindel. Daß zu dieser lang¬
550 2783 1799 2823 weiligen Geschichte, die erfreulicherweise nur einen Akt
546 2819 1794 2883 dauert, dem Komponisten nichts Vernünftiges einfiel, sei
553 2868 1796 2924 ihm gnädigst verziehen. Man tut am besten, über diesen Ein¬
561 2898 1806 2993 akter den Schleier der Vergessenheit möglichst rasch zu ziehen.
