3436 4384
560 169 1437 228 es an ein und demselben Abend die beiden
553 213 1445 277 Bühnenwerke Ernst von Dohnanyis, näm¬
555 267 1433 324 lich die einaktige Spieloper „Tante Simona“
556 317 1439 368 und die Pantomime „Der Schleier der
566 348 1434 416 Pierrette“ herausbrachte. Die beiden Stücke
567 402 1449 474 sind derartig weit von einander verschieden, daß
562 448 1447 524 man fast den gemeinsamen Komponisten darüber
565 510 740 568 vergißt.
614 556 1451 600 Die Handlung zu „Tante Simona“ ist im Stil
566 587 1449 644 der älteren Spieloper geschrieben. Einfach, be¬
560 639 1452 686 scheiden, biedermeierlich, aber nett und manchmal
554 668 1447 730 auch ganz hübsch lustig. Ein Erholungsstück nach
563 716 1441 761 der Geschmacksverirrung des „Mädchens aus dem
561 747 1442 796 Goldenen Westen“. Daß die durch einen frühe¬
568 784 1443 824 ren Aufsitzer anti=männlich gesonnene Tante
566 839 1447 873 Simona ihr Nichtchen Beatrice nicht vor der Be¬
569 865 1447 910 kanntschaft mit dem Mann bewahren kann, ist
564 894 1454 950 selbstverständlich. Und doß dieser Mann, natür¬
566 947 1449 988 lich ein Graf, als Gärtner verkleidet, schon in
563 976 1459 1019 Tante Simonas Hause weilt, gehört zu den üb¬
564 1023 1456 1069 lichen Verwicklungen der komischen Oper schon
572 1052 1447 1107 seit der Lortzingschen Zeit. Und daß schließlich
570 1097 1459 1139 die Beatrice ihren Grafen kriegt, und daß Tante
564 1142 1459 1178 Simona sogar noch den Mann (natürlich auch
571 1177 1460 1229 ein Graf) bekommt, der sie erst verließ, gehört
571 1215 1242 1258 durchaus zur Natur der Spieloper.
628 1234 1459 1292 Dohnanyis Musik ist hier frisch und wirklich
562 1281 1455 1329 heiter, nicht gerade originell (das ist sie ja bisher
570 1329 1460 1379 überhaupt nie gewesen), aber sehr fein und deli¬
572 1367 1464 1421 lat gearbeitet. Einige hübsche musikalische
563 1400 1466 1462 Scherze wurden vom Publikum erkannt und be¬
563 1448 1465 1488 lacht. Warum am Schluß dieser harmlosen Sache
563 1485 1452 1525 ein leiser Protest eintrat, ist nicht zu verstehen.
628 1523 1454 1566 Schwerer gibt sich Dohnanyi im „Schleier
569 1553 1460 1612 der Pierrette“ einer pantomimischen Be¬
573 1592 1459 1664 arbeitung von Arthur Schnitzlers „Der
583 1641 1467 1692 Schleier der Beatrice“, die der Dichter selbst
576 1669 1459 1721 für den Komponisten gemacht hat. Das liegt
586 1710 1470 1759 natürlich am Stoff, der eine Tragödie in der
573 1750 1386 1794 Familie der Pierrots zum Gegenstande hat.
637 1794 1467 1844 Pierette soll den Harlekin heiraten. Sie liebt
580 1826 1467 1874 aber den Pierrot. Am Hochzeitsabend geht sie
573 1860 1457 1909 zu ihm, um Abschied zu nehmen. Er will sie
581 1906 1466 1958 verleiten, mit ihm aus dem Leben zu scheiden,
572 1934 1473 1997 trinkt den Gifttrank und stirbt, während Pierrette
577 1988 1466 2040 schaudernd dabei steht und nicht den Mut findet.
572 2032 1481 2069 ebenfalls zu trinken. In Pierettes Elternhaus
578 2059 1468 2104 wartet die Hochzeitsgesellschaft auf sie, und
579 2099 1478 2138 Harlekin verlangt immer heftiger nach ihr. Als
581 2134 1467 2189 sie kommt, hat sie ihren Brautschleier nicht mehr.
587 2174 1474 2231 Sie soll ihn holen, und Harlekin geht mit. In
579 2202 1471 2265 Pierrots Wohnung angekommen, hält er den
582 2245 1474 2320 Toten für betrunken, will ihn erwecken und sich
591 2282 1483 2327 rächen. Dann, als er sieht, daß sein Rivale
587 2325 1470 2370 schon aus dem Leben geschieden ist, setzt er ihn
589 2356 1475 2421 in einer grausigen Positur auf das Sofa. Und
589 2390 1473 2446 schließt Pierrette mit dem Toten zusammen ein.
593 2438 1485 2483 Sie beginnt einen immer wilder werdenden
586 2473 1477 2520 Wahnsinnstanz und stürzt am Ende tot zu Füßen
594 2522 1487 2571 des dahingeschiedenen Liebsten nieder. Daß
586 2550 1487 2615 Dohnanyi hier mit seiner Musik mehr geben
596 2587 1477 2655 möchte, als er kann, merkt man vom ersten Takt
596 2626 1490 2679 an. Er sucht nach bedeutsamen Motiven, findet
596 2665 1493 2727 aber nur alltägliche Phrasen, die wohl zur Hand¬
595 2704 1490 2768 lung passen, aber in keinerlei Weise die zu¬
586 2748 1482 2792 sammenraffende Kraft in sich bergen, wie man sie
601 2783 1481 2846 z. B. bei Straoinskys „Feuervogel“ oder gar
596 2823 1482 2876 „Petruschka“ wahrnehmen konnte. Immerhin
601 2857 1497 2915 trifft Dohnanyi gewisse dramatische Akzente mit
599 2896 1494 2956 guter Sicherheit und steigert seine Musik ge¬
590 2935 1121 2996 legentlich ganz vortrefflich.
663 2969 1493 3029 Die Aufführung von „Tante Simona“ war
605 3022 1487 3068 sicherlich besser als die der Pantomime. In
599 3050 1491 3108 der Spieloper zeichneten sich aus Eleanor
601 3088 1497 3142 Painter als ganz reizende Nichte Beatrice,
606 3124 1496 3180 Louise Marck als Tante und Mizzi Fink als
609 3168 1487 3218 Föschen. Die Männer, Herren Ernst Lehmann
602 3214 1499 3259 und Karl Waschmann, kamen mit ihren
612 3246 1488 3297 Stimmen nicht recht gegen die Akustik des
615 3289 1495 3345 Theaters auf. In der Pantomime vermißte man
614 3324 1499 3379 die eigentliche Leichtigkeit, die Körperlosigkeit der
605 3361 1502 3420 Darsteller, die unbedingt erforderlich ist bei dieser
613 3419 1505 3456 Kunstgattung. Wenn auch Elsa Galafrés
609 3439 1497 3498 (Pierette), Einar Linden (Pierrot) und Edwin
617 3498 1494 3538 Heyer (Harlekin) sich sichtlich alle Mühe gaben,
624 3512 1507 3584 leicht und graziös zu spielen, so blieb es doch
607 3556 1494 3610 nur bei der Mühe. Man hätte Nijinsky, die
612 3595 1510 3660 Karsavina oder die Pawlowa in den Haupt¬
613 3633 1496 3685 rollen sehen mögen: die haben uns leider zu
955 3671 1506 3729 In die musikalische Leitung
628 3682 924 3740 sehr verwöhnt!
627 3720 1501 3774 teilten sich Kapellmeister Krasselt und der
1264 3808 1510 3875 bof unom
665 3795 887 3873 ögeid 4
658 3858 1519 3921 Inog 0 uda ungupc ubfahh#ag ung un
604 3871 1515 3953 gage## #lbeig a#nb ahsl dig qusahy# Ujinodwog
2036 294 2759 394 usdische Allgemeine Zeitung,
2243 378 2442 443 Berhn.
1767 432 2243 549 10 APRIL 19
2066 721 2637 808 Theater und Musik.
1822 792 2941 846 W. A. Am Mittwoch ist Ernst von Dohnanyi be
1761 832 2943 894 ins endlich und zwar im Deutschen Opernhause zu
1745 880 2950 944 Tharlottenburg als dramatischer Komponist zu Worte gekommen.
1745 941 2960 981 Dieser ungarische Tonsetzer, der 1877 geboren ist und als seinen
1753 965 2955 1028 Theorielehrer Hans Koeßler dankbar verehrt, wirkt bekanntlich
1746 1005 2951 1067 seit 1908 an unserer Königlichen Hochschule für Musik und hat
1749 1044 2964 1128 sich nicht bloß durch sein Klavierspiel, sondern vor allem durch
1748 1088 2956 1171 eine Reihe wertvoller Kompositionen (Klarier= und Violoncell¬
1742 1128 2958 1223 konzert, Symphonie, zwei Streichquartette, Klavierquintett,
1758 1196 2972 1244 Violoncell= und Violinsonate, Klavierstücke) einen großen
1747 1218 2969 1280 Namen erworben. Zur Aufführung gelangte seine als op. 20
1759 1266 2940 1334 veröffentlichte einaktige Lustspieloper „Tante Simona“
1758 1306 2974 1378 deren Uraufführung erst am 22. Januar im Dresdener Hoftheater
1762 1363 2977 1433 stattgefunden hat, und das Mimodrama (in 3 Bildern) „Der
1768 1395 2973 1465 Schleier der Pierrette“ (op. 18), dessen Bühnen¬
1767 1428 2972 1514 wirksamkeit nach der Dresdener Uraufführung im Januar 1910
1768 1506 2652 1565 bereits von vielen Bühnen erprobt worden ist.
1846 1516 2972 1593 Die Dichtung dieses Mimodramas hat Arthur Schnitzler
1764 1563 2979 1644 bekanntlich nach seinem sehr häufig aufgeführten „Schreier der
1763 1636 2980 1677 Beatrice“ bearbeitet. Er hat die Handlung nach Alt Wien in
1770 1650 2982 1722 die Biedermeierzeit verlegt und dabei merkwürdigerweise die
1774 1704 2986 1772 Personen der „Commedia del arte“ nachgebildet. Im ersten
1775 1742 2987 1817 Bild sehen wir Pierrot in seinem großen Schmerz, weil seine
1759 1787 2987 1861 heißgeliebte Pierrette mit Harlekin vermählt werden soll. Sie
1771 1827 2985 1909 erscheint im Brautschleier bei ihm und will ihn veranlassen,
1761 1877 2922 1963 noch einmal mit ihr fröhlich zu sein und dann g
1761 1919 2984 1986 meinsam Gift zu nehmen. Er geht auch darauf ein, aber
1766 1971 2979 2038 während er das Gift trinkt und tot niederfällt, hat sie nicht
1763 2000 2990 2081 den Mut, ihm in den Tod zu folgen. Entsetzt flieht sie, läßt
1769 2053 2985 2125 aber in der Eile ihren Schleier zurück. Auf der Hochzeit wird
1771 2094 2981 2161 sie schon sehr vermißt. Harlekin ist wütend. Ihr Erscheinen
1779 2145 2990 2211 besänftigt ihn, er tanzt mit ihr. Da erscheint, nur ihr sichtbar,
1770 2181 3001 2254 zu ihrem großen Schrecken drohend der tote Pierrot. Das
1776 2229 2983 2297 Fehlen des Brautschleiers wird von Harlekin bemerkt; er
1784 2266 2995 2340 will wissen, wo er geblieben ist. Pierrette eilt nach Pierrots
1780 2312 2991 2389 Wohnung, um ihn zu holen. Harlekin geht ihr nach und
1780 2351 2991 2427 erkennt ihr Verhältnis zu dem Toten. Er schließt sie bei
1777 2398 2995 2473 diesem ein. In ihrer Angst fängt sie zu tanzen an und hört,
1774 2444 2999 2504 vom Wahnsinn ergriffen, nicht eher auf, als bis sie neben
1779 2489 2999 2555 Pierrot tot niederfällt. Die lustig hereintanzenden Freunde
1787 2541 2716 2598 Pierrots finden zu ihrem Entsetzen die Leichen.
1879 2576 2993 2647 Dieses gruselige Drama soll den Zuschauern nur durch das
1796 2625 3012 2692 Mienenspiel der Darsteller klargemacht werden. Diese dem
1797 2660 2998 2728 Ballet naheverwandte Kunstgattung des Mimodramas war bis¬
1792 2696 3002 2780 her nur durch Henri Berenyis „Die Hand" und André
1787 2749 3004 2825 Wurmsers „Der verlorene Sohn“ weiteren Kreisen bekannt ge¬
1795 2793 3001 2862 worden. Beide Tonsetzer hatten in wirksamster Weise die
1800 2839 3011 2915 Darsteller durch ihre Musik unterstützt. Auch Herrn
1792 2878 3005 2951 von Dohnanyi ist dies in hohem Grade gelungen.
1791 2927 2897 2987 Seine Musik ist in hohem Grade dramatisch,
1789 2975 2993 3050 ungemein packend, sie paßt sich jeder vom Dichter ge¬
1804 3002 3006 3086 wünschten Stimmung und Situation vortrefflich an, enthält
1803 3055 3006 3145 also auch sehr wirksame Gegensätze und ist prachtvoll instru¬
1795 3096 3009 3189 mentiert. Auch die Leitmotive, die gelegentlich etwas wagnerisch
1809 3143 3017 3223 anmuten, während das Werk sonst im allgemeinen durchaus
1809 3200 3007 3258 eine eigenartige, persönliche Note aufweist, sind brillant ver¬
1800 3228 3023 3291 arbeitet. Vor allem seien das Liebesschmerzmotiv Pierrots
1801 3272 3028 3342 und das auf seine Liebe zu Pierrette hindeutende Motiv wegen
1798 3318 3023 3375 ihrer Plastik hervorgehoben. Ein hübscher Gedanke war es,
1801 3356 3023 3441 bei der Stelle, wo das Gift genommen wird, die
1805 3403 3021 3473 entsprechende aus „Tristan und Isolde“ zu zitieren. Den:
1813 3443 3022 3513 Höhepunkt der Musik bedeuten das Erscheinen des
1821 3501 3022 3561 toten Pierrots während eines gespenstischen Galopps und der
1822 3537 3027 3603 etwas an Saint=Saëns' Totentanz erinnernde Schlußtanz der
1822 3575 3023 3651 Pierrette. Ganz reizend ist der altwienerische Ländlerwalzer der
1814 3614 3027 3693 Freunde und Freundinnen Pierrots, die ihn im ersten Bild
1812 3670 3032 3736 trösten wollen; durch Flottheit und Schneid ist der Walzer beim
1824 3706 3031 3777 Hochzeitsfest ausgezeichnet; sehr hübsch ist auch die Quadrille,
1825 3764 3019 3820 reizend das Menuett; vor allem aber interessieren die hoch¬
1827 3795 3032 3879 tragischen Momente in der Musik. Diese scheinen mir
1832 3839 3022 3918 Dohnanyis Stärke ganz besonders zu sein. Hoffentlich findet
1832 3882 3022 3952 er bald ein wirklich gutes Textbuch zu einer tragischen Oper,
1820 3938 2585 4004 die dann hervorragend ausfauen dürfte.
1910 3967 3025 4040 Daß ihm der Lustspielton bei weitem nicht so gut liegt,
2317 4021 3027 4076 in der „Tante Simona“ bewiesen.
1826 4032 2255 4095 das hat er — leider
1822 4057 3030 4131 Mir ist es direkt unbegreiflich, wie er sich zur Vertonung dieses
1827 4098 3029 4174 unglaublich harmlosen, jeder Eigenart entbehrenden Librettos
2897 4142 3010 4194 Iinen.
