3392 4320
232 136 445 210 23
1976 135 2360 210 box 28/
434 113 1820 229 Der Schleier der Pierrette
442 1161 2197 1215 Wontnen. Ste Mbe Miinet Megt und meht nemerel, baleummmen und Woten einen Verertene...
436 1208 505 1268 92
1482 1247 3338 1300 schwer zu beheben sein wird. Darstellerisch hatte diese ungewöhnlich „etevetete“ Pensionsglucke mit
431 1245 1483 1311 Es fehlte an der Fähigkeit, sich auf den Ernst und die
1485 1297 2526 1346 Brünhild etwas Starres, Unbewegliches: ihre Seele
2508 1299 3334 1339 Würde und bewahrte auch die Haltung, als
436 1298 1480 1349 Tragik dieses Kunstwerkes einzustellen und die Folge
1484 1325 2521 1379 schien auch im höchsten Affekt nicht in der Rolle aufzugehen,
2517 1314 3321 1372 abend ihres Geburtstages ein wenig zu tief
441 1336 1478 1393 war eine recht fatale, geräuschvolle Unaufmerksamkeit,
1476 1352 2520 1402 sondern gleichsam parteilose Zuschauerin zu bleiben.
2514 1357 3339 1409 schaut hatte. Die Backfische, zwölf an der Zah
442 1363 1490 1428 vor der man sich unter anderen Umständen wohl gehütel
1488 1393 2521 1443 Damit ist aber auch der Hörer zur Gleichgültigkeit ver¬
2518 1389 3340 1446 allen von den Damen Wenaldy, Gettke
435 1422 1475 1464 hätte. Das naivere Publikum der oberen Ränge war
1489 1436 2515 1483 urteilt. Das Stadttheater in Düsseldorf hat jedenfalls
2504 1426 3333 1478 jProbst ganz allerliebst dargestellt, doch auch
439 1445 1491 1502 diesmal dem Parkett an Verständnis entschieden überlegen
1488 1463 2514 1510 gut daran getan, sich seine nächstjährige Brünhild aus
2508 1473 3334 1516 neren und kleinsten Sprechaufgaben beschäftigt
439 1488 1490 1546 und bereitete der Pantomime jene herzliche Aufnahme,
1490 1492 2517 1546 Breslau und nicht aus dem näheren Elberfeld zu holen.
2512 1503 3330 1547 mädel waren ganz so lustig und schelmisch, w
427 1523 1482 1575 die sie in so vorzüglicher Darstellung wohl verdiente und
1485 1522 2213 1580 Wir aber werden weiter suchen müssen.
2510 1534 3322 1589 Autoren gedacht haben. Eine besondere H
428 1555 1494 1617 die ihr bei den folgenden Aufführungen hoffentlich treu
2510 1563 3336 1617 brachte noch Frl. von Helling in die
1853 1576 2166 1638 Lobe=Theater.
433 1599 1496 1657 bleiben wird. Man darf nur nicht auf Jean Gilbert ein¬
2516 1603 3327 1657 Schar durch ihre drastische Verkörperung e
1555 1624 2528 1681 Alsich noch im Flügelkleide. Die modernen!
2516 1632 3320 1690 robusten, baßsprechenden Riesenbackfisches. 2
442 1638 1497 1707 gestellt zu sein wenn man kommt, um Schnitzler und
1487 1657 2520 1711 Bühnenautoren machen es den an der unteren Alters¬,
2510 1667 3314 1723 gessen Frau Mäder=Stegemann, die
438 1670 847 1737 Dohnänyi zu hören.
1480 1701 2520 1751 grenze der Gesellschaftsfähigkeit stehenden jungen Damen
2516 1716 3330 1755 derben „Auguste, Mädchen für alles“ manchen
518 1715 1477 1773 Vor dem „Schleier der Pierrette“ spielte man das
1490 1737 2513 1780 im allgemeinen nicht leicht, das Theater an anderen als an
2509 1736 3335 1798 Heiterkeitssondererfolg holte. Die Studenten
434 1745 1486 1802 reizende Alt=Wiener Singiviel „Brüderlein fein“
1487 1771 2521 1817 Klassiker=Abenden zu besuchen. Das obligate „Das ist noch
2510 1773 3332 1826 den Herren Machold, Gembs und Ha
434 1796 1493 1853 von Leo Fall, das seit Jahren das Entzücken aller
1491 1806 2514 1849 nickts für ein Mädchen deines Alters“ ist meistens nur zu
2510 1806 3339 1859 launigem Humor gespielt und auch Herrn Le
1480 1834 2510 1888 berechtigt, und deswegen allein schon werden die lieben
434 1834 1486 1895 Freunde einer seinen Operettenmusik bildet. Der einfache
2517 1844 3339 1894 Begabung für das komische Fach versagte keine
1478 1866 2512 1923 Backfischchen Breslaus die Herren Albert Kehm und
434 1875 1489 1925 Text hat bei aller Sentimentalität etwas von dem ge¬
2515 1878 3334 1936 Rolle des würdevollen Fax der „Rhenania
1487 1904 2520 1969 Martin Frehsee mit der ganzen ihnen zu Gebote stehen¬
432 1918 1481 1966 mütvollen Humor Ferdinand Raimunds, der dabei Pate
2503 1913 3340 1971 kleinen Rolle des „süßzen“ Lehrers Dr. Frau
1479 1938 2516 1988 den Ueberschwenglichkeit segnen, denn ihr „fröhliches
2512 1959 3330 2002 diesmal Herr Waldmann begnügen, noch
439 1952 1483 2010 gestanden hat, die Musik ist schmiegsam und zierlich und
1478 1982 2515 2039 Spiel“ kann selbst vor den alles durchdringenden Augen
2510 1990 3350 2047 durch Herrn Scholz, der als flottlebiger Ri
438 1991 1479 2049 gehört zu den glücklichsten Eingebungen des Wiener Kom¬
1483 2009 2383 2064 des wütigsten Sittlichkeitseiferers ruhig bestehen
2509 2029 3241 2076 gar nichts zu tun oder zu sagen fand.
435 2037 1486 2080 ponisten. Fräulein Fidler und Herr Brunner
1550 2036 2519 2101 Eine lustige Pensionsgeschichte mit zahllosen netten
2573 2058 3341 2126 Das gut besuchte Haus nahm das „fröh
436 2068 1484 2121 zeigten wieder einmal, wie unübertrofflich sie aufeinander
1483 2081 2517 2134 Szenen von drolligster Situationskomik spielt sich auf den
2515 2104 3336 2148 auch mit Fröhlichkeit auf und ruhte nach dem
439 2104 1484 2157 eingespielt sind und Fräulein Wandrey war die erfolg¬
1490 2124 2509 2170 Brettern ab, ein harmloses Unterhaltungsstück ohne auf¬
2509 2140 3345 2186 schluß nicht eher, bis sich der eine anwesende A
435 2147 1484 2197 reiche Dritte im Bunde. Hier. wo das Verständnis vor
1483 2163 2520 2202 regende Probleme und ohne alle Zweidentelei. Man denkt
2520 2172 3338 2226 um die Regie wohlverdiente Herr Gorte
431 2179 1479 2238 keine besondere Aufgabe gestellt war, ging das ganze Pu¬
1472 2174 2516 2239 an eine auf die Bühne gebrachte Humoreske für die reifere
2512 2207 3345 2261 gezeigt hatten. Auch am Schluß des Stücke
442 2219 1482 2273 blikum bereitwillig mit und applaudierte nach Kräften.
1485 2225 2512 2272 Jugend etwa aus der Feder einer Eschstruth. Lustige
2518 2244 3340 2290 Herren nochmals den Weg auf die Bühne. Nach
440 2250 1481 2310 Vielleicht wird es mit der Zeit doch einsehen lernen, daß
1485 2262 2508 2326 Pensionsmädel mit tüchtigem Kinderstubenfond erleben
2516 2273 3342 2330 also anzunehmen, daß das Lobetheater mit die
441 2296 1478 2365 der schöne „Schleier der Pierrette“ solcher Gunstbezeugung
1475 2295 2516 2352 hier ihren ersten „Schwarm“, harmlose Studios flirten
2514 2307 3193 2375 jetzt für einige Zeit ausgesorgt hat.
1474 2319 2518 2380 „von Haus zu Haus“ mit den Infassen des „Aquariums“,
428 2338 970 2399 mindestens ebenso wert ist.
1048 2355 1458 2434 Dr. Jos. C. Wirth.
1461 2354 2527 2427 und wenn wirklich einmal die äußeren Umstände der
2865 2363 3182 2436 Thaliatheater.
1731 2398 1817 2447 —
1481 2394 1755 2456 Rendez=vous
1793 2403 2514 2457 beispielsweise ein „Sektbachanal“ im
2573 2412 3341 2482 Die rote Robe. Im Thaliatheater
1477 2438 2522 2492 Schlafzimmer der Pensionsvorsteherin — dem Sittlich¬
2519 2463 3333 2520 gestern abend neueinstudiert das Tendenzdr
1486 2476 2512 2519 keitsfanatiker schon ein Runzelchen auf die Stirn malen
694 2429 1251 2547 Theaker und Musik.
2512 2498 3337 2541 Brieux' „Die rote Robe“, das vor Jahren be
1479 2498 2516 2558 wollen, so entwaffnet doch sofort die naive Ahnungslosig¬
2510 2532 3336 2576 reich über alle deutschen Bühnen gegangen
827 2531 1118 2603 Stadttheater.
1478 2545 2511 2595 keit, mit der die jungen Leutchen das Unschickliche der Si¬
2520 2545 3346 2614 Stück ist in Breslau bekannt, so daß sich eine
1486 2569 2516 2623 tnation übersehen. Daß es zum Schluß vier oder fünf
514 2575 1486 2632 Götterdämmerung. Die andauernde Indisvo¬
2512 2592 3334 2647 des Inhalts erübrigt. Die Aufführung u
1482 2611 2513 2658 Verlobungen regnet, ist lediglich eine Konzession der
436 2621 1469 2664 sition Frau v. Florentin Webers verhälf uns am Sonn¬
2506 2621 3335 2673 Johows Regie war nicht in allen Teilen
1477 2646 2507 2706 Autoren an die geheiligte Ueberlieferung, in Wirklichkeit
436 2661 1484 2704 abend zu der Bekanntschaft mit einer Sängerin aus
2501 2669 3323 2706 vor allem gelang es nicht, den Schluß
1480 2681 2514 2728 wären diese Verlöbnisse zwischen sechzehnjährigen „Damen“
438 2690 1475 2740 Elberfeld, die angeblich Aussicht haben soll, in der nächsten
2508 2699 3337 2739 herauszuarbeiten, was umsomehr erforderlich
1485 2720 2515 2767 und jüngsten Semestern wohl nur ein launig=sentimentaler
446 2726 1480 2780 Saison das Erbe unserer bisherigen Brünhild anzutreten.
2507 2732 3333 2775 Brieux um des dramatischen Effekts willen
1477 2754 2485 2804 Schicksalsulk. Mit anerkennenswertem Bühnengeschick —
437 2762 1475 2805 Sehr vielversprechend war das Debut gerade nicht. Frau
2520 2767 3345 2817 sehr unglaubhaft wird. Auch war das franzö
1476 2787 2502 2832 der eine Autor ist Regisseur am Stadttheater zu Straß¬
428 2788 1472 2837 Erna Erregots=Busch darf sich zwar eines guten
2516 2799 3342 2852 nicht immer glücklich getroffen und oft glau
1476 2826 2517 2865 burg, der andere als Redakteur gewissermaßen ebenfalls
436 2826 1477 2876 Materials rühmen, eines starken, großen Soprans, der
2510 2815 3339 2879 in irgend eine deutsche Kleinstadt versetzt. Unt
1474 2852 1707 2906 vom Bau —
1729 2857 2512 2905 bringen die Verfasser wirksame Bühnen¬
436 2858 1488 2908 in der hohen Lage Gewalt und dramatische Schlagkraft be¬
2511 2869 3333 2918 stellern verdienen Herr Pfanz als der men
433 2885 1481 2939 sitzt: aber schon die schwächliche Mittellage steht zu diesem
1479 2894 2513 2956 figuren in wirksame Situation; auf eine eigentliche Hand¬
2502 2893 3306 2953 aus sympathische Staatsanwalt Vagret
1473 2925 2212 2982 lung durften sie dabei ruhig verzichten.
433 2925 1474 2976 energischen Register im Widerspruch und die Diefe droht
2516 2928 3345 2979 Marlitz als der kalte Streber Monzon
438 2969 1483 3023 vollends zu verschwinden. Dazu kommt eine stellenweise
1539 2952 2512 3010 Das Spiel schien den daran aktiv Beteiligten selbst
2511 2962 3340 3016 Hervorhebung. Herr Kustermann sowo
436 2991 1480 3042 sehr schmerzliche Neigung zum Detonieren, die wohl
1479 2987 3348 3052 Freude zu machen, und so war denn eigentlich kein einziger! Frl. Heise, die das baskische Bauernpaar El
425 3041 3333 3095 größtenteils auf falscher Stimmbildung beruht und daber1 Fehlschlag einer Rolle zu beklagen. Frl. Eckert gab die körverten, ließen es sehr an Temverament
