3344 4352
1715 177 2816 243 ind Blech nicht genng tun kann, denen gegenüber sich
1698 210 2799 289 die Die-Ausführung schrecht geung mimende Bühnen
1708 264 2812 341 müsik, bestehend aus einem Spinett, einer Flote und
1704 327 2808 388 einem armseligen Geigerlein, überaus komisch aus¬
1704 369 2818 424 nimmt. Wenn mir in der Musik der Gruselszene goch
1703 423 2810 483 ältere Erinnerungen kamen, die bis auf St. Saens
1706 475 2810 534 „danse macabre“ zurückgehen, so erwähne ich das
1706 508 2818 586 nicht, um Reminiszenzen zu jagen, sondern nur um
1700 556 2817 626 zu zeigen, wie alt, um nicht zu sagen veraltet, die
1704 610 2811 682 Erfindung ist, die auf einen neuen Stimmungsge¬
1697 657 2814 728 halt mit neuer Musik hätte reagieren sollen. An¬
1698 697 2812 782 klänge dazu finden sich viekleicht in dem originelten,
1700 755 2809 807 gut erfundenen, ironischen Trauermarsch (1. Bild),
961 775 1286 870 #ase oune Oewäntn
1714 806 2809 861 in dem unheimlich lustigen Zweivierteltakt (2. Bild),
1702 859 2805 924 twährend gerade die Gruselszene des Schlusses, im
522 858 971 967 Ausschnitt aus:
1693 881 2807 960 Anfang unleidlich zerdehnt, im Schlusse nicht ge¬
1701 955 2821 1020 nügend gesteigert, und zu plötzlich abgebrochen, die
986 900 1668 1073 Monten Novuo, Wion
533 963 1025 1056 vom: 25 9 1911
1695 1004 2812 1064 Wirkung des Ganzen gefährdet. Angenehm als In¬
703 1042 1062 1103 ARE TTEER
1689 1052 2814 1116 termezzo zwischen Toben und Grausen fällt ein an¬
1693 1088 2824 1172 mutiges Mennett auf, das Dohnanyi von dem wenig
1695 1137 2818 1216 geglückten Versuche moderner Dramatik zu den
933 1163 1419 1267 Hofoperntheater.
1710 1198 2827 1284 freundlicheren Anfängen seiner Kunst zurückweisen
1699 1237 1909 1307 möchte.
630 1213 1712 1298 Zum erstenmale: „Der Schleier der Pierette“
617 1273 1720 1364 Pantomime von Arthur Zcuigler, Musik von Ernst
1794 1268 2818 1365 Den toten und den tobenden Liebhaber mimten die
703 1333 1644 1391 von Dohnänyi. — Gastspiel Caruso.
1709 1344 2815 1409 Herren Czadill und Godlewsky recht wirksam,
691 1375 1698 1440 Drei= und vierfach erhöhte Preise. Fünfzigtausend
1709 1394 2812 1449 um Pierette war Fräulein Jamrich mit Eifer bemüht.
608 1430 1700 1490 Kronen füllen das Haus bis zum letzten Plätzchen.
1703 1446 2814 1511 Eine große Schauspielerin würde mehr daraus machen,
601 1472 1699 1542 Blitzender Schmuck, pompöse Toiletten, tadelloser Frack:
1707 1491 2821 1548 auf die Gefahr hin, daß das bißchen Tanzen, das nötig
601 1528 1702 1583 vielleicht unser reichstes, kaum unser musikverständigstes
1707 1538 2816 1623 ist, weniger kunstgerecht ausfiele. Auch die Inszenierung
599 1574 2822 1671 Publikum. Man muß dabei gewesen sein; man muß hätte nach eindringlicherer Wirkung zu streben, als die
610 1632 2443 1703 dabei gesehen worden sein; man muß wieder die Sen= bloß allzu große Dunkelheit ausübt.
605 1672 1725 1735 sation des größten Tenors der Welt erlebt haben. Aber
1785 1685 2847 1746 Aber sie weiß auch mit „Bajazzo“ noch immer.
606 1732 1695 1784 vorher fünsptertel Stunden Pantomime? Eine Panto¬
1706 1736 2842 1794 nichts anzufangen, der der erste gewaltige Einwand
595 1778 1695 1838 mime, gar ernst kommt? Mit einer Musik, die An¬
1700 1786 2823 1852 gegen Herrn Wymetals Regie gewesen ist. Nun sind
601 1822 1702 1890 sprüche macht? Nein, dafür hat man das viele Geld
1701 1836 2815 1890 fast alle seine Mätzchen gestrichen worden; geblieben ist
602 1864 1087 1941 Soch nicht ausgegeben!
1702 1885 2822 1941 nur die unmögliche szenische Einteilung, die den ganzen
708 1920 2818 2007 Es war ein Fehler, zwei Harlekiniaden hinter Schluß unsichtbar und unhörbar macht. Geblieben ist
602 1958 1711 2032 einander zu bringen. Es war ein schweres Unrecht,
1701 1979 2415 2036 leider Gottes auch Herr Wymetal.
598 2018 1709 2078 ein ernstes Werk dem Unterhaltungsbedürfnis einer
1784 2030 2803 2096 Aber wer kümmerte sich diesmal um die Regie!
598 2068 2799 2146 Jour=Gesellschaft vorzuwerfen. Es hätte mehr In= Wer um die Mitwirkenden, die wirklich in ihrer Höf¬
606 2110 1693 2181 teresse verdient. Denn es ist geistreich und scharf¬
1695 2130 2815 2202 lichkeit, dem Gast den Vorrang zu lassen, ein bißchen
603 2172 2807 2233 sinnig, wie jede Zeile Schnitzlers, dieses vor¬ allzu weit gingen. Wer Caruso zum erstenmal ken¬
603 2211 2817 2307 nehmen Künstlers. Es ist wahrscheinlich sogar zulnen lernte, war zwiefach enttäuscht. Nicht durch den
597 2276 2812 2342 geistreich. Zu sehr auf diese konstruierte und unnatür= Gesangskünstler, der genau so vollkommen und unüber¬
609 2323 2807 2382 liche Situation gestellt, die man aus seinem sorm=trefflich ist, wie man es annehmen mußte. Aber der
604 2358 2797 2438 schönen und gedankenvollen Renaissance=Drama, aus Schauspieler enttäuschte den, der bloß einen Tenor er¬
593 2413 2802 2494 dem „Schleier der Beatriee“ schon kennt. Nur daß wartet hatte. Denn er ist ein meisterhafter Darsteller, der
604 2465 2808 2514 dort alles behutsamer, feiner, und auch poetischer in diese abgespielte Rolle ganz neue geistreiche und
596 2504 2805 2567 zugeht, als in dieser Alt=Wiener Bearbeitung. Woglänzende Züge zu bringen versteht. Leider enttäuschte
603 2571 2810 2615 dort psychologische Feinheit in klingende Verse ge¬aber auch der Tenor. Es fehlte an Klang und Fülle des
595 2614 2804 2679 kleidet kam, mußte hier alles auf grobe und gröbste Tones wie an der letzten Steigerung voller Kraft, so
600 2652 2814 2735 Sinnfälligkeit losgehen. Gemeinsam blieb die Aus= daß alle, die den legendären Caruso=Ton von früher
601 2712 2500 2759 gangssituation: daß ein junges Mädchen während kannten, eine Indisposition annahmen.
577 2744 1708 2827 Finer Hochzeitsfeier sich unbemerkt von der Seite
1789 2764 2815 2832 Gerne will ich es glauben. Trotzdem ist hier der
596 2808 1691 2861 des Bräutigams stiehlt, im mit dem verlassenen
1694 2807 2800 2883 Anlaß, noch ein Wort über Starwirtschaft und Ameri¬
601 2853 1702 2912 Geliebten vereint zu sterben. Daß ihr im letzten
1690 2863 2802 2922 kanismus im Kunstbetrieb zu sagen. Dieses Wort
607 2902 2813 2982 Moment der Mut dazu fehlt, während er den Gift=Iheißt: Fort damit! Wir brauchen keine Stars, die
614 2961 2809 3007 trank leert und stirbt. Daß sie wie wahnsinnig zut= im deutschen Ensemble fremdsprachig singen. Welcher
608 2997 2798 3072 flieht und den Hochzeitsschleier zurückläßt. Daß sie, Teuische würde das gleiche in der Seala wagen? Der
608 3051 2803 3117 das weißschimmernde Symbol zu holen, mit dem lösterreichische Kammersänger Caruso kann gewiß dazu
616 3103 2800 3161 Bräutigam wiederkommen muß, der nun angesichts gebracht werden, drei Rollen deutsch zu erlernen. Und
611 3145 2790 3198 des Toten Alles begreift Um alles zu verzeihen, im höchsten Grade aufreizend ist dieses demütige Akzep¬
611 3188 2801 3269 setzt der Herzog von Bologna fort. Um alles zustieren amerikanischer Honoraransprüche. In einem
611 3241 2801 3308 verderben, korrigiert sein Nachbild Arlechino Um Lande, wo die Kunst darbt und Musiker hungern,
607 3285 2802 3360 ein grauenhaftes, leichenschänderisches Spiel mit dem wirkt es aufreizend, wenn ein Gastspiel von drei
576 3328 2796 3424 Körper des toten Rivalen zu beginnen, den er weiß Abenden mit 45.000 Kronen bezahlt, wenn der Besuch
595 3400 2810 3474 und leblos als stummen Dritten zur Tafel lehnt, einer Opernvorstellung zum Vorrecht der Millionäre
1811 3450 2010 3510 Nl. 59.
1743 3510 2871 3599 wid. Die Hosthenter in Gurova haben sehr woht dief
1745 3573 2868 3658 Macht, die toll gewordenen Ansprüche zu bekämpfen.
1752 3627 2870 3690 Die amerikanischen Stars brauchen die europäischen!
1748 3681 2857 3762 Gastspiele mehr noch, als wir sie, sie brauchen unsere
1749 3719 2853 3811 Zeitungsnotizen, unsere Auszeichnungen, und nicht zu¬
1753 3762 2860 3854 ketzt auch unser Geld. Eine diesbezügliche Verein¬
1745 3813 2855 3914 barung der großen Hofbühnen würde sehr bald ihre
1747 3869 2867 3931 Wirkung tun. Auf sie, und vielleicht auch auf manche
1739 3918 2862 4015 der einheimischen Größen, denen der Dollarwahnsius
1738 3962 2159 4034 die Köpfe verwirrt.
2234 3981 2822 4067 Dr. R. S. Hoffmann“
