3344 4320
1913 112 2374 202 box 28/1
190 123 1767 221 23. Der Schleiender- Bierrette
75 581 277 655 —
303 583 784 661 „un — — — —
853 599 1132 666 ——
73 629 3211 710 m grünen Hügel ruhen, haben vor dreißig srische Gelächter, in dessen Strudel manches gesprochene sehr groß. Ema nuel Striese, der Große, hat sich einmal wieder
80 680 1475 732 eschrieben, das sie überlebt. Ein Stück? Wort auf der Bühne verschwand.
2025 677 2432 757 als Helfer bewähat.
607 712 767 775 n. —
850 846 2004 919 spielenden Musiker zertrümmert. Nun soll wieder getanzt werden.
2029 844 3199 914 ist thematisch vollkommen durchgearbeitet und findet immer
861 897 2004 966 Entsetzt weisen die Musikanten auf ihre zerstörten, falsch klingenden
2019 899 3205 961 wieder Gelegenheit, sich in größeren Formen zusammenzuschließen.
75 825 850 999 ier der Pierrette.
856 945 2007 991 Instrumente. Doch „Tut nichts, nur spiele.:!“ heißt es. Und
2019 934 3201 993 Er baut die einzelnen Szenen auf und steigert sie, arbeitet nicht
852 969 2014 1039 da erklingt nun eine Schnellvolka, die etwas wahrhaft
2019 985 3205 1039 mit einer verwirrenden Mosaiktechnik, sondern mit sicherer Zeich¬
94 993 838 1078 Bildern von Arthur Schnitzler.
851 1008 2009 1072 Spukhaftes hat. In B-dur bläst die Klarinette andauernd
2029 1024 3199 1079 nung und starken Farben. Um nur einzelnes herauszugreifen:
92 1054 681 1128 Ernst von Dohnänyi.
858 1047 2012 1113 h, der Klavierspieler greift im Baß e für k. Wundervoll
2026 1069 3204 1122 da ist ein feiner, lieber Walzer im Lannerstil, mit dem
855 1091 2013 1149 fein ist das gemacht. Eine fahle Dämmerung breitet sich
2021 1102 3199 1158 am Anfang die Freunde Pierrots den Liebeskrank.n aufzuheitern
859 1130 2014 1189 über die tanzenden Paare. Und während die groteske Polka un¬
2034 1146 3204 1196 suchen und, als Gegensatz, ein absichtlich derb instrumentierter,
80 1140 488 1230 rstaufführung
861 1164 2016 1236 ermüdlich weiter hüpft und zappelt, schreitet langsam, von seinem
2029 1178 3207 1233 moderner Walzer, der zu dem rauschenden Hachzeitsfest des
855 1212 2014 1270 drohenden Posaunenmotiv geleitet, der tote Pierrot durch den
2034 1206 3204 1276 zweten Aktes überleitet. Da sind die zierlichen Tänze der Hoch¬
75 1217 842 1302 us zu Breslau am 21. März.
858 1244 2028 1318 Saal. Dieser Szene ist auf der mustkalischen Bühne
2033 1261 3207 1319 zeitegäste, da ist endlich der fieberglühende, in wilden spanischen
851 1288 2020 1343 wenig an die Seite zu stellen. Das dritte Bild: aus dem
2026 1288 3204 1361 Rhythmen sich überstürzende Wahnsinnstanz Pietrettes vor der
2026 1339 3196 1400 Leiche Pierrots. Und dazwischen eine Fülle von gerade¬
856 1321 2026 1387 fortlaufenden Tanz ist jetzt mehr eine mimische Szene geworden
82 1332 845 1398 itung". Unsere Zeit wendet sich von
852 1378 2006 1432 voll starken dramatischen Lebens. Diese Lösung ist ganz
2026 1367 3204 1434 zu genialen Instrumentationsgedanken, die das
91 1385 843 1431 zu. Im Schauspielhaus sah und hörte
2030 1418 3196 1472 fehlende Wort vollauf ersetzen. Man denke nur an die oben er¬
857 1414 2027 1483 unvergleichlich besser als die erste. Am Schluß gab es reichen
73 1413 848 1468 Enes der besten Werke auf diesem
856 1456 1050 1527 Beifall.
71 1444 842 1506 er Schleier der Pierrette“ von Arthur
2028 1445 3198 1507 wähnte Szene der Liebenden, wo Oboe und Sologeigen ihren
84 1486 848 1549 fik von Ernst von Dohnanyi. Als Kom¬
2032 1479 3194 1564 letzten heißen Kuß begleiten, bevor mit Posaunen, gestopften
938 1476 2015 1560 „Breslauer Morgen-Zeitung". Der Bühne hat Ernst
83 1523 850 1588 nzst einen geachteten Kamen. Dieses sein
2024 1530 3198 1585 Hörnern und Tamtamschlägen die Katastrophe hereinbricht. Oder
854 1518 2017 1584 von Dohnanyi bisher nur diese Pantomime geschenkt, die in
2025 1578 3195 1625 an die Melodie der gedämpften Celli, die im zweiten Akt die
73 1565 836 1623 r Jahre alt. 1910 fand an der Dresdener
869 1568 2027 1633 Dresden, Wien, Berlin und anderwärts mit großem Erfolg be¬
2022 1612 3199 1670 rührende Aengstlichke i1 Pierrettes malt, die finsteren Figuren der
88 1619 836 1678 lich glänzende Uraufführung unter Leitung
863 1609 2013 1659 reits aufgeführt wurde. Zu diesem Erfolge hat zweifellos neben
116 1653 836 1709 In Dresden ist es in diesem Winter
2014 1647 3207 1706 Bässe, mit denen in Arlecchino die Wut aufsteigt, die gespensti¬
857 1646 2019 1708 seiner Musik die packende Handlung Arthur Schnitzlers
82 1677 842 1755 n ausgenommen worden. Berlin hat die
2025 1683 3203 1749 schen Tanzschritte des Fagotts, die Pierrettens Wahnsinnsausbruch
858 1688 2008 1746 vie beigetragen. Die Musik Dohnanyis ist würdig der Dichtung
87 1721 846 1800 bttenburger Deutschen Opernhause unter
2016 1730 3202 1777 ankündigen. Kurzum: hier ist eine Musik von solcher Ori¬
874 1726 2005 1791 Ehnitzlers. Sie weist in jedem Takt hervorragendes
77 1757 848 1820 n erlebt. Auch im Auslande, in Kopen¬
2021 1769 3191 1827 ginalität und Schönheit, daß man nur hoffen kann, ihrem
852 1774 2023 1832 technisches Können und ungewöhnliche melodische
2019 1807 3193 1854 Schöpfer bald wieder in einem anderen Bühnenwerk zu begegnen.
78 1817 845 1875 tes starke Erfolge zu verzeichnen gehabt.
845 1805 2000 1866 Kraft auf, schmiegt sich in jeder Phase den Vorgängen auf der
2024 1849 3190 1903 Das Publikum bereitete der Paniomime jene herzliche Auf¬
83 1855 839 1902 kzügliche Buch seinem Drama „Der
856 1851 2007 1906 Bühne an und ist bei aller Grazie und süßem
79 1890 843 1955 nachgedichtet. Der junge Pierrot und die
2022 1895 3204 1965 nahme, die sie wohl verdiente und die ihr bei den folgenden
851 1888 2010 1947 Wohllaut von dramatischer Schlagkraft erfüllt.
75 1933 846 1988 nander. Doch sie muß den Eliern folgen
2023 1933 2802 1987 Aufführungen hoffentlich treu bleiben wird.
867 1927 2029 1988 Die Höhepunkte der Partitur erblicke ich in dem von Alt=Wiener
92 1977 843 2024 Harlekin zum Manne erwählen. Von
849 1971 2019 2010 Grazie erfüllten Walzer im ersten Bilde, in der von leidenschaft¬
2111 1979 3199 2030 „Breslauer Zeitung“. Die Musik Ernst von Dohnänyis,
117 2010 846 2064 sie in Brautgewand und Schleier zu
857 2013 2012 2075 licher Glut und sinnlicher Melodik durchtränkten Liebesszene, in
2025 1996 3184 2058 die sofort mit markantem Motiv den tragischen Grundton des
87 2044 850 2098 dem sie nicht lassen kann. Gemeinsam
854 2051 2024 2095 dem flotten C=Dur=Walzer, der das erste und zweite Bild ver¬
2027 2048 3189 2113 Werkes bezeichnet, löst ihre Aufgabe, die äußeren Vorgänge und
72 2074 847 2136 rrot trinkt das tödliche Gift, doch sterbend
853 2091 2016 2149 bindet und zu dem grausigen Schluß des ersten Bildes den rich¬
2032 2089 3179 2147 die seelischen Stimmungen und Wandlungen anstelle des fehlen¬
102 2130 846 2176 Becher aus der Hand. Von der Leiche
844 2132 2014 2190 tigen Kontrast bildet, sowie in dem sich bis zur Ekstase steigernden
2025 2111 3179 2184 den Wortes zu illustrieren und darzustellen, mit bemerkenswertem
72 2154 863 2237 Khnfinnigem Schreck. Unterdessen vermitt
853 2160 2004 2223 Wahnsinns=Tanz der Pierrette im dritten Bilde Das reich
2030 2176 3200 2219 Geschick, Seine Musik hat drumatische Gewalt und
2027 2206 2233 2272 Eigenart.
76 2198 847 2262 arlekin schäumt vor Wut. Als sie dann
843 2193 2009 2260 kolorierte Orchester weist aber auch Jonst manchen feinen Zug
77 2234 848 2308 der Erscheinung des toten Pierrot in ihren
857 2233 2016 2312 auf. Der Direktion Löwe gebührt der Dank der Musikfreuude
2099 2242 3192 2311 „Schlesische Volkszeitung". Dohnänyis Musik gemahnt
850 2265 2013 2338 dafür, daß er ihnen die Bekanntschaft mit diesem inter¬
92 2275 843 2346 folgt. Der Bräutigam bemertt, daß ihr
2024 2282 3190 2341 in ihren wuchtigen Klangkombinationen und ihrem
103 2310 843 2371 t der Fliehenden zur Wohnung des Ge¬
852 2317 2018 2383 essanten Werke vermittelt hat Den Kunstverständigen
2027 2336 3181 2384 kühnen harmonischen Aufbau auf Schritt und Tritt an
90 2363 834 2410 n und beginnt nun ein teuflisches Spiel
849 2355 2019 2428 bringt das Weck großen Genuß. Das Publikum be¬
2028 2374 3194 2445 den Bayreuther Meister. Dabei soll aber durchaus nicht gesagt
74 2385 849 2458 rd der tote Pierrot gelegt, Harlekin tinkt
854 2394 1954 2459 reitete der Rovität einen starken Premierenerfolg.
2028 2409 3194 2459 sein, daß seine Persönlichkeit in der Partitur untergeht. Alle
90 2428 850 2498 e, sich zu dem schaurigen Gelage zu setzen
927 2444 2019 2494 „Breslauer General-Anzeiger“. Schnitzler wollte im
2028 2439 3191 2509 dramatischen Vorgänge hat Dohnänyi mit starkem Empfinden
90 2472 850 2527 bei ihm ein. Da kommt der Wahnsinn
855 2463 2014 2544 „Schleier der Pierrette“ zeigen, daß er auch ohne das
2028 2482 3194 2548 auch musikalisch zum Ausdruck gebracht; ja, er unterstreicht in
73 2523 840 2570 nzt und tanzt, bis sie tot umsinkt. Ein¬
849 2532 2027 2578 scharf analysierende Wort aufs stärkste zu wirken ver¬
2028 2524 3194 2586 bewundernswerter Kleinmalerei jede Miene und Geste, jeden
72 2556 832 2607 rots finden entsetzt die im Tode vereinigten
858 2563 2028 2625 stehe. Diese Pantomime hat einen hervoragenden
2028 2555 3194 2625 dramatischen und lyrischen Affekt mit solcher Deutlichkeit, daß die
103 2587 850 2657 daß dieses Buch dem nachschaffenden
853 2589 2015 2658 artistischen Wert. Die Deutlichkeit, mit der sie ohne
2027 2600 3193 2653 Musik auch ohne das Bühnenbild bei bloßer Benutzung des Text¬
73 2631 848 2702 keiten bietet. Man darf sagen, daß
852 2638 2022 2697 Worte alles nötige zu sagen weiß, ist erstaunlich. Die Szene
2021 2641 3195 2711 buches durchaus verständlich wird. Dabei steht ihm eine In¬
86 2665 842 2730 hrzüglich zu nutzen verstanden hat. Es
859 2687 2013 2734 zwischen Pierrot und Pierette im ersten Akt zum Beispiel ist
2025 2680 3195 2739 strumentierungskunst von staunenerregender
84 2712 843 2771 hinter diesem Werk. Eine blühende
859 2720 2014 2778 von einer so plastischen Klarheit, wie sie Worte nicht
2027 2734 3190 2785 Vielseitigkeit und erlesenem Geschmack zur Ver¬
74 2747 853 2813 Er im besten Sinne des Wortes modernen
855 2761 2029 2826 besser vermitteln könnten. Eine eminente Geschicklich¬
2033 2760 3195 2822 fügung. Seine Orche sterfarben sind lebendig und von glühender
79 2785 839 2847 eschmack lebt in ihr und andererseits ein
844 2800 2026 2863 keit steckt in dieser Arbeit, eine sichere Technik. Er fand
2022 2797 3188 2847 Leidenschaftlichkeit. Allen Gefühlsregungen und seelischen Stim¬
72 2828 839 2887 natischer Nerv. Mit der beste Teil
860 2839 2023 2898 einen kongenialen Komponisten, der mit raffinierter
2028 2841 3195 2904 mungen wird er gerecht. Dazu trägt seine Musik den Stempel
86 2866 850 2939 e Tanze. Gleich zu Anfang tanzen da
850 2876 2016 2938 Kunst alle musikalischen Möglichkeiten, die diese Pantomime
2017 2889 3195 2943 vollster Einheitlichkeit, die das Ganze wie aus einem Gusse
78 2912 841 2975 ihren Mädchen einen langsamen Walzer,
851 2918 2025 2980 bot, auszunützen wußte. Ernst von Dohnänyi hat im „Schleier
2026 2922 3188 2973 geformt erscheinen läßt. Das zeigt sich auch in den blenden¬
78 2948 856 3018 En jieblich und schmiegig ist.
851 2959 2010 3015 der Pierrette“ gezeigt, daß die Bühne in ihm eines ihrer stärksten
2027 2956 3189 3018 den, raffiniert gearb eiteten Zwischenspielen,
91 2987 846 3040 e eröffnen das zweite Bild — ein har¬
847 2990 2013 3053 Talente zu erkennen hat. Dohnänyi verschmäht das billige Aus¬
2029 3004 3199 3054 namentlich in dem von hinreißendem Schwunge be¬
92 3035 855 3097 feines Menuett löst sie ab. Und
847 3030 2021 3092 kunftsmittel der meisten Melodramkomponisten, einfach eine unter¬
2026 3038 3196 3100 seelten Walzer, der als Ueberleitung vom ersten zum
81 3068 844 3122 knkt: Die Gespenstererscheinung Pierrots.
841 3077 2012 3132 malende Begleitmusik zu schaffen und, sich dem Bühnenvorgang
2027 3079 3189 3153 zweiten Bilde dient. Von einem großen Erfolge darf un¬
95 3115 2749 3176 Wut die Instrumente der zum Tanz auf=] unterordnend, auf jedes Eigenleben zu verzichten. Seine Musik I eingeschränkt gesprochen werden.
3132 3120 3220 3182 0
2416 4022 2545 4109 S
