3344 4352
1992 199 2404 297 box 28/1
266 202 1951 300 23. Der Schleien der bierrette
731 1105 960 1197 — uerthr.)
190 1173 625 1264 Ausschnitt aus:
829 1191 1341 1342 zer Tagblatt, Graz
693 1278 1193 1396 1911 Apenabiatt.
204 1302 375 1400 vom:
365 1294 609 1407 1 — —
616 1304 722 1411 —
1270 1469 3315 1558 gonnen, nur die Braut fehlt. Den ungeduldigen Tätigkeit als Mittler fremder Schöpfungen auch
373 1468 1166 1576 Wiener Hofoperntheater.
1277 1515 3326 1608 Bräutigam beschwichtigt man mit der Auskunft, die Ausdrucksweise jener Tonsetzer übernommen zu
1271 1561 3317 1633 daß Pierette noch mit dem Ankleiden beschäftigt haben, deren Werke er anderen vorführte. Darum
384 1552 1054 1665 VDer Schleier der Pierette.“
1279 1613 2307 1691 sei. Schließlich durchsucht man das Haus, man findet
2294 1638 3315 1694 glaubt man aus der Musik bald Wagner, bald
726 1647 1240 1719 Wien, 20. Septemher.
1278 1664 2304 1739 sie nicht. Arlechino tobt. Da erscheint Pierette, ihr
2293 1685 3313 1756 Gluck, dann wieder Lanner oder Strauß heraus¬
308 1686 1271 1771 Die Pantomime ist in den letzten Jahren immer
1283 1713 2289 1784 Spätkommen mit Ausflüchten bemäntelnd. Sie
2295 1720 3315 1787 zuhören, und wiederholt fühlt man sich versucht,
245 1736 1266 1817 mehr von den deutschen Bühnen verdrängt worden
1282 1760 2295 1832 zwingt sich, sorglos zu erscheinen, und tanzt mit
2287 1778 3313 1849 bestimmte Werke und kennzeichnende Tonbildungen
245 1797 1266 1868 und wurde nur mehr als Bindeglied der Handlung
1281 1814 2294 1881 Arlechino. Plötzlich verfinstert sich der Saal, Pierrot
2286 1828 3312 1905 großer Meister zu erkennen. Auch die Instrumen¬
242 1842 1270 1913 bei Balletten verwendet. Hie und da noch bei einem
1269 1864 2288 1925 erscheint und mahnt dadurch Pierette an den ge¬
2286 1877 3314 1949 tierung läßt viel zu wünschen übrig. Die Musik
240 1890 1261 1961 Festspiel, aber nie als dramatisches Ganzes für sich.
1269 1907 2285 1984 brochenen Schwur. Niemand hat etwas davon be¬
2282 1924 3318 2002 läßt kühl, und menn auch vielleicht der Walzer des
234 1938 1270 2003 Direktor Gregor hat heute eine Pantomime
1277 1964 2277 2030 merkt. Pierette bricht schreckerfüllt zusammen. Nun
2297 1973 3317 2025 zweiten Aktes hie und da gespielt werden sollte, so
228 1986 1264 2061 herausgebracht, der es — soweit der Dichter der
1279 2006 2277 2072 entdeckt Arlechino, daß ihr der Schleier fehlt, den
2295 2023 3306 2084 ist wenig Aussicht vorhanden, daß die Vertonung
230 2023 1256 2102 Handlung, Artur Schnitzler, in Betracht kommt
1272 2053 2272 2125 sie beim Zusammensein mit Pierrot in dessen Woh¬
2279 2068 3305 2155 der Pantomime in weiteren Kreisen Pflege und
287 2092 1269 2151 an Lebendigkeit und packender Entwicklung nicht
1271 2108 2274 2177 nung verloren hat. Sie weicht den an sie gestellten
2284 2116 2858 2193 Verbreitung finden könnte.
239 2126 1268 2196 fehlt. Pierette soll über Wunsch ihrer Eltern den
1275 2152 2293 2212 Fragen aus, Arlechino fragt immer dringender
2347 2172 3310 2238 Was nun die Darstellung anbelangt, so muß
237 2177 1265 2251 reichen Arlechino heiraten; sie liebt aber Pierrot,
1272 2207 2273 2270 nach dem Verbleib des Schleiers — da erscheint
2282 2210 3305 2280 anerkannt werden, daß die Hauptrolle an Fräulein
228 2224 1267 2305 und während sich im Elternhause die Hochzeitsgäste
1273 2256 2286 2310 nochmals, nur von Pierette gesehen, der tote
2276 2259 3312 2334 Jamrich große Anforderungen stellt, denen sie
238 2281 1264 2352 versammeln, erscheint sie bei ihrem Gekebten, um
1265 2301 3303 2381 Pierrot, und in seinem Banne stehend, führt aber nicht ganz gewachsen ist. Ihre Gebärdensprache
227 2321 1260 2403 von ihm Abschied zu nehmen. In seiner Gegenwart
1263 2350 3309 2435 Pierette Arlechino an den Ort, wo sie ihren erschöpft sich in den herkömmlichen Stellungen und
241 2377 1257 2451 erscheint es ihr unmöglich, dem ungeliebten Manne
1258 2394 2294 2478 Schleier der Liebe opferte. Arlechino sieht sich be¬
2282 2411 3310 2480 Bewegungen der alten Ballettschule, und dort, wo die
238 2427 1261 2496 die Hand zu reichen, und als Ausweg aus der
1263 2448 2283 2516 trogen und nimmt auf fürchterliche Weise Rache.
2287 2460 3310 2529 persönliche Note vorschlägt, setzt die Mimik in so
235 2476 1256 2548 Lebensverwicklung dünkt ihnen der gemeinsame Tod
1258 2496 2284 2568 Er setzt den Leichnam des Nebenbuhlers an den¬
2274 2508 3307 2569 hochgespanntem Ausdrucke ein, daß die von der
231 2529 2279 2592 als letztes Mittel, als der Erlöser. Freudig hilft selben Tisch, an dem Pierette zuvor mit dem leben¬
2276 2556 3299 2613 Handlung verlangte Steigerungsfähigkeit des
228 2574 2274 2662 Pierette an den Vorbereitungen zum Sterben mitz den Geliebten gesessen ist, und zwingt sie, dem
2287 2608 3305 2660 Empfindens nicht veranschaulicht werden kann. Der
228 2628 2274 2714 als sie aber in der traurig=süßen Stunde des Ab= Toten zuzutrinken; dann schließt er sie mit dem
2275 2666 3301 2727 Zuschauer wird nicht gepackt und ermüdet. Im
240 2671 1263 2749 schirdnehmens aus den Küssen Pierrots die Liebe
1257 2687 2275 2759 Leichnam ein und überläßt sie ihrer Verzweiflung
2290 2706 3301 2776 Ausdruck und im Spiel gebührt den Herren Cza¬
227 2717 2275 2800 kennen lernt und dadurch des Verzichtes auf die und der Angst. Sie versucht, aus dem Kerker zu
2275 2750 3301 2813 dill (Pierrot) und Godlewski (Arlechino)
233 2768 2273 2857 Lebensfreude gemahnt wird, schreckt sie vor dem entrinnen, und als dies nicht gelingt, bricht sie
2282 2801 3306 2871 vollste Anerkennung. Sehr anmutend waren die
226 2810 1249 2874 Tode zurück. Pierrot jedoch hat den Giftbecher ge¬
1264 2838 2277 2917 nach einem Wahnsinnsausbruche zu Fußen der
2288 2853 3301 2899 Paare Dubois, Rathner, Peterka und
237 2872 1248 2938 leert, und als er die Geliebte unentschieden sieht,
1253 2884 1566 2948 Leiche nieder.
2270 2899 3299 2972 Wopalensky. Eine hübsche Figur zeichnete auch
233 2920 1262 2986 zerschmettert er den Glaspokal, der den für sie be¬
1311 2926 2270 3003 Einem Tondichter, der aus dem Vollen schöpft,
2276 2948 3292 3019 Herr van Hamme (Gigolo). Ausstattung und
229 2969 1242 3035 stimmten Teil des Giftes enthält. Dann stirbt er,
1251 2978 2269 3058 hätte diese Handlung Gelegenheit genug zu einer
2271 2996 3297 3069 Regie sind der Überlieferung des Opernhauses ent¬
225 3019 1242 3077 und nun kann Pierette, trotzdem sie jetzt dazu ent¬
1252 3028 2273 3100 großen Schöpfung gegeben. Herrn Ernst Doh¬
2281 3051 3296 3134 sprechend und rechtfertigen den guten Ruf, den
221 3064 2272 3151 schlossen ist, ihm nicht mehr in den Tod folgen. nanyi fehlt es jedoch an Gestaltungskraft und an
2266 3100 3244 3175 Direktor Gregor auf diesem Gebiete genießt.
242 3115 2295 3200 Inzwischen hat in ihrem Elternhause das Fest be= Gefühlsausdruck. Er scheint in seiner bisherigen
