3392 4352
312 132 498 217 23
503 166 1888 258 DerSchlefender- Pierrette
1248 1028 1615 1114 Telephon 12 801.
740 1114 1366 1264 „OBSERVER“
507 1244 1618 1320 1 österr. behördl.konz. Unternehmen für Zeitungs-Ausschnltte
641 1305 1489 1387 Wien, I., Concordiaplatz 4.
837 1381 1280 1460 Vertretungen
516 1434 1609 1511 in Berlin, Budapest, Chicago, Christiania, Genf, Kopen¬
515 1495 1616 1565 uagen. London, Madrid, Mailand, Minneapolis, New-Vork,
557 1534 1573 1586 Paris, Rom, San Francisco, Stockholm, St. Petersburg.
860 1573 1286 1633 (Quellenangabe obue Gewähr).
511 1609 883 1707 Ausschnitt aus
856 1617 1608 1732 Der Beobachter, Stuttgart
523 1710 1029 1826 gun: 23 4 1910
503 1779 784 1839 — —
804 2046 1697 2134 Theater, Kunst, Ziteratur, Wissenschaft.
802 2121 1726 2178 K. Hoftheater. „Versiegelt“. Komi¬
719 2146 1729 2243 sche Oper in einem Akt nach Raupach von Batka
736 2215 1726 2277 und Pordes=Milo. Musik von Leo Blech. Mit
731 2260 1729 2306 vereinten Kräften haben hier wieder einmal zwei
722 2309 1720 2358 Librettisten einen Stoff nicht selbst erfunden, son¬
730 2357 1730 2411 dern haben das einem Dritten überlassen. Ihr
731 2391 1729 2441 Textbuch ragt immerhin über das, was auf Lieb¬
722 2445 1730 2495 haberbühnen geboten wird, noch hinaus; an Un¬
731 2484 1729 2555 möglichkeiten wird einem nicht mehr, als man er¬
730 2526 1720 2575 tragen kann, zugemutet. Die Witwe Willmers
723 2571 1725 2627 (Joh. Schönberger) bringt einen von der
732 2616 1726 2678 Pfändung bedrohten Schrank in Gewahrsam bei
723 2664 1719 2708 der jungen Witwe Gertrud (Anna Sutter),
719 2708 1723 2767 die in demselben ihren Liebhaber, den Bürger¬
722 2756 1722 2815 meister (A. Swoboda), vor dem eintretenden
723 2803 1723 2855 Ratsdiener (L. Wiedemann) versteckt. War¬
714 2848 1713 2893 um geht denn der Bürgermeister, da ja zwei Aus¬
715 2892 1709 2947 gänge vorhanden sind, nicht einfach wieder zu der
719 2933 1707 2980 Tür hinaus, zu der er hereingekommen ist?! Diese
710 2978 1708 3034 ungute Frage kann vermieden werden, sobald nur
720 3017 1712 3071 eine Türe zum Auftritt benützt wird.) Der Schrank
716 3063 1714 3114 wird versiegelt, wird aber troßdem zum Tauben¬
716 3112 1704 3155 schlag für fast alle, die nachher ein Paar werden
716 3157 1716 3206 wollen. Diese Szenen sind nun wirklich ganz hübsch
713 3211 1715 3266 aufgebaut und geben viel zu lachen. Die Musik von
716 3245 1714 3303 Leo Blech (musikal. Leitung M. Pitteroff) be¬
704 3291 1698 3335 deutet keine allzugroße Verschwendung an geistrei¬
713 3341 1702 3393 chen Einfällen, ist aber von guter Wirkung. Das
712 3378 1709 3421 Liebesduett zwischen Elsa (L. Heinefetter)
701 3414 1707 3465 und Bertel (W. Kanzow), die einzige lyrische
711 3457 1711 3519 Oase, erhebt sich zu wirklicher Schönheit. Der Chor
713 3512 1699 3560 ist recht gut an seinem Platz zur Steigerung des
702 3562 1700 3619 Schlußeffektes. Gespielt wurde sehr munter und
697 3599 1711 3672 frisch, und der lebhafte Beifall war ein wohlver¬
704 3637 882 3700 dientor.
2037 153 2477 245 box 27/5
2061 1960 2192 2048 e
1807 2044 3384 2098 „Der Schleier der Pierrette.“ Pan= wirkten auch die Soloinstrume
1747 2091 2356 2146 tomime in drei Bildern von ##
2745 2091 3361 2156 Kürzungen würden dem Ganz
2388 2093 2735 2150 Schuitler. Musik
2752 2130 3365 2203 kommen. Vielleicht könnte sich d
1753 2130 2722 2197 von E. v. Dohnanyi. — I. B (A.
2744 2179 3376 2252 entschließen, bei ähnlichen Stück
1748 2180 2728 2226 van Erpecum) ist in seinem ärmlichen Zimmer
2737 2221 3356 2286 dem Theaterzettel eine kurze
1751 2226 2732 2286 allein mit seinem Schmerz, daß seine Geliebte Pier¬
1745 2261 2737 2349 rette (Elsa Hötzel) jetzt eben Hochzeit macht mit
2738 2267 3365 2340 Gang der Handlung zu geben,
1749 2311 2722 2373 Arlechino (A. Swoboda). Die Freunde be¬
2737 2311 3373 2394 sischen Theatern allgemein übl
1739 2364 2725 2427 mühen sich vergeblich, Pierrot zum Hochzeitsfest
2729 2382 3294 2481 S
1737 2400 2733 2468 abzuholen. Da erscheint bei ihm Pierrette im
1745 2447 2731 2490 Brautschleier, der ihr entsinkt. Das Liebespaar
1748 2493 2736 2551 hält einen Abschiedstrunk, bevor es gemeinsam
1736 2543 2731 2603 in den Tod gehen will. Pierrot trinkt das Gift;
1733 2585 2727 2652 als er aber sieht, daß sie zögert, schlägt er
1741 2618 2733 2691 ihr den Becher aus der Hand und stirbt. —
1728 2670 2722 2735 2. Bild. Im festlichen Saal die Hochzeits¬
1745 2720 2721 2774 gesellschaft bei Wein und Tanz. Arlechino hat die
1735 2759 2720 2819 Abwesenheit seiner Braut bemerkt, er gerät in wilde
1733 2801 2724 2864 Wut, läßt sich aber durch ihr Erscheinen wieder
1737 2847 2729 2910 besänftigen. Der fehlende Schleier aber und die
1730 2887 2728 2945 verstörten Mienen Pierrettens, die eine Vision von
1734 2938 2721 2999 ihrem toten Freund hat, stacheln seine Wut aufs
1730 2983 1937 3045 neue an.
1999 2965 2725 3041 3. Bild. In Pierrots Zimmer.
1727 3025 2723 3091 Hieher ist Pierrette wieder geeilt, verfolgt von Ar¬
1726 3070 2714 3121 lechino, der das Geheimnis der beiden nun ent¬
1724 3118 2716 3172 rätselt. Er rächt sich, indem er Pierrette mit dem
1726 3153 2725 3226 toten Geliebten ins Zimmer einschließt. In wil¬
1726 3214 2711 3257 dem Wahnsinn tanzt sie, bis sie tot niedersinkt. —
1732 3254 2710 3318 Der Komponist hat zu dieser tiefangelegten Hand¬
1722 3291 2715 3359 lung eine hervorragend schöne, melodie= und far¬
1731 3339 2721 3395 benreiche Musik geschrieben, die unter Schil¬
1718 3383 2711 3445 lings Leitung im Verein mit der vorzüglichen
1721 3436 2708 3489 Darstellung einen tiefen Eindruck hinterließ. Doh¬
1716 3472 2701 3533 nanyi versteht es, vortrefflich zu charakterisieren;
1727 3522 2708 3563 wunderbar in der Orchestrierung war die Liebes¬
1713 3561 2703 3622 szene im 1. Bild, die Wahnsinnsszene, das Rüt¬
1714 3593 2718 3665 teln Pierrettens an der Tür und noch eine Menge
1714 3641 2743 3725 prächtiger Einzelheiten. Ueberaus verdienstlich
