3436 4384
1972 153 2416 244 box 28/1
239 200 1820 278 23. Der Schleien der Pierrette
1138 1113 1321 1198 —
514 1178 1687 1286 Ausschnitt AmERLINER TAGBLATT
528 1301 714 1361 vom:
702 1281 1175 1420 WE
1796 1466 3034 1544 darin liegt der Werk der Partitur. Die Hauptthemen lehnen sich an
763 1454 1138 1569 Beutsches
1121 1464 1578 1572 Bpernhaus.
1783 1495 2300 1568 Motive von Wagner,
2284 1519 3032 1575 Liszt und Richard Strauß an,
1783 1543 3032 1621 und die Beeinflussung durch das moderne Musikdrama
536 1567 1779 1642 Zum ersten Male: „Tante Simona“ und „Der Schleier
1782 1593 3035 1649 ist unverkennbar. Die Art der Verwertung aber ist Eigentum
716 1620 1621 1687 der Pierrette“ von Ernst v. Dohnanyi.
1787 1634 3030 1714 Dohnanyis, der darin eine lebendige Phantasie und den Sinn für
1791 1680 2271 1741 Bühnenwirkung bekundet.
593 1664 1793 1727 L. S. Später als anderwärts ist gestern Dohnanyi hier am Orte
548 1708 1791 1772 seiner Wirksamkeit als dramatischer Komponist zu Wort gekommen,
1845 1715 3025 1789 Schwächer war der Eindruck der kleinen Spieloper, die vorauf¬
536 1754 1791 1813 dafür aber gleich mit zwei Werken: einem harmlosen Einakter und
1790 1766 3033 1837 ging. Auch hier ist die Musik sehr vornehm, und Ouvertüre und
1794 1802 1948 1865 Schluß
549 1804 1783 1864 einer originellen, bedeutsamen Pantomime. „Tante Simona“ ist
1934 1811 3023 1881 — ein hübsch klingender, reizender Ensemblesatz — zeigen
542 1847 1779 1904 Novität; „Der Schleier der Pierrette“ erschien bereits vor mehreren
1786 1851 3029 1911 den Komponisten in ihrer heiteren Fassung von einer neuen Seite.
549 1894 1782 1948 Jahren. Für die Gattung der Pantomime macht sich neuerdings ein
1786 1896 3026 1940 Aber das Ganze bekleidet einen zu dürftigen Inhalt. Ehe das Liebes¬
546 1927 1771 1983 gesteigertes Interesse bemerkbar. (Vielleicht hängt damit das Auf¬
1785 1936 3031 2005 paar Beatrice und Ghino die aus trüber Lebenserfahrung männer¬
533 1968 1782 2030 blühen der Kino zusammen.) Gegenüber der älteren Pantomime zeigt
1782 1987 3031 2056 feindliche „Tante Simona“ in zärtlichem Tete=a=tete mit dem Grafen
542 2012 1779 2080 die moderne zwei Merkmale: die Beschränkung auf das Groteske und
1787 2020 3033 2098 Florio, ihrem zurückgekehrten Jugendfreund, ertappt und dadurch den
541 2050 1769 2106 Grausige und das Anknüpfen an die Komödia dell'Arte. Wir ver¬
1789 2066 3026 2134 Weg zu seinem eigenen Glücke frei findet, geschieht auf der Bühne
543 2093 1777 2155 tragen es eben nicht mehr, gemeine Lebensvorgänge durch Ueher¬
1789 2108 3026 2180 so gut wie nichts, was dramatisch interessieren könnte. Wollte aber
535 2145 1772 2210 treibungen verdeutlicht zu sehen. Auch Arthux Schnißler hat,
1787 2152 3030 2193 Dohnanyi die Harmlosigkeit des alten Singspiels wieder auflehen!
547 2185 1787 2240 als er dem Komponisten die dichterische Grundlage schlf, zur Pierrot¬
1778 2187 3025 2253 lassen, so ist ihm der Vorwurf nicht zu ersparen, daß er das Orchester
531 2214 1774 2274 tragödie gegriffen, hat sie aber um eine neue und interessante Nüance
1786 2236 3020 2284 eine zu wuchtige Sprache reden läßt und das leichte Gebilde mit
541 2258 1769 2326 bereichert. Auf seine stärksten Waffen, auf das feingeschliffene Wort
1787 2277 3021 2351 seiner Musik eher erdrückt als stützt. An anmutigen Zügen fehlte es
542 2297 1776 2361 und die Differenzierung in der Charakteristik mußte er verzichten; in
1778 2310 2180 2381 aber auch hier nicht.
543 2353 1774 2401 der Pantomime ist die stoffliche Erfindung alles. Trotzdem bleibt er
1828 2351 3017 2412 „Tante Simona“ wurde von den Damen Marck, Painter und
535 2392 1778 2467 nicht an der Oberfläche und hat den grellen Effekt psychologisch zu
1782 2404 3022 2451 Fink, den Herren Lehmann, Waschmann und Kandl an¬
532 2432 893 2491 vertiefen gewußt.
1782 2449 3019 2513 gemessen gesungen und dargestellt. Für das kleine Genre erwies sich
589 2467 1772 2542 Schnitzler stellt die traditionellen Lebensmasken mitten in ein Alt¬
1766 2479 3021 2535 die Akustik des Hauses wieder recht ungünstig, so daß der Text bei¬
540 2520 1778 2586 wiener Milieu. Arlechino ist der reiche Freier, mit dem Pierrette
1768 2514 3017 2591 nahe gänzlich unverständlich blieb. Die Pierrette gab Else Gala¬
538 2562 1779 2626 sich vermählen soll. Sie verläßt die Hochzeitsgesellschaft und stiehlt
1779 2568 3022 2623 frès. Die denkbare und technisch doch sehr schwierige Rolle stellt
534 2609 1774 2663 sich nächtlicherweile zu ihrem Pierrot, seinen Liebesgram zu stillen
1781 2601 3028 2673 ungewöhnliche Aufgaben. Schauspielerisch bot Frau Galafrés Aus¬
539 2645 1773 2707 und gemeinsam in den Tod zu gehen. Das Gift, dem er erliegt,
1778 2656 3018 2709 gezeichnetes: das rein Tänzerische liegt ihr weniger. Die Schluß¬
530 2689 1767 2756 findet sie nicht den Mut zu trinken und kehrt zu der Gesellschaft
1777 2698 3017 2774 pointe (der Tanz der Wahnsinnigen) versagte dadurch ein wenig, auf
538 2738 1769 2794 und ihrem Bräutigam zurück, der sie voll Argwohn vermißt hat.
1780 2737 3020 2811 der anderen Seite aber sah man so viel Eindrucksvolles,
537 2771 1765 2835 Beim Hochzeitstanze erscheint ihr der tote Geliebte; entsetzt flieht sie,
1771 2780 3008 2842 das sich von jeder Uebertreibung fernhielt, in den dramati¬
526 2815 1766 2875 von Arlechino verfolgt. In Pierrots Zimmer, wohin das Gewissen
1769 2810 3027 2877 schen wie in den Liebesszenen, daß man sich einer starken?
535 2854 1769 2913 sie zurücktreibt, wird der vergessene Brautschleier zum Verräter ihres
1777 2856 3018 2919 Wirkung nicht entziehen konnte. Sehr gut war auch der Pierrot des
529 2897 1765 2964 Geheimnisses. Arlechino, von ihr zurückgestoßen, schließt sie mit dem
1761 2891 3014 2969 Herrn Einar Linden. Beide Stücke waren dekorativ sehr hübsch
532 2936 1766 3006 Toten ein, bei dessen Anblick Pierrette wahnsinnig wird. Tanzend,
1777 2950 3014 3001 ausgestattet, und die Regie Dr. Hans Kaufmanns war nament¬
523 2973 1763 3046 bricht sie neben Pierrot zusammen. Dohnanyi hat zu dieser Dich¬
1766 2992 3015 3066 lich in der Pantomime zu loben. Die Spieloper leitete Kapellmeister
524 3028 1764 3089 tung eine Musik geschrieben, die nicht nur fein und meisterlich gemacht
1766 3035 3024 3078 [Krasselt. Den „Schleier der Pierrette“ dirigierte mit vielem
533 3061 1764 3131 und glänzend instrumentiert, sondern auch von großer Ausdrucks¬
1770 3077 3019 3149 Temperament Dohnänyi selber, der mit seinen Interpreten häufig
534 3104 1765 3170 kraft ist. Die einzelnen Vorgänge und Stimmungen malt das Or¬
1770 3118 3022 3190 gerufen und lange und lebhaft applaudiert wurde. Die zweite Hälfte #
535 3162 2984 3263 chester mit sunlicher Verdentlichung und sicherer Charakteristik, und des Abends war also ein echter Erfolg.
