3436 4384
289 104 1859 222 23 Der Schleiender Pierrette
1196 963 1525 1045 Telephen 12.901.
662 1087 1383 1182 „USSERTER
470 1153 1581 1236 I. öeterr. bohördl. kunz. Unseemahmen für Zeitungs-Ansechaltte
671 1216 1404 1293 Wien, I., Conoordlaplatz 4.
883 1265 1222 1336 bestretungen
487 1318 1586 1392 in Berlin, Basel, Bundapest, Chicago, Cleveland, Christiania,
485 1369 1586 1417 Oeuf, Kopantragen, Londnn, Madrki, Meiland, Minnespolla,
477 1400 1587 1471 Nrw-Vork, Parie, Nun, Sen Prancisco, Stockholm, St. Peters¬
882 1444 1184 1499 burg, Toronto.
792 1482 1253 1548 (Gusllenangabe ehne Gewübr.
485 1537 964 1629 Ausschnitt aus:
1258 1573 1473 1669 G48
485 1611 1306 1726 vom:  1910 6
832 1686 932 1825 7
550 1831 1409 1935 Theater und Munk.
456 1928 1458 2011 Eine musikalische Schnitzker-Premiere.
538 1993 1455 2064 Dresben, 22. Jän.Mr Schleier
432 2044 1442 2112 [der Piereite,“ eine Pantomime in drei Bildern
437 2076 1445 2160 von Artur Schnitzler, Musik von Ernst v. Dohnanyi,
436 2120 1444 2192 erlebte heute im kgl. Opernhause ihre Erstaufführung.
447 2163 1446 2237 Der Text ist eine Uebertragung von Schnitzlers
461 2225 1457 2304 „Der Schleier der Beatrice“ ins Pantomimische, im
456 2272 1435 2326 Herauslesen des dramatischen Kernes unter gleich¬
456 2301 1454 2385 zeitiger Uebersetzung aus der Renaissancezeit in das
446 2344 858 2409 vormärzliche Wien.
531 2370 1446 2459 Pierrette feiert Hochzeit mit Arlekino; am
435 2430 1449 2509 Abende des Hochzeitstages aber entflieht sie zu
438 2477 1445 2537 Pierrot, um mit ihm gemeinsam zu sterben. Pierrot
438 2502 1446 2593 bringt das Gift. Pierrette fehlt der Mut; sie kehrt
445 2564 1428 2627 zurück, vergißt aber wie Beatrice ihren Schleier.
436 2589 1440 2671 Arlekino bemerkt das Fehlen und findet ihn schließlich
433 2641 1443 2701 bei Pierrot, der immer noch tot auf dem Boden
433 2681 1456 2758 liegt. Er schließt Pierrette bei ihm ein, die nnn vor
432 2720 1428 2799 Angst und Aufregung wahnsinnig wird und nach
429 2760 1424 2834 einem wilden Tanze an der Leiche Pierrots sterbend
420 2813 746 2875 zusammenbricht.
515 2841 1451 2923 Die Musik Dohnanyis ist äußerst interessant,
417 2875 1437 2976 sehr klug und geschickt gemacht, in der Instrumen¬
419 2950 1434 3013 tation von raffinierter Differenzierung und Aus¬
420 2982 1438 3075 nützung der einzelnen Instrumente, mit einem Worte,
417 3035 1420 3102 eine Musik wie geschaffen für Schuch. Was er aus
414 3080 1421 3137 dem ersten Zwischenspiele, dem glänzendsten der zahl¬
414 3116 1430 3188 reichen Walzer, machte, wie er das zweite Zwischen¬
415 3158 1428 3238 spiel in einer prachtvollen Steigerung aufbaute, das
408 3207 1421 3268 gehört zu dem stärksten, was man, neben der Salome
422 3242 1418 3315 etwa, von ihm erlebt hat. Die übrige Darstellung
418 3288 1424 3361 war geschickt und geschmackvoll. Nur Fräulein Ter¬
419 3324 1421 3421 hani als Pierrette war sehl am Platze. Die Aufnahme
419 3364 847 3426 par sehr freundlich.
509 3416 1418 3484 Dohnänyi wurde sehr oft gerufen. Und als wie
426 3442 1407 3522 iblich erst nuch dem zehnten Hervorruf Herr von
425 3494 1404 3564 Schuck auf die Bühne gezogen wurde, brach ein
418 3533 1405 3627 reuetischer Beisemem los. Schnitzler, obwohl
418 3577 1213 3664 benfallg i-Dresden, erschien nicht
2019 117 2428 213 box 27/5
2632 541 2962 628 Telephos 12.5#l.
2111 614 2816 758 „OBSERVER
1924 752 3038 816 I. öaterr. behördl. konz. Unternehmen für Zeltusge-Aueschaltte
2118 803 2850 873 Wien, I., Concordiaplatz 4.
2325 849 2653 921 Vertretungen
1937 891 3040 971 ##n Berlin, Basel, Budapest, Chicago, Cleveland, Christlania,
1923 943 3024 1005 Oenf, Kopenhagen, London, Madrid, Mailand, Minneapolls,
1919 994 3036 1055 New-Vork, Paris, Rom, San Francisco, Stockholm, St. Petere¬
2338 1028 2635 1083 burg, Toronto.
2252 1062 2709 1122 Gpollenungabe ehne dew#b)
1919 1110 2752 1219 Ausschnitt, aus AnKfürtr
2196 1160 2501 1258 23.0N1910
2046 1393 3134 1475 h Dresden, 22. Jan., 9.40 N. Ernst v. Dohnanhis
1995 1450 3141 1516 Pantomime „Der Schleier der Pierette“ nach Arthur
2011 1499 3135 1559 Schuitzlers Stoff fand im Opernhaus dank der temperament¬
1993 1543 3134 1582 vouen Musik, der packenden Handlung und Her vorzüglichen
1984 1577 3154 1641 Aufführung unter Schuchs (Leitung gußerokdentlich lehhafte
1984 1610 2231 1687 Aujuasssig.
2041 2068 3138 2217 eieen Green
2306 2229 2683 2323 2/5·17 0-
2121 2513 3134 2618 Aus Dresden telegraphiert unser Korrespondent"
2070 2582 2832 2656 vom 22. o. Mts.: „Der Schleier
2941 2589 3139 2666 Pier¬
2066 2631 3134 2701 rette“, eine Pankomime in drei Bildern von
2064 2668 3124 2734 Arthur Schnitzler, Musik von Ernst v. Doh¬
2072 2692 3005 2770 nanyt, erlebte heute ihre Uraufführung in
2067 2744 3119 2834 Dresdner königl. Oper und fand den lebhaftesten
2057 2788 3114 2867 Beifall der Hörer. Dohnányi konnte gemeinsam mit
2062 2836 3109 2904 Ernst v. Schuch, der die Aufführung leitete,
2068 2870 3116 2932 immer wieder vor dem Auditorium erscheinen.
2064 2912 3126 2970 Schnitzler hat das Werk nach Motiven seines
2052 2955 3112 3039 Renaissancedramas „Der Schleier der Beatrice“ ver¬
2069 2988 3040 3067 faßt. Aus dem Bologna des Cinquecento ist
2063 3042 3100 3100 Handlung ins Wien der Biedermeierzeit versetzt
2055 3074 3103 3150 worden. Pierrette kommt von ihrer Hochzeit
2049 3122 3109 3198 mit dem finsteren Arlechino zu ihrem Geliebten Pierrot,
2060 3156 3045 3236 um vereint mit ihm zu sterben. Doch sie vermag
2048 3194 3101 3288 nicht selbst den Tod zu geben und entflieht angesichts
2050 3239 3110 3301 des Leichnuns zurück zum Hochzeitsfest. Der
2049 3287 3113 3345 eifersüchtige Arlechino bemerkt, daß ihr der Schleier
2052 3323 3107 3385 fehlt. Er kehrt mit ihr in Pierrots Wohnung zurück,
2053 3369 3111 3438 findet den Toten und übt nun teuflische Rache. Mit
2055 3406 3112 3472 dem Leichnam allein eingeschlossen versällt Pierrette
2047 3449 3108 3510 dem Wahnsinn. Das Libretto gibt Gelegenheit zu
2053 3479 2836 3554 einer Reihe reizvoller Tanzszenen,
3030 3509 3098 3555 die
2048 3533 3105 3592 Hauptstärke von Dohnányis vornehmer Musik
2045 3566 3106 3645 ausmachen. Der Komponist zeigt ein überraschendes —
2039 3607 3102 3698 Geschick, die malenden Fähigkeiten seiner Musik zur
2041 3648 3103 3707 Geltung zu bringen. Sein Orchester ist von außer¬
2055 3686 3096 3764 ordentlich seinem und bis ins kleinste differenziertem
2043 3737 3093 3804 Farbenreiz, die Diktion von großer dramatischer
2054 3773 3099 3857 Prägnanz und Spannkraft. Man wird nicht anstehen,
2034 3801 3005 3888 nach dieser starken Talentprobe Dohnényi zu
2036 3855 3076 3927 hoffnungsvollsten unserer Bühnenkomponisten zu
2035 3896 3096 3980 rechnen. Ein gut Teil der Wirkung beruhte auf der
2033 3931 3088 4020 geradezu genialen Interpretation Schuchs, die ihres¬
2037 3969 2564 4052 gleichen schwerlich findet.
