3392 4352
1985 211 2434 300 box 27/5
262 216 1847 295 23. Der Schleier der Pierrette
1907 419 3080 501 Die Herren Artur Schnitzler und Ernst v. Dohnanyt
1808 479 3069 537 scheinen dieses Publikum genau studert zu haben. Sie haben mit
1815 518 3064 586 hrer musikalischen Pantomime, die am Sonnabend in Dresden ihre
1813 553 3062 609 Uraufführung erlebte, ins Schwarze getroffen: Das Publikum, das be¬
1806 590 3068 657 kannte ausschließlich hochvornehme Dresdner Hosthaaterpublikum, raste
1810 635 3065 689 vor Begeisterung. Der Komponist wurde nur io herausgeschrien, zehn¬
1814 671 3063 738 mal mindestens. Herr Schnitzler wird es bereuen, daß er es sich hat
1802 700 3060 761 entgehen lassen, an diesem Triumph teilzunehmen. Denn er ist doch
1807 746 2386 809 schließlich der Vater der Idee.
1924 787 3056 841 Die Idee ist überhaupt das Wesentliche am Tex.buch. Der
1801 823 3065 891 Einfall, ein tragisch gewendetes Maskenipiel auf die Opernbühne zu
1800 879 3062 936 verpflanzen und die Opernsänger als stumme Schausvieler zu ver¬
1801 914 3068 965 wenden. Einzig deshalb, weil die ganze Pantomime von Mufik be¬
1798 951 3075 1009 gleitet ist, abo nur dem Orchester zuliebe, findet die Aufführung des
1814 1002 3063 1051 „Schleiers der Pierrette“ im Overnhaus statt. Was auf der Bühne
1801 1019 3068 1090 vorgeht, paßte besser ins Schauspielhaus, weil die Schauspieler durch¬
1803 1072 3064 1135 weg bessere Mimiker sind als das Opernperional — wenn nicht gar
1806 1102 3076 1151 in den Zirkus. Im Kabaret wenigstens habe ich ichon ähnliche Dinge
1803 1137 3058 1195 gelehen. Was da gespielt wird, ist das: Pierrot ist unglücklich ver¬
1802 1183 3066 1254 liebe er wühlt in Briefen und Blumien am Schreibtisch und läßt den
1805 1219 3076 1283 Kepf hängen, wirft sich schließlich auf den Diwan. Freunde und
1799 1261 3060 1313 Freundinnen kommen, um ihn abzuholen, mit einem Klavier¬
1817 1304 3072 1355 vieler herein (ist das nicht gesucht?), fnden ihn erst nicht und tanzen
1799 1344 3066 1389 deswegen im Zimmer heium. Er erwacht und wird bestimmt, sie zu
1806 1377 3067 1420 begleiten, schlägr es aber rundweg ab und wird nach vielen vergeb¬
1809 1417 3064 1478 lichen Aufforderungen und Bitten allein gelassen. Da sieht er die Ge¬
1800 1444 3052 1518 liebte kommen, empfängt sie im Vorsaal und führt sie herein. Sie
1805 1485 3072 1549 kommt im Brautstaat. Er ist befremdet. Sie kiebt ihn noch immer,
1804 1525 3066 1600 man umarmt sich heftig. Seinen Vorschlag, zu en fliehen, lehnt sie ab
1870 1572 3073 1629 sie haben beide nichts. Nur einen Rat weiß sie: Gist. Man
1807 1597 3059 1678 schmaußt und trinkt noch einmal zusammen und läßt sich etwas wie
1810 1652 3059 1713 eine ungarische Rhapsodie dazu ivielen (von Doonanyi, nicht von Liszt!),
1808 1681 3060 1740 am Ende schenkt Pierrot das Gift in beide Gläser, er trinkt, sie aber
1799 1733 3067 1793 findet nicht den Mut und als sie es doch tun will, schlägt er ihr im
1809 1760 3057 1812 Umfallen das Glas in Scherben. Pierrots Tod mit Tristan= und
1801 1795 3068 1869 Göterdämmerungsklängen, die sich schon im Voripiel finden, verbrämt
1803 1828 3055 1899 mit Richard Straußischem Schlagwerk. Außerdem ist nur ein breit
1811 1878 3057 1933 ausgesponnener, nach Johann Straußischem (mit dem eben genannten
1803 1908 3067 1982 nicht zu verwechseln!) Rezept gemachter Walter in diesem ersten Akt zu
1806 1944 3061 1993 erwähnen Die Ueberleitung von der schwächlichen Todesmusik zu dem
1806 1992 3061 2063 ießlichen Walzer, der den ganzen zweiten Akt beherrscht, macht Dohnanyi
1805 2035 3063 2113 recht gewaltsam mit langen leeren Touleiterpassagen in den Streichern.
617 2009 1548 2122 ADOLF SCHUSTERMANN
1918 2083 3060 2131 Dann der zweite Akt: Hochzeitsball bei Pierrettens Eltern. Ver¬
491 2104 1652 2198 XEITUNGSNACHRICHTEN-BUREAE
1804 2103 3060 2182 schiedene Tänze vom Ballett (die französische Schablone wird wieder
1794 2168 3058 2214 hervorgeholt !, begleitet auf der Bühne von einem Spinett, einer Geige
627 2170 699 2230 0
679 2165 1494 2246 BERLIN SC. 16, RUNGE-STRASSE 25/27.
1811 2199 3051 2266 und einer Klarinette, in Wirklichkeit von einem Richard=Strauß=Orchester
1806 2237 3055 2304 von mindestens 80 Mann (solche Wider=prüche scheinen Herrn v. Dohnanyi
1809 2271 3054 2327 nicht zu kümmern!), währenddem der alle finstere Arlekin., auf seine
613 2227 1528 2368 Zettung, Dresdner Volkszeitung
1803 2313 3058 2369 Braut Pierrette wartet. Die Eltern vermögen schließlich seine Ungeduld
1818 2357 3057 2408 nicht mehr zu bändigen, nirgends ist die Gesuchte zu finden. Arlek no
1817 2393 3062 2445 bekommt einen Tobsuchtsanfall und schlägt das Geschirr am Büffett,
603 2346 1133 2462 Adresse: Dresden
1806 2424 3058 2482 die Tasten des Klaviers, die Geige und Klarinette ier Musikanten ent¬
1042 2406 1381 2561 2 4.3 00
1801 2462 3056 2536 zwei (die entsprechenden Geräusche jeweils im Orchester dazu gemacht,
596 2495 832 2576 Datum:
1804 2510 3055 2562 recht geschickt!), im letzten Augenblicke kommt Pierrette herein, beruhigt
1811 2548 3060 2594 den Bräunigam, will mit ihm tanzen, sieht aber plötzlich den toten
1813 2590 3059 2638 Pierrot, eben o erscheint das Gespenst am Kredenztich, die Flaiche in
1805 2636 3051 2684 der Hand, um ihr einzuschenken. Entsetzen bei ihr, Befremden bei den
1818 2666 3054 2706 übrigen, Fortietzung der Tanzmusik auf den verstimmten, verdorbenen
614 2554 1338 2728 S undenr.
1325 2573 1793 2731 E
1814 2705 3053 2761 Instrumenten (Benefice für den Komponisten); unterdessen wird der Ver¬
1538 2708 1652 2772 — 22
1810 2747 3058 2811 lust des Brautschmucks emtdeckt, Pierrot erscheint mit dem Schleier in
1045 2761 1367 2847 Opernhaus
788 2764 961 2846 3
1807 2782 3056 2825 der Hand, Pierrette an Arlekinos Hand ihm nach, er verschwindet. Musi¬
1811 2818 3054 2889 kalische Ueberleitung zum dritten Akt. Arlekino betritt mit Pierrette
591 2825 1806 2895 Uraufführung der Pantomime „Der Schleier der
1810 2858 3062 2904 das Zimmer des toten Pierrot, um den Brautschleier zu holen. Er ent¬
577 2879 1811 2949 Pierrette“ von Artur Schnitzler, Musik von Ernst
1810 2892 3062 2956 deckt die Leiche, rüttelt ihn, weil er ihn für betrunken hält (der Vor¬
1049 2915 1401 2981 v. Dohnanyi
1803 2930 3064 2978 gang wirkt in seiner brutalen Roheit nur lächerlich!) und erkennt
694 2964 1818 3032 Wenn eine Kunstgattung heute im argen liegt, so ist es gewiß
1813 2977 3059 3035 schließlich die Wahrheit. (Das ist nur der Anfana, es kommt noch
587 3010 3051 3054 die Oper. Es herrscht da die größte stilistische Verwirrung. In alter, besser!) Er schleppt die Leiche an den Tiich, setzt sie aufrecht hin und
582 3038 3057 3118 vorwaanerischer Art, etwa wie Meyerbeer oder noch wie Gonnod, läßt trinkt ihr höhnisch zu. Ihr gegenüber zwingt er Pierrette zum Trinken
587 3083 3051 3149 sich nicht mehr schreiben, nachdem Wagner theoretisch wie praktisch die und will die Verstörte liebkosen. Sie wehrt sich, er wird immer brünstiger.
589 3135 1825 3173 alte Oper als unnatürlich, ols dramatisch unvollkommen erwiesen hat.!
1814 3129 3051 3174 Zuletzt, als er nicht zum Ziel kommt, verläßt er das Zimmer nach
590 3166 1814 3221 Aber im Wagnerschen Stil des großen Musikdramas mit der freien
1817 3170 3060 3240 einigen tiefen Bücklingen, stößt Pierrette, die sich angstvoll an ihn
587 3201 1805 3257 Verschmelzung von Wort und Ton, mit der Gestaltung des Musikalischen
1815 3205 3051 3265 klammert, von sich und schließt von außen zu. Jetzt ist nur noch eine
586 3246 1816 3297 rein nur aus der Handlung, aus dem Text heraus mit Verzicht auf
1815 3246 3057 3300 Steigerung möglich: daß Pierrette wahnsinnig wird. Sie führt einen
583 3286 1811 3349 alle festen Regeln und Vorichriften — das wagt heute auch niemand
1811 3281 3042 3347 immer wilderen Tanz vor dem Toten auf, bis sie tot niedersinkt. In
587 3327 1811 3375 mehr. Der Wagnersche Stil ist zu persönlich. Die gleichbegabten
1817 3319 3044 3376 der ersten Morgendämmerung tanzen die alten Freunde Pierrots herem,
588 3360 1809 3419 Nachfolger fehlen. Mit Recht wird immer wieder darauf hingewiesen,
1807 3359 3053 3412 gkauben erst zwei Liebestrunkene vor sich zu haben, bis sie mit Schaudern
581 3399 1802 3454 daß es viel wichtiger ist, die komische Oper auszubauen, als sich an der
1809 3396 3049 3453 zwei Tote erkennen. Außer dem eintönigen, auf die Dauer langweiligen
1807 3438 3049 3501 Wahnsinnstanz, in dem schrille Klarinettentöne das irrsinnige Lachen
587 3437 1805 3489 musikalischen Tragödie die Finger zu verbrennen. Leo Blechs „Ver¬
1818 3480 3052 3547 andeuten, enthält dieser Akt nichts Besonderes; den Walzer der Freunde
584 3467 1808 3536 siegelt“ zeigt, wie dankbar komische Stoffe für den Komvonisten sind.
1820 3517 2925 3566 aus dem ersten mit einem mißtönigen, roh abgerissenen Schluß.
580 3516 1807 3574 Da war das Vorbild der „Meistersinger“ wirklich fruchtbar, was man
586 3557 1816 3618 vom „Ring des Nibelungen“ und „Tristan“ nicht ohne weiteres be¬
1908 3563 3038 3627 Alle Mühe und Sorgfalt Ernst v. Schuchs war verschwendet.
574 3586 865 3653 haupten kann.
1800 3577 3046 3664 Die Partitur gibt nicht viel her. Man wundert sich, wenn man ins
694 3621 1802 3686 Nur findet leider die komische Over im modernen Gewande bei
1809 3640 3048 3700 Orchester schaut und den gewaltigen Aufwand an Mitteln sieht, vor
575 3671 1809 3731 unserem Theaterpublikum wenig Beifall. Die schmutzige Speku¬
1809 3682 3058 3730 allem den riesigen Bläserchor, da doch so wenig Wirkung herauskommt.
575 3703 1799 3762 lanten=Operette verdirbt den Geschmack an echter Komik — die
1808 3716 3045 3779 Mit einigen artistischen Pikanterien macht man noch lange keine gute
580 3750 1801 3802 „geschiedene Frau“ hat kürzlich zum 25. Male das Zentraltheater
1803 3751 3055 3810 Oper. Dohnanyis Musik ist im übrigen nicht nur unbedeutend und
586 3790 1798 3833 gefüllt und ist dafür von der gesamten bürgerlichen Presse mit Aus¬
1800 3790 3046 3847 unoriginell, sondern sie ist auch stillos. Zu einer Pupventrapikomödie
585 3829 1800 3879 zeichnung bedacht worden. Das Bedürfnis nach Komik allo befriedigt
1802 3829 3042 3885 im Biedermeierkostüm, die nichts bringt als ein paar Kranheien und
575 3855 1799 3914 man anderswo, im Opernhaus will man die andre Seite der dramatischen
1811 3879 3057 3936 viel Tanzbewegungen, paßt keine Musik mit der Aufmachung der
581 3898 1802 3952 Kunst kennen lernen. Beileibe ncht etwas Ernstes, Tiefes, wahrhaft
1811 3917 3047 3967 „Salome“. Die Herren Soot (Pierrot), Trede (Arlekino) und
579 3933 1804 3996 Tragisches, sondern den Nervenkitzel, das raffiniert Schauerliche, das
1810 3951 3044 4010 Berger (Gigolo) und Fräulein Tervani als Pierrene sonnten eben
579 3982 1816 4050 Krasse. Das war doch im Grunde das Geheimnis des Erfolgs von
1802 3992 3045 4051 nur zeigen, daß sie rein als Schauspieler etwas leisten. Den Pierrot
574 4009 1345 4067 Richard Strauß' „Salome“ und „Elektra“.
1794 4030 3055 4076 könnte man sich trotzdem beweglicher vorstelen. Fräulein Tervani gab
