3392 4384
1907 160 2375 247 box 28/1
365 161 1773 273 Der-SchleienderPierrette
182 206 392 290 23
413 906 3222 1114 Beilage zum „Charivari“ vom 19. April 1913.
1828 1225 2277 1313 Kkar
1306 1140 1666 1321 Ma
565 1316 3013 1429 Lustspiel in drei Akten von Leo Walther Stein und Ludwig Heller.
111 1420 3319 1535 r kustige Schwank ist mit stürmischem Heiterkeitserfolge Kürzlich in das Schauspielhaus zu München und in die Stadttheater zu Kiel
117 1529 3326 1610 rg eingezogen und hat sich auch hier als zugkräftiges Kassenstück bewährt. Am 14. ds. (. Konnte das (Werk das Jubikäum seiner 100.A
122 1546 3312 1674 Lustspielhaus zu Berlin vor ausverkauftem Hause feiern. Die Kritik hebt die flott durchgeführte Handkung und den witzigen
114 1675 3323 1737 chen Dialog sowie den kundigen Gühnenblick der Autoren mit besonderer Anerkennung hervor. (achstehend im Auszug einige Gespre
2398 1699 3326 1781 Sache unter der verkehrten Leitung des Herrn Fl#
1217 1716 2406 1800 und seiner Mutter Lebensführung an den Rand des finanziellen,
125 1740 1222 1820 „Münchener Neueste Nachrichten". Der neueste
2392 1760 3324 1822 gründlich schief gegangen, durch die Geschicklichkeit seg
1214 1751 2400 1850 Zusammenbruches geraten ist. Um seine Geldverhältnisse wieder
122 1790 1208 1856 wank des Schauspielhauses hat das immer bühnenwirksame
2406 1789 3318 1851 Buchhalters Veilchenfeld in eine Aera des goldene
1221 1805 2390 1879 zu heben, errichtet er auf Anraten des Bankiers Hamburger eine
2385 1836 3317 1888 hinüber. Der Schwank tat bei dem gut aufgele
116 1822 1225 1899 che Milieu zum Hintergrunde. Der erste Akt bringt einen
1221 1838 2390 1919 Majolika=Brennerei auf seinem Landgute, kommt aber mit diesem
2393 1865 3316 1930 lustigen Feiertagspublikum vollauf seine Schu
123 1855 1226 1939 kabend im Schloß der kleinen Residenz auf die Szene. Ein
1217 1874 2390 1955 Unternehmen zum zweiten Male an die Grenze des Ruines,
2390 1897 3314 1980 schließliche Verlobung des Herzogs mit der frisch
118 1900 1224 1975 ntes in Rot und Gold gehaltenes Kabinett, von vielen Lichtern
1220 1925 2405 1991 weil er das Geschäft durch seine Adjutanten ohne industrielles
2400 1947 3316 2016 Prinzeß von Frankenstein erhöhte das Wohlbehagen
110 1951 1227 2019 llt; Offiziere und andeie Gäste bilden die Umgebung des
1228 1966 2405 2035 und kaufmännisches Verständnis hat leiten lassen. Da stellt der
2389 1993 3194 2053 Meisten das Haus verlassen haben werden.
127 1989 1221 2054 h und jungen Fürsten Friedrich. Am Flügel beschäftigt sich
1227 2003 2392 2073 immer hilfsbereite Hamburger seinen Buchhalter Veilchenfeld zur
2477 2012 3309 2095 „Münchner Zeitung". Dieser Schwank
122 2009 1232 2096 Unterhaltung des Kreises der Pianist Schwierschineky. Der
1225 2037 2394 2112 Verfügung, der Fürst einennt ihn zum Direktor und das
2405 2062 3203 2147 gute, eine glänzende Grundidee.
115 2063 1221 2133 igste Gast des Abends ist noch nicht erschienen, Herr Ham¬
1222 2077 2407 2163 Majolikawerk nimmt nun einen derartigen Aufschwung, daß der
2487 2099 3324 2172 „Bieler Zeitung“. Die lustige Szenenführun
131 2099 1221 2176 er, der erprobte Kaufmann, von dem man eine neue Anleihe
1234 2121 2395 2191 Fürst seiner Herzensneigung folgen und die Prinzessin Maria
2404 2122 3324 2211 Dialogbehandlung der Verfasser mußte jeden Einwa
122 2137 1228 2209 kunehmen wünscht. Wie er endlich eintrifft, wurd unter Ver¬
1223 2165 2400 2225 Elisabeth heiraten kann. Das Stück zieht durch Komik, Witz
2569 2174 3322 2250 es begreiflich, daß man diese Residen
128 2186 1225 2252 lung des Ministers die Angelegenheit, zu deren Erledigung
1218 2215 2355 2283 und durch Humor. Der Applaus war sehr lebhaft.
2409 2222 3246 2294 allerseits mit fröhlichem Lachen entgegennahm.
125 2227 1227 2288 Abend nur den Vorwand abzugeben hatte, schnell erledigt.
1302 2233 2413 2319 „Neues Münchener Tageblatt“. Das neueste Pro¬
2486 2253 3327 2328 „Rieler Dolks-Zeitung“. Man kann vo
133 2244 1227 2331 t eines Schecks, entnimmt Hamburger seiner Brieftasche indes
1226 2282 2407 2353 dukt besteht aus der beliebten alten Mischung: Hochadel und
2405 2309 3321 2367 Rechnung kommen. An amüsanter Unterhaltung durch
124 2302 1226 2367 Enttäuschung des jungen Fürsten ein Stück Lehm, das aus
1228 2318 2397 2404 Hochfinanz mit einem kleinen Aufguß von Amerikanismus. Man
2408 2343 3332 2404 und Witze fehlt es nicht. Es ergeben sich schwankm
132 2342 1225 2402 Boden eines der fürstlichen Güter stammt. Dieser Grund
1236 2363 2405 2438 amüsiert sich. Dem Publikum machte der Spaß viel
2406 2383 3330 2447 und Situationen. Der Schwank wurde im Hau
129 2373 1231 2450 #ilt zur Verarbeitung geeignete Substanzen, und so geht Ham¬
1226 2425 1476 2493 Freude.
126 2421 1220 2502 ers nach einigem Widerspruch akzeptierter Vorschlag dahin,
2405 2418 2802 2504 Laune aufgenommen.
1308 2438 2398 2522 „Münchner Post“. In Berlin hat man ganz besonders
2474 2444 3338 2518 „Rhein- und Kuhr-Zeitung“. Der Zwe#
146 2465 1232 2525 fürstliche Majolikafabrik zu begründen und so den ge¬
676 2497 1236 2565 Die Sache läßt sich gut an,
2398 2505 3333 2565 angenehm witzig zu unterhalten, ist erreicht und der
1227 2503 2404 2564 verständnisvoll bei diesem Schwank mit den Augen ge¬
138 2509 697 2574 schten Mammon zu beschaffen.
2399 2543 3319 2600 es genug, um das Publikum 2¼ Stunden — nicht
1237 2530 2402 2601 zwinkert. Der ersolgreiche Trick, Publikus hinter die Tapeten
141 2541 1235 2608 weiten Akt wird die Fabrik gleich im Benieb vorgeführt, ge¬
2402 2578 3326 2637 köstlich zu amüsieren. Das Stück ist aktuell. Es haf
162 2579 1228 2651 r das Kontor des Unternehmens, in dem der jugendliche
1241 2561 2403 2643 der Hoheiten blicken zu lassen, bewährt sich auch hier wieder.
2401 2597 3313 2681 bei uns, wie in Berlin, München und Düsseldorf,
168 2602 1243 2687 und ein als Betriebsleiter abkommandierter Offizier ihr
1235 2629 1881 2693 Der Schwank amüsierte auch hier.
2403 2659 3330 2724 wer es gestern nicht sehen konnte, braucht keine An
133 2646 1231 2723 En treiben. Bareingänge finden sofort die flotteste Ver¬
1312 2656 2402 2736 „Bayrischer Kurier“. Geschickte Mache und harmloser
2406 2699 3321 2753 „Maiolika“ wird sicher auch hier in Duisburg eine
137 2678 1243 2763 dung, und so kann es nicht ausbleiben, daß die Bücher einen
1241 2706 2410 2769 Witz beschert zwei Stunden ungetrübter Heiterkeit. Die Ge¬
2413 2737 3329 2801 von „Aufführungen erleben. Es ist der Sch
132 2740 1233 2803 s unstimmigen Eindruck machen. Für Herrn Hamburgers
1235 2743 2395 2813 schickte von dem im ewigen Dalles befindlichen Herzog Friedrich,
139 2769 1237 2846 heraugen wenigstens, der bestürzt herbeieilt, weil man über¬
2395 2787 2609 2853 Tages.
1234 2777 2406 2850 auf dessen Besitzungen hochwertige Tonerde gefunden wird, wes¬
2482 2798 3342 2877 „Berliner Lohal-Anzeiger“. Im Lustspielha
170 2818 1228 2878 ihm die Zinsen zu bezahlen. Zur Sanierung des am
1252 2820 2401 2891 halb er — mit demlicher Anspielung auf Kadinen — eine am
137 2845 1239 2921 de des Bankerotts hintaumelnden Unternehmens wird auf
2411 2858 3299 2924 (Montag) „Majolika“ zum 100. Male Trumpf. Z
1243 2850 2408 2924 Ende unter jüdischer Leitung glänzend florierende Majolikafabrik
139 2889 1237 2960 burgers Rai dessen Prokunst Veilchenfeld als kaufmännischer
2405 2889 3341 2957 Fabrikat, dessen Marke der artige Schwank an der
1238 2893 2411 2969 errichtet und damit seine Finanzen rangiert, ist garniert mit
149 2927 1243 3004 er eingestellt, durch dessen Tüchtigkeit zu Ende des dritten
2406 2932 3333 2996 hüpfte der geistvolle und witzige Dialog
1236 2939 2405 3012 manch lustigem Einfall und gipfelt in einer durch Herzens¬
2407 2975 3322 3035 weitere Vervielfältigung der „Majolika“ ist den
147 2971 1233 3036 s die Kasse bereits solche Bestände und Abschlüsse aufweist,
1244 2970 2414 3043 neigung herbeigeführten Verlobung des herzoglichen Tonwaren¬
2409 2990 3340 3083 Majolikawerken“ auf der Friedrichstraße wohl zu wü
145 3004 1243 3075 der junge Fürst, nunmehr zur guten Partie geworden, um
1239 3014 2404 3095 fabrikanten. — Der am Schreibtisch der Jabrik sitzende und in
2489 3062 3293 3116 „B. Z. am Mittag“. Im Lustspielhaus
154 3046 1240 3138 Hand von Fürst Albrechts Tochter erfolgreich anzuhalten ver¬
1243 3051 2412 3125 Kürassieruniform mit Stahladlerhelm Majolikakorrespondenzen
2405 3085 3345 3147 Dir kior Bolten=Bäckers das erste große Jubiläum sei
191 3074 1246 3157 Ohne eine detartige Verlobung geht kein Schwank zu
1241 3105 2402 3165 erledigende Landesfürst hat entschieden den Reiz der Neuheit.
172 3124 1242 3193 und so fehlt auch hier nicht der beliebte Schlußallord. Es
2404 3135 3328 3183 feiern. Der lustige Schwank „Majolika“ ging zun
1236 3141 2405 3198 Das Publikum unterhielt sich und spendete willig
2407 3152 3343 3241 in Szene und amüsierte das ausverkau
158 3174 1237 3240 die flott durchgeführte Handlung, deren ge¬
1236 3198 1490 3253 Beifall.
2410 3213 2977 3279 wie bei der Premiere.
144 3186 1235 3277 ichte Pointierung allenthalben Ludwig Hellers vielfach
1319 3210 2409 3291 „Daterland“. Leo Walther Stein und Ludwig Heller
2482 3231 3342 3307 „Berliner Börfen -Courier“. Das Lu
150 3251 1244 3329 hrten Bühnenblick erweist, durch die frische, lustige
1236 3258 2414 3332 haben uns zum diesjährigen Ostersonntag wieder einen ihrer
2410 3279 3345 3356 gestern abend die 100. Aufführung des Stein un
164 3285 1238 3356 ,mit der diesem Parallelogramm der Fünf Frankfurter neue
1251 3302 2404 3370 lustigen Schwänke beschert, die schon so oft in diesem Hause
2411 3329 3347 3397 Schwanks „Majolika“ vor überfülltem Haus
139 3327 1245 3401 ungsmöglichkeiten entlockt werden. Ein Hamburger hat hier
1243 3345 2412 3407 Stürme unverwüstlicher Heiterkeit ausgelöst haben.
2493 3360 3353 3437 „Berliner Morgenpost“. Das Lustspielha#
138 3362 1243 3432 allein zu leisten, worein sich dort fünf Frankfurter zu teilen
1251 3382 2412 3445 Diesem neuesten liegt eine neue Idee zugrunde. Der findige
2408 3401 3347 3469 liche Tage. Der amüsante Schwank „Majolika“ ha
160 3397 1250 3475 n. Das Publikum, das sich recht angenehm unterhalten
1254 3421 2399 3491 Bankier Hamburger befreit den jungen Herzog Friedrich aus
2417 3433 3337 3509 stolze Zahl „100“ erreicht, und gewiß werden sich
152 3460 877 3527 e, geizte nicht mit Beifallsbezeigungen.:
1249 3457 2419 3535 seinen chronischen finanziellen Schwierigkeiten durch die Gründung
146 3471 1240 3551 „Bayrische Staatszeitung". Der dreiaktige Schwank
162 3539 3165 3614 jolika“ handelt von einem jungen Fürsten, der durch seine' einer Majolikafabrik auf dessen Gütern und führt, nachdem die den Scherzen und Anspielungen ergötzen.
