3392 4384
215 266 1789 374 23. Der Schleien der pierrette
1546 1643 1895 1730 Telepben Mas9l.
994 1763 1638 1870 „UDSERTER
775 1834 1896 1953 I. Seterr. bebördl. konz. Unternehmen für Zeitunge-Ansechaltte
959 1892 1720 2000 Wien, I., Conoordiaplatz 4.
1184 1956 1496 2035 Vertretungen
787 1995 1874 2100 in Berlin, Basel, Budapest, Chicago, Cleveland, Christiania,
779 2033 1876 2143 Genf, Kopenhagen, London, Madrid, Mailand, Minneapolis,
776 2062 1877 2166 New-Vork, Paris, Rom, San Francisco, Stockholm, St. Peters¬
1177 2133 1491 2188 burg, Toronto.
1083 2165 1562 2247 Tühelienangabe oune Geu#ll
756 2209 1147 2300 Ausschnitt aus:
763 2332 1180 2407 vom: 23061 10
1043 2562 1818 2648 Der Schleier der Dierrette.
1007 2616 1918 2705 Eine Schauernantowime löste gestern im Neuen
949 2670 1916 2747 Stadttheater starken Premierenbeifall aus. Sie
948 2720 1905 2780 befriedigt vorwiegend brutale Instinkte. Die
942 2761 1913 2809 stoffliche Verwandtschaft mit dem Nepertoire ge¬
942 2799 1919 2850 wisser Kinematographen=Theater liegt nahe. Wir
931 2826 1912 2894 haben in Leinzig ganz reizende Werke nam Genre
939 2865 1912 2929 der Pantomime gehabt; ich erinnere z. B. an den
935 2928 1912 2963 „verlorenen Sohn“; auch das Loewenfelbsche Werk¬
942 2954 1897 3006 chen war hübsch. Gegen die Gattung selbst ist also
937 2992 1908 3051 nichts einzuwenden. Es fragt sich nur, ob solch
933 3022 1640 3096 gräßliche Vorgänge, wie sie dem
1680 3039 1854 3105 Egerschf
1576 3073 1615 3096 *
926 3064 1893 3134 Stück „Der Schleier der Pierrette“
928 3104 1898 3169 bei Ausschaltung der die Seele erhellenden Sprache
933 3142 1906 3218 oder des Gesanges, allo lediglich unter Anwendung
933 3188 1910 3258 der Gebärde, nicht zu einer ziemlich rohen Schau¬
926 3226 1893 3291 stellung herabsinken. Mein Empfinden zwinat mich
931 3254 1908 3324 das leider zu beiahen; ich habe mich nicht im
936 3303 1905 3362 mindesten künstlerisch erhohen, nielmehr abgestoben
936 3339 1905 3398 gefühlt. Die Handlung ist schnall stirziert: Vierrattg
932 3379 1899 3440 muß den düster=unheimlichen Arlechino zum Manne
924 3414 1109 3461 nehmen.
1198 3420 1901 3472 eilt om Hochteitschend heimlich zu
917 3450 1894 3521 ihrem Geliebten Pierrot und hält mit ihm eine
917 3484 1902 3556 letzte Liebesfeier, die ein gemeinschaftlicher Selbst¬
913 3531 1902 3603 mord beschließen soll. Pierrot leert den Giftbecher,
1930 263 2379 350 box 27/5
1959 1116 2940 1190 aber Pierretten fehlt die gleiche Courage. Sie
1966 1156 2943 1227 stürzt zurück in den Hochzeitssaal. Dort fühlt
1968 1195 2944 1271 sie sich durch die in ihrer Phantasie auftauchende
1961 1242 2926 1307 (dem Zuschauer ebenfalls sichbar gemachte) ge¬
1967 1273 2938 1341 spenstische Erscheinung Pierrots erschüttert. Der
1958 1312 2943 1378 Tote winkt ihr mit dem Schleier, den sie neben
1960 1350 2939 1415 ihm zurückließ. Magnetische Gewalt reißt sie an
1962 1388 2936 1453 den Leichnam. Dort überfällt der Wahnsinn die
1951 1423 2940 1489 Unglückliche; sie führt neben dem Selbstmörder ein
1966 1467 2936 1541 Elektratänzchen auf und stürzt entseelt nieder.
1959 1503 2933 1566 Mit einem ungeheuren orchestralen Aufwand
1961 1545 2932 1612 lieferte E. von Dohnanyi dazu die musikalische
1965 1581 2933 1652 Illustration. Störend ist vor allem die unsägliche
1954 1604 2930 1683 Breite. Die Tänze im Hochzeitssaal wollen schier
1953 1660 2923 1722 kein Ende nehmen. Hier verstimmt die Absicht des
1952 1704 2931 1765 Komponisten, durchaus seinen Walzer mit mög¬
1959 1737 2922 1799 lichstem Aplomb anzubringen und unter allen Um¬
1956 1775 2921 1850 ständen dem Ballettkorps Gelegenheit zur Ent¬
1961 1811 2926 1880 faltung von Gelenkigkeit zu bieten. Deshalb die
1947 1859 2520 1912 Handlung aufzuschieben ist
2522 1860 2909 1916 unkünstlerisch.
1952 1890 2920 1958 Merkt niemand eher, daß die Braut fehlt? Wie¬
1939 1932 2916 1994 viel Unwahrscheinlichkeit in der ganzen Geschichte!
1952 1969 2918 2025 Dohnanvi will offenbar Alt=Wien emporzaubern.
1942 2009 2922 2076 Mit diesem modernen orchestralen Impasto? Viel
1978 2051 2916 2115 u dick! Daß seine Arbeit natürlich auch manche
1972 2085 2915 2159 chönbeiten aufweist, daß er aft treffend charaktori¬
1943 2120 2907 2188 siert, dies kann ihm zugestanden werden. Den Bei¬
1945 2165 2906 2218 fall möchte ich auf das Konto der Darsteller setzens
1940 2200 2903 2269 Die Herren Klinghammer und Kase sowie
1939 2242 2895 2309 Fräulein Sanden die in einer speziellen Kunst
1935 2287 2911 2339 aattung durchaus Bemerkenswertes leisteten. Dis
1944 2319 2905 2375 Ballettmeisterin Fräulein Grondona ward mis
1943 2353 2908 2418 Recht gerufen. Verdient machte sich vor allent
1936 2390 2420 2447 Kavellweister Pollak...
2438 2405 2901 2459 Auf die Tragödie bätte
1936 2437 2905 2502 zur Verscheuchung böser Träume ein Satyrspie!
1944 2471 2897 2534 folgen müssen. Man schenkte uns aber statt er¬
1931 2506 2897 2576 heiternden. prickelnden Chamvagners einen abge¬
1936 2549 2881 2615 standenen Schlaftrunk: Halévys „Der Blitz“
1940 2593 2858 2651 Gute Nacht! Den alten Herrn wollen wir i
1932 2626 2915 2697 Frieden lassen! Wir haben andere Ansichten über
1936 2666 2906 2722 diese sogenannte komische Over als die Herrschaften
1925 2702 2900 2773 von 1825. Einzelne hübsche Evisoden können nur
1933 2739 2901 2812 schwer über die tödliche Lanaeweile hinweghelfen.
1924 2785 2902 2843 die das Merk ausströmt. Reden wir nicht mehr
1934 2819 2899 2893 über die Mumie. Von den vier Mitwirkenden war¬
1936 2859 2899 2924 Fräulein Merrem besonders reizend, Herr¬
1933 2902 2907 2963 Schroth wirkte sveziell durch seinen frischen.
1922 2934 2898 3000 kecken Humor, der zu schwer angelegte Lionel des
1925 2980 2896 3050 Herrn Jäger ließ mich ziemlich kalt (die Partie
1918 3017 2887 3076 entspricht nicht dem Naturell des Künstlers), Fräu¬
1919 3051 2892 3117 lein Eichholz erfüllte ihre Pflicht. Für Reaie
1931 3094 2888 3154 und musikalische Direktion zeichneten Herren
1928 3127 2893 3198 Marion und Kanellmeister Conrad. Solche
1926 3171 2889 3245 verblaßte Merke, die aus der Zeit stammen.
1937 3208 2883 3273 da der Großnater die Großmutter nahm. haben sich
1927 3244 2900 3307 schorsoht Marnm herttsschtigt won nicht roizende
1918 3276 2888 3353 Schöpfungen neuerer Meister? Warum bekommen
1914 3318 2879 3387 wir nichts Götl „Botkas 2iernunnen“ zu bären?
2846 3351 2884 3384 *
2300 3359 2339 3392 0
1909 3362 2896 3433 Mill man aber auf Länastbewährtes zurückareifen.
1920 3398 2894 3454 warum ergnickt man uns nicht mit wirklich anten
1920 3434 2879 3503 Spielopern? Könnte denn an der Leipziger Oper
1913 3479 2889 3538 niemand z. B. den Postillon von Lonjumeau singen?
1904 3510 2896 3600 Die kamische Oper zu pflegen ist immer dankbar.
2605 3556 2858 3630 P. Daehne.
