3392 4320
293 107 496 203 23.
2018 130 2463 234 box 27/5
484 115 1884 238 Der Schlefender pierrette
1530 1460 3362 1582 und Boden legen sollen. Besondere Weihe erhalte sie ditrch Wir verwälten z war eine Großstadt, 1e106
348 1440 439 1597 4
1527 1518 3366 1622 hat aber der übereifrige Rausdiener das hinterzagne Pfand¬ Teil wunde, kömen wir uns über
488 1543 1460 1630 K. Hoftheater in Stuttgart.
1538 1584 2697 1638 objekt entdeckt und legt sofort Siegel an dasselbe an und „ver¬
2681 1587 3380 1660 Schnitzler, der einst so kräftig aufstre
407 1597 1537 1679 L. H. Stuttgart 25. April. Die beiden Neuheiten des gestri¬
1547 1626 3378 1698 siegelt“ auf diese Weise seinen eigenen Herrn und Gebieter. in der Legende zu seinem Tanzpoem
386 1652 1545 1713 gen Abends, Blechs einaktige komische Oper „Versiegelt“
1538 1667 3366 1725 Um den Kern dieser Haupthandlung gruppiert sich eine ganze der so unfruchtbaren Neuromantik:
377 1682 1533 1761 und Arthur Schnitzlers Pantomime „Der Schleier der
1542 1710 2687 1782 Reihe von Nebenhandlungen, die sehr luftig und gleich der
2678 1724 3347 1787 mannsche Humore zu entwickeln, fin
375 1723 1542 1806 Pierreite“Mi-Misik von E. v. Dohnanyi, waren sehr
1534 1759 2686 1820 Haupthandlung glücklich verlaufen, denn zum Schlusse erhält
2670 1764 3372 1834 sie zu meistern. Die Geschichte von
376 1775 1543 1845 verschiedener Natur und fanden denn auch ein sehr verschiedenes
1539 1797 2680 1871 der Bürgermeister die Hand seiner vielverehrten Freundin,
2681 1819 3361 1875 ihrem Hochzeitstag von der Seite de
381 1818 1544 1896 Schicksal, erstere eine überaus freundliche Aufnahme und letztere
1531 1843 2679 1901 sein Töchterlein die des ihm bis dahin von dem Vater hart¬
2675 1854 3363 1918 liebten Mannes flieht, ihren ehemali
379 1869 1539 1931 eine solche, die von einer direkten Ablehnung kaum noch ver¬
1529 1880 2677 1951 näckig verweigerten Ratsschreibers. Die Nachbarin wird wie¬
2674 1894 3354 1964 Pierrot, aufsucht, diesen zu einem
376 1900 1543 1984 schieden war, und die wohl etwas schroffer ausgefallen wäre,
1527 1921 2679 2004 der in den Besitz ihres vielgeliebten Schrankes gesetzt und die
2682 1934 3366 2004 mord zu bewegen sucht, ihn aber alle
378 1949 1545 2023 wenn nicht das Publikum der mit der Hauptrolle betrauten
1538 1972 2690 2047 Kosten des ganzen Spasses hat einzig und allein der arme,
2682 1988 3377 2062 läßt, dann mit Hinterlassung ihr
374 1991 1544 2071 5 Künstlerin seine Anerkennung für ihre vortreffliche Leistung
1529 2020 2682 2078 allzu pflichteifrige Ortsdiener zu tragen, dem gleichwohl mit
2669 2031 3367 2096 Hochzeitsgesellschaft zurückkehrt, von
387 2040 1546 2097 hätte zu erkennen geben wollen. Merkwürdig war dabei der
1545 2053 2689 2118 ihnen keine gar zu schwere Last aufgebürdet wird. Die Musik
2678 2059 3369 2139 scheinung des gestorbenen Freunde
385 2081 1548 2163 Umstand, daß in den Textverfassern beider Werke sich die
1543 2096 2684 2159 Blechs ist gefällig, melodisch und fließt leicht dahin, sich dabei
2676 2111 3378 2170 Schleier vermißt, diesen zurückholen
382 2125 1542 2197 Vertreter zweier schroff von einander geschiedenen literarischen
1532 2140 2677 2216 geschickt in der Mitte zwischen älterer und neuerer Opernform
2673 2139 3367 2215 dem ihr nacheilenden Bräutigam ver
366 2162 1540 2240 Zeitströmungen entgegentreten sollten, der gute, alte, zopfige
1534 2183 2676 2256 haltend; sie ist modern, auch in der Instrumentation, in ihrer
2670 2198 3368 2264 dem betrogenen Mann bei der Leiche
378 2193 1549 2291 Raupach — denn nach seinem Lustspiele „Der versiegelte
1528 2225 2680 2292 Art aber eklektisch, denn ihr Urheber versteift sich nicht pedan¬
2677 2242 3364 2308 Geliebten eingeschlossen, den Qualen
364 2240 1494 2319 Bürgermeister“ ist das Batkasche Libretto gearbeitet —
1534 2274 2682 2338 tisch aufdie eine oder die andere Schablone, er verwendet die
2673 2270 3364 2347 und von den herbeigeströmten Freun
376 2295 3362 2390 und der hypermoderne Verfasser der „Liebelei“! Die Mittel, die sich ihm jeweils als die geeignetsten zur Ereichung aufgefunden wird ist so künstlich kon
374 2339 1537 2411 Blechsche Oper ist etwas spät zu uns gelangt, deshalb soll sie
1538 2357 2683 2424 seines Zweckes darbieten und — was die Haupsache ist — der
2670 2367 3361 2436 anempfunden und so jeden Zuges
365 2369 1532 2450 uns aber nicht minder willkommen sein. Ist sie auch kein
1525 2400 2681 2473 erstrebte Zweck wird von ihm allemal erreicht. Die Aufführung
2675 2410 3362 2484 gewaltsam und unwiderstehlich dem
366 2427 1548 2498 Meisterwerk, so gehört sie doch zu der gesunden theatralischen
1527 2442 2679 2512 verlief unter Kapellmeister Pitteroffs musikalischer und Ober¬
2666 2441 3361 2519 der Leidenschaft entbehrend, daß ihr ?
365 2462 1536 2534 Alltagskost, der die moderne Opernbühne noch viel weniger
1529 2486 2670 2549 regisseurs Gerhäusers szenischer Leitung bei sehr gefälliger
2672 2493 3370 2567 eines Tanzpoëms — und in dieser
371 2505 2682 2581 entbehren kann als die irgend einer früheren Zeit. Der In¬ Inszenierung recht glatt und rund. Hr. Swoboda leistete
2676 2536 3356 2610 peinlichste berühren kann. Die Vorg
366 2554 2673 2644 halt des Librettos braucht kaum angedeutet zu werden, es ist als Bürgermeister diesmal nicht nur gesanglich, sondern auch
2664 2575 3362 2650 Bühne sich entwickeln sehen, können
366 2594 1541 2676 die alte Geschichte von dem gestrengen Herrn Bürgermeister,
1526 2615 2686 2691 darstellerisch Anerkennenswertes Frl. Sutter entfaltete als
2671 2630 3362 2689 einwirken, und leider ist es dem offen
367 2638 1534 2705 der bei dem zärtlichen Stelldichein mit einer Freundin über¬
1523 2659 2667 2718 Frau Gertrud in gewohnter Weise ihren Frohsinn und ihr
2664 2671 3363 2742 nicht gegeben gewesen, sich durch seine
372 2682 1531 2748 rascht wird und in der Not des Augenblicks kein anderes
1526 2687 2686 2769 unverwüstliches Temperament, und in Frl. Heinefetter
2670 2715 3357 2778 licher zu machen. Seine Musik, die
366 2727 1533 2793 Versteck finden kann als einen Schrank. Leider ist dieser
1531 2741 2676 2812 und Hrn. Kanzow hatte das junge Paar eine ungewöhnlich
2670 2747 3361 2819 unbeträchtlichen Können Zeugnis ab
370 2761 1529 2826 Schrank aber ein Pfandobjekt, das bei der bürgermeister¬
1531 2784 2684 2859 stimmfrische Vertretung gefunden. Nicht zu vergessen seien
2667 2802 3350 2853 ander entgegengesetzte Stimmungen i
370 2808 2681 2901 lichen Freundin nur Unterkunft gefunden hat, weil seine auch der drollige und in gutem Sinne komische Ratsdiener
2671 2845 3354 2897 aus bedrückender Schwermut in den #
369 2849 2665 2938 Eigentümerin, eine mit ihren Steuern im Rückstand gebliebenej des Hrn. Wiedemann und die sp ängstlich um ihren viel¬
2669 2888 3353 2945 und aus diesem in das Grauen des W
360 2897 2661 3000 und bei dem würdigen Stadtoberhaupte nichts weniger als geliebten Schrank besorgte Frau Nachbarin des Frl. Schön¬
2659 2922 3361 2989 Aber, wenn unser Gemüt gewaltsam
359 2941 1741 3009 gut angeschriebenen Nachbarin, es dem ihm drohenden Schick=berger.
2662 2981 3359 3026 quält und gefoltert worden ist, werfen
370 2981 3345 3086 sal der öffentlichen Zwangsversteigerung entziehen möchte. Nun] Bei dem Schicksal, das der zweiten Neuheit des Abends zunach dem Warum auf. Um nichts,
