3392 4320
353 137 536 219 23.
538 145 1924 233 Der Schleiender Pierrette
1176 486 2121 575 Wachnstnnsszene des Fil. Rigrin! (Pierreite) er
1172 549 2133 620 füllt. Auch die übrigen Mitwirkenden trugen nac
1170 587 1896 666 Kräften zum Gelingen des Werkes bei.
1245 650 2126 712 Den Abschluß des Abends bildete Wolf=Ferraris
1164 681 2126 750 Einakter „Susannens Geheimnis“, den der Librettist,
1176 730 2128 807 Enrico Golisciani, „Intermezzo“ nennt, ein liebens¬
1173 787 2128 840 würdiger Einfall, der nach Zeitkolorit und Technik
1168 830 2127 905 der Ausführung sich der Mozartsphäre eingliedern
1168 882 2114 942 ließe. In der Tat hat auch der Komponist diesen
1156 924 2117 1002 Verhältnissen Rechnung getragen und die Musik
1161 986 2129 1049 ganz im Geiste und Stile seines großen Vorbildes
1163 1035 2122 1097 gehalten. Freilich passiert es ihm bisweilen, daß
1156 1085 2111 1144 er diesem Vorbilde zu nahe kommt, aber auch das
1159 1123 2116 1194 nimmt man angesichts der Liebenswürdigkeit und
1164 1171 2109 1244 Einheitlichkeit des Werkes gerne hin. Der deutsch¬
1164 1216 2125 1293 italienische Tondichter hat seinerzeit mit der Oper
1160 1272 2124 1340 „Die neugierigen Frauen“ einen großen berechtigten
1157 1316 2115 1378 Erfolg errungen, und das vorliedende opus dürfte
1156 1358 2107 1438 seinen Ruf gewiß nicht schmälern. Jedesfalls ist es
1154 1415 2120 1483 Wolf-Ferrari gelungen, die ältere Form mit neuem
1157 1459 2112 1545 Geist zu erfüllen. Die Rhythmen leben frisch auf,
1150 1508 2116 1582 die Orchesterfarben strahlen in hellem Glanz: man
1150 1555 2109 1635 hat nicht das Gefühl, daß hier etwas erborgt ist,
1149 1612 2105 1666 man wähnt, es müsse so sein. Die ungestüm for¬
1148 1645 2126 1713 schende Eifersucht des Grafen, die statt des vermu¬!
1140 1705 2104 1780 teten Liebhabers die unschuldige Raucherleidenschaft
1139 1741 2104 1810 der Gattin entdeckt, ist musikalisch köstlich gezeichnet
1144 1801 2100 1874 und wurde von Herrn Kant sehr überzeugend ge¬
1145 1842 2101 1902 schildert. Diesmal gab sich der ausgezeichnete
1139 1894 2101 1967 Sänger auch als temperamentvoller Darsteller zu
1139 1949 2098 1995 erkennen. Frl. von Catopol (Gräfin) assistierte
1141 1986 2088 2053 ihm in außerordentlich sympathischer Weise. Kapell¬
1145 2040 2099 2114 meister Ottenheimer hatte beide Premièren
1143 2091 2094 2165 gründlich vorbereitet und dirigierte mit Geschmack
1133 2132 2094 2217 und Umsicht. Es gab viel aufrichtigen Beifall.
1856 2194 2056 2252 Dr. V. J.
1201 2215 2083 2309 Der eigentlichen Vorstellung ging eine sinnige
1124 2280 2099 2362 Kaiserhuldigung voraus. Das Theater war von
1136 2327 2089 2393 einer distinguierten Zuhörerschaft besucht, in der
1135 2374 2090 2460 man die Spitzen aller Behörden und viele andere
1128 2413 1507 2477 Dignitäre bemerkte.
1135 2447 2090 2547 #ssvbobuvg, bvach sufsupg pun —
1208 2553 1977 2669 jass aagol uogaostpna
1431 2652 1848 2721 obisstg gun JzuvbojD
1653 2811 2085 2866 1919106 00pg bnajog
1149 2852 2087 2916 hach obpiaaas 31& #asvic sliquigg jog ssoj6
1148 2899 2082 2968 un sispujb zoguvj aun uaznog ubhoh old
1154 2954 2090 3006 lbjusagoug) ung ’uadiis asjphmonig sja
1234 2999 2083 3068 Laospijanog un undzsob oponbaeqn jon1g un
1468 3042 1691 3112 u1
1161 3055 1842 3161 ahnichilage enunch Barnsntuncg
2082 155 2524 253 box 27/5
