3392 4320
2001 149 2466 243 box 27/5
283 149 1853 227 23. Der Schleiender Pierrette
2020 896 2326 1080 JE
1055 1160 2407 1216 wird. Ihre Aufführung steht gleichfalls in Dresden bevor. Der dritte
1062 1214 2361 1267 musikalische Schnitzlerianer ist nun der Ungar Ernst von Dohnanyi.
1152 1258 2402 1338 Der „Schleier der Pierrette“ ist aus dem „Schleier der Beatrice"
1058 1309 2399 1365 entstanden. Die Handlung ist aus der Renaissancezeit in das wiener
1054 1353 2405 1429 Biedermeier=Milien verlegt, und die Hauptgestalten haben die Masken
1054 1406 2401 1466 von Pierrot, Pierrette und Harlekin bekommen. Zwei Akte des Ori¬
1058 1460 2401 1529 ginal=Entwurfs sind radikal amputiert. An ihrem Hochzeitsabend geht
1061 1500 2402 1560 Pierrette ihrem Bräutigam durch. Sie flieht zu ihrem geliebten
1053 1540 2398 1611 Pierrot, ohne den das Leben für sie keinen Wert hat. Kann sie mit
1049 1600 2396 1659 ihm nicht mehr leben, so will sie im Tode mit ihm vereint sein. Das
1058 1640 2403 1727 Gift hat sie mitgebracht. Pierrot ist einverstanden und nimmt zuerst
1051 1703 2392 1756 den Todestrank. Aber als Pierrette ihren Geliebten sterben sieht, er¬
1059 1742 2392 1802 faßt sie namenlose Angst, und sie verläßt entsetzt das Gemach, ihren
1056 1794 2391 1854 Schleier unversehens zurücklassend. Harlekin hat inzwischen die Ab¬
1051 1855 2389 1918 wesenheit der Braut bemerkt, und an der Unordnung ihrer Kleider
1055 1896 2394 1972 erkennt er, daß etwas vorgegangen sein müsse. Pierrette ist nicht
1049 1938 2390 2002 imstande, ihre Verlegenheit zu bemänteln. Im Tanze mit ihm ver¬
1050 1995 2389 2064 sucht sie, den Verdacht Hurlekins abzulenken. Da verlöschen die Lichter
1046 2043 2391 2092 im Saal, und Pierrot steht als Gespenst vor ihr, nur ihr sichtbar. Die
1046 2093 2389 2167 Erscheinung verläßt sie nicht, und alle Versuche, sie zu bannen, sind
1037 2141 2392 2214 vergebens. Sie verläßt noch einmal den Tanzsaal und kehrt zurück
1037 2178 2386 2241 ins Atelier. Harlekin ihr nach. Dort liegt noch immer Pierrot als
1046 2242 2383 2298 Leiche. Der Betrogene bemerkt das Giftfläschchen und errät den Zu¬
1040 2286 2374 2357 sammenhang. Er nimmt gräßliche Rache. Nachdem er die Leiche vom
1042 2348 2374 2411 Boden aufgehoben und sie in sitzende Stellung gebracht hat, zwingt er
1052 2375 2378 2458 Pierrette, mit ihr anzustoßen und zu trinken. Dann entfernt er sich.
1048 2433 2386 2504 Krachend fällt die Tür ins Schloß. Pierrette, mit der Leiche allein,
1044 2486 2381 2557 wird wahnsinnig. Sie beginnt zu tanzen. Immer toller wird ihr
1039 2520 2387 2594 Reigen, bis sie zusammenbricht. Pierrots Freunde dringen gewaltsam
1041 2577 1770 2642 ins Zimmer und finden zwei Tote.
1135 2633 2374 2702 Zu dieser auf die Nerven gehenden Handlung hat Ernst von
1042 2671 2368 2750 Dohnanyi eine ungemein interessante und nicht minder aufregende
1042 2717 2379 2788 Musik geschrieben. Eine Musik, die allerdings nicht verleugnet, daß
1039 2770 2381 2847 sie ihr Bestes von Vorbildern genommen hat, aber die auch genügend
1031 2825 2366 2879 eigene Intuition besitzt, um als starke Talentprobe gewertet werden
1028 2872 2369 2924 zu können. Berlioz, Wagner und Richard Strauß sind die Vorläufer
1039 2922 2361 2994 Dohnanyis. Aber selten wurde Uebernommenes mit so klugem Raf¬
1043 2962 2371 3042 finement verarbeitet und so geschickt mit dem eigenen Ideenvorrat
1029 3024 2376 3069 amalgamiert. Dohnanyi war weit davon entfernt, eine blos illustrative
1027 3058 2370 3140 Pantomimenmusik zu schreiben, mit Polkas, Walzer und Märschen und
1034 3113 2375 3168 verbindendem Rezitativ. Er ist ein Musikdramatiker in gut Wagner¬
1023 3172 2364 3227 schem Sinne; er weiß für jede Situation den adäquaten Ausdruck und
1024 3219 2365 3278 ein originelles Kolorit zu finden. Die schauerlich groteske Stimmung
1020 3265 2367 3340 im zweiten Akt ist geradezu verblüffend getroffen. Klar und
2225 3369 2360 3463 239
