3436 4352
324 170 1895 252 23. Der Schleiender Pierrette
502 1137 650 1198 I De.
493 1161 1049 1243 Genf, Kopenhagen, Lunhn.
1349 1208 1595 1284 heapolis,
498 1205 1592 1338 New-Vork, Paris, Rom, San Francisco, Stockholm, St. Peters¬
891 1274 1207 1346 burg, Toronto.
746 1316 1354 1419 (Quellenangabe ohne Gewähr).
484 1350 817 1432 Ausschnitt an
506 1421 1499 1559 21 Seufsches Vollsblatt Wier
494 1476 631 1537 vom:
538 1584 1621 1696 Theater, Kunst und Literatur.
603 1660 1641 1755 Hofoper, Mt die Premiere der Pantomime „Der
480 1724 1647 1800 [Schleierdex Pierkerte“,über die wir in unserem
524 1757 1642 1844 heutigen Feuilleton ausführlich berichten, schloß sich gestern
518 1811 1638 1868 die Sensation des „Abendsan, daslersta Gastspiel Carusos
529 1853 1641 1914 als Canio Cin „Der Bagazzo“: Der berühmte
524 1883 1648 1978 Reklameheld bewies, daß seine schon öfter verloren gesagte
516 1937 1641 2016 Stimme sich tadellos erhalten hakund daß keine „amerikanischen
515 1986 1636 2048 Staubkörner“ seiner Kehle gefährlich geworden sind. Sein
522 2023 1638 2100 Canio hat uns unter den Partien, die er bisher hier ge¬
512 2076 1627 2139 sungen hat, am besten gefallen und er zeigte sich in dieser
519 2108 1644 2180 Rolle auch als gewandter Darsteller. Das „Ride pagliaco“
524 2154 1643 2237 schmetterte er mit wohl berechneter Effektsteigerung
522 2202 1644 2277 in das Haus und erzielte damit brausenden Beifall.
505 2231 1625 2327 Die minutenlang andauernden Bis =Rufe quittierie
518 2277 1632 2377 er nur mit oftmaligem Verneigen, entschoß sich
505 2327 1629 2409 aber nicht zu einer Wiederholung. Im zweiten Akte legte er
513 2371 1637 2459 in dem Duelle mit Nedda tüchtig los und stellte sich mit
504 2415 1619 2496 stimmlichen Höhen ein, die sehr anerkennenswert waren,
508 2465 1628 2539 mit dem Gipfel seiner übertriebenen Honorarforderungen
504 2502 1628 2602 jedoch nicht in Einklang gebracht werden konnten. Zum
495 2535 1618 2625 Schlusse selbstverständlich unzählige Hervorrufe und
497 2590 1622 2664 Ueberreichung von drei Lorbeerkränzen mit Schleifen
495 2635 574 2685 in
609 2646 1627 2719 den Farben Oesterreichs, Ungarns (?) und
492 2689 1625 2759 Amerikas. Wozu wieder dieser amerikanische Aufputz? —
492 2732 1625 2799 Neben Caruso behauptete sich Frau Kiurina als reizende
496 2772 1624 2854 Nedda in vorzüglicher Weise. Ihre jugendliche Erscheinung,
487 2822 1628 2876 ihr blühendes Organ und ihr diskretes Spiel lassen sie
495 2857 1628 2945 für diese Partie wie geschaffen erscheinen. Den Toniv sang
486 2909 1613 2978 Herr Schwarz gut, doch den Schatten Demuths konnte er
494 2945 1609 3027 nicht aus dem Hause verbannen. Die Herren Preuß und
489 2993 1606 3062 Rittmann wirkten in den Partien des Harlequin und
481 3037 1610 3113 des Silvio verdienstlich. Die Oper dirigierte Herr Walter.
481 3089 1614 3161 Das Haus war bis auf eine Loge ausverkauft und zeigte
478 3127 1614 3213 den Persönlichkeitenkreis und die Toilettenpracht der
489 3172 1605 3251 Sensationsvorstellungen. — In den Hoflogen waren Erz¬
482 3202 1608 3298 herzog Franz Ferdinand mit Gemahlin Herzogin
484 3252 1620 3339 Hohenberg, Erzherzog Lcopold Salvator mit
482 3303 1616 3390 Gemahlin und drei Töchtern, Prinz Elias von Parma
490 3344 1612 3437 und Gattin anwesend. Die Vorstellung fand zugunsten des
489 3388 1202 3458 Pensionsinstitutes der Hofoper statt.
1386 3410 1575 3465 Sch—r.
579 3430 900 3496 00 (.
2050 155 2473 259 box 28/1
2113 774 2416 833 Gus
2050 814 2345 907 ZISPS11
2018 893 2182 940 vom:
2296 871 3134 985 Arheiter Zeitung, Wien
2073 1010 3122 1107 Hofoper. „Der Schleier der Pierette“, Pantomime von
1968 1047 3047 1158 Arthur Scchnitzler, Musik von Ernst v. Dohnanyi.
1960 1119 3103 1190 Von sernher Rlchtet die Erinnerung auf an des Dichters
1963 1172 3124 1258 Dichtung „Der Schleier der Beatrice“. Das war ein.
1964 1210 3104 1288 Renaissancedrama, voll Glut, voll psychologischer Feinheiten —
1970 1264 3104 1352 hier ist ein ähnliches Motiv zu einer Pantomime verdünnt, im
1970 1315 3115 1392 Altwiener Kostüm, doch nach der neufranzösischen Mode des
1956 1359 3112 1432 tragischen Pierrot abgeändert. Auch hier sind die Szenen geschickt
1957 1411 3112 1488 genug geführt, um dem Zuschauer selbst ohne Worte verständlich
1959 1460 3111 1517 zu bleiben; die der tieferen Begründung beraubte, nun in kahler
1950 1515 3102 1582 Grausamkeit erstarrte Handlung soll Musik umblühen. Dohnanyi
1957 1552 3109 1628 ist ein vortrefflicher Musiker, was er schreibt, hat Hand und Fuß.
1955 1599 3108 1687 Indes, bei allem Fluß, bei aller Kunst ist die Musik der Panto¬
1948 1653 3111 1722 mime ohne rechte Tiefe, die der Bühnenhandlung gäbe, was ihr
1947 1692 3104 1775 geraubt worden ist. Unverkennbar scheint uns die dramatische
1944 1736 3109 1818 Begabung des Komponisten, sein Sinn für die Momente
1946 1792 3096 1864 und die Wendepunkte der Handlung. Die einzelnen Personen
1949 1831 3110 1898 sind musikalisch recht gut charakterisiert, ohne daß ihre Zeichnung
1948 1891 3101 1964 geradezu typisch würde; nicht ohne Grund schleichen gelegentlich
1941 1926 3098 2005 Wagner=Erinnerungen ein. Sehr hübsch ist der kleine erste
1946 1962 3096 2057 Walzer, dem wir vor dem großen Ballwalzer den Vorzug
1936 2018 3109 2116 geben, weil er der vornehmen Natur des Komponisten entspricht,
1959 2132 3108 2193 nicht auf erobernde Banalität ausgeht, um dann im letzten
1968 2175 3106 2252 Augenblick doch davor zurückzuschrecken. Durchaus vornehm ist
1960 2226 3101 2298 auch das Menuett gehalten. Die stärkste künstlerische Absicht hat
1954 2267 3102 2349 der Komponist in den „Wahnsinnswalzer“ des Schlusses zu¬
1960 2301 3113 2396 sammengeballt, ein Stück von unleugbarer Wirkung, zumal da
1950 2364 3104 2442 das hochbegabte Fräulein Jamrich (Pierette) ihrer Aufgabe
1947 2397 3096 2477 vollkommen gerecht wird. Auch Herrn Godlewski
1961 2441 3095 2534 (Arlechino) gebührt besonderes Lob. Die Inszenierung ist
1953 2482 3106 2582 mäßig; für die Geistererscheinung gibt es bessere bühnentechnische
1949 2541 3100 2631 Mittel, als in der Hofoper angewendet werden. Das Orchester
1950 2582 3091 2677 unter Herrn Schalk wurde der Partitur vollkommen gerecht.
1942 2640 3086 2723 Die Pantomime wurde recht unfreundlich ausgenommen; man
1947 2697 3090 2773 ließ gerade so viel Beifall durch, als nötig war, um die Mit¬
1943 2734 3096 2815 wirkenden, besonders Fräulein Jamrich, auszuzeichnen. Es war
1938 2794 3094 2854 auch kein sonderlich glücklicher Einfall, mit der Pantomime die
1946 2820 3084 2910 Erwartung eines Publikums zu spannen, das nichts wollte,
1950 2867 3091 2965 als Caruso hören. Hören — wenn sie nur Ohren
1939 2919 3081 3007 hätten, wenn sie wirklich empfindlich wären für die
1953 2979 3079 3052 große Künstlerschaft, die da vor ihnen sich verschwendete.
1953 3021 3066 3087 Es ist ja wahr, nach dem berühmten „Lache, Bajazzo“
1942 3057 3085 3147 rasten sie und wollten die Geschichte zweimal haben, als
1941 3104 3087 3191 wäre der Künstler eine Grammophonplatte, die man beliebig
1934 3159 3081 3241 ablaufen lassen kann. Caruso singt den Bajazzo nicht bloß, er
1945 3210 3087 3303 stellt ihn dar, durchlebt ihn; jeder Ton, jede Geste ist dem
1929 3264 3075 3330 Zwecke der vollendeten Gestaltung dienstbar gemacht. Er sang
1931 3303 3082 3382 nicht einmal korte, obwohl oder gerade weil das auch minder¬
1936 3345 3073 3424 bemittelte Tenöre sich leisten können, und das Publikum, das
1938 3392 3074 3475 für sein Geld auch ein bestimmtes Quantum Geschmetter
2003 3464 3053 3525 das wird nämlich für italienische Art gehalten —
1933 3501 3076 3575 verlangt, war richtig ein wenig verdutzt: empfängliche
1935 3535 3072 3616 Gemüter begeisterte dieser Bajazzo. Der hilflose Tanz in der
1933 3577 3066 3666 Komödie, dieses vergebliche Bemühen, wieder Komödiant zu sein,
1923 3640 3074 3712 wo alle Menschenqual in ihm lebendig wird, die Schlußworte:
1931 3690 3062 3741 „Die Komödie ist aus“, all dies, so gesungen und so gespielt,
1918 3728 3071 3804 daß es eine unauflösliche künstlerische Einheit ward — wen das
1910 3779 3057 3849 nicht ergriff, für den hat Caruso diesmal nicht gesungen. Der
1913 3811 3053 3890 mächtige Eindruck ließ zum Schluß vor dem Beifall eine
1912 3862 3049 3955 Ergriffenheitspause entstehen, dann erst konnte man seinen Dank
1885 3907 2091 3983 bezeigen.
2897 3930 3013 3999 D R
