3344 4352
1950 165 2385 254 box 28/1
225 183 1787 267 23. Der-Schleiender-Pierrette
1424 328 1633 387 „ T0fe
1220 357 1826 460 (Quellenangabe ohne Gewähr).
966 409 1352 506 Ausschnitt aus:
950 507 1191 613 vom:
1191 484 2051 661 Rauigkeits Weltbiatt. Wier
2120 643 2313 720 —bare.
1286 710 2316 828 Theater, Kunst und Musik.
1698 814 2267 906 Wien, 21. September 1911.
1588 885 2018 976 K. k. Hofoper.
1318 944 2287 1022 (Gastspiel Carnsos. — „Der Schleier der Pierrette“, Panto¬
1311 992 2287 1046 mime in drei Bildern von Artur Schnitzler, Musik von Ernst
1312 1030 2280 1107 v. Dohnanyi. — Erste Aufführuug am 20. September 1911.)
1324 1081 2307 1166 So ist denn Eurico Caruso, der gefeiertste Bühnen¬
1270 1139 2316 1195 tenor der Gegenwart, wieder in Wien zu einem kurz n
1276 1192 2302 1259 Gastspiel an unserer Hofoper erschienen und trotz der
1267 1242 2318 1309 dreifach erhöhten Preise war das große Haus gestern
1265 1286 2315 1351 abends vollkommen ausverkauft und trug den Charakter
1266 1345 2297 1395 eines sensationellen gesellschaftlichen Ereignisses. Ein
1270 1378 2301 1451 Sänger, dem man für den einzelnen Abend fünfzehn¬
1269 1423 2296 1504 tausend Kronen zablen muß, imponiert natürlich und
1260 1481 2297 1549 alle jene, die sich zur „Gesellschaf!“ rechnen wollen,
1263 1534 2302 1601 müssen ihn gehört haben, da dies der bon ton erfordert.
1305 1563 2294 1638 Caruso hatte zudem diesmal eine Partie für sein
1261 1621 2291 1674 erstes Wiederauftreten gewählt, die er in Win noch
1263 1672 2293 1730 nicht gesungen hatte, u. zw. den Canio in Leoncavallos
1249 1725 2297 1779 zweiaktiger Oper: „Der Bajazzo“. Diese Roll= bietet
1253 1763 2292 1832 auser der Klage des Bajazzos und dessen Arie im
1252 1813 2293 1878 zweiten Akt dem Sänger keine Gelegenheit, mit seiner
1247 1865 2287 1932 „(Stimme zu paradieren. Das aber paßt eben Caruso,
1250 1897 2289 1982 der mit seinem prachtvollen Organ ungemein sparsam
1259 1940 2286 2020 vorgeht. Wie gerne möchte man ihn einmal in einer
1256 1996 2286 2069 Oper hören, in welcher der erste Tenor dominieren
1255 2048 2287 2119 würde. Carnso beobachtet aber eine weise Oekonomie
1248 2093 2285 2168 in der Verwendung seiner herrlichen Stimmittel, die er
1253 2124 2281 2215 nur im großen Affekt mit Elan produziert, dann aber
1256 2189 2293 2273 die enthusiasmierten Hörer in Elstase versetzt. Das tat
1242 2239 2282 2318 er denn auch gestern und die wundervolle Art, in der
1252 2293 2281 2339 er die Arte im zweiten Akt sang, erregte einen end¬
1241 2331 2274 2392 losen Jubel. Da capo-Rufe wurden laut, doch ließ sich
1241 2378 2278 2442 Capko zu keiner Wiederholung herbei. Das Publ kum
1233 2414 2284 2494 „begnügte sich schließlich damit, den großen Künstler
1244 2481 2272 2541 immer wieder vor die Rampe zu rufen. Frau Kiuring
1239 2528 2282 2610 als Nedda und Herr Schwarz als Tonio behaupteten
1239 2555 2031 2643 sich mit Ehren neben dem gefeierten Gast.
1280 2604 2280 2688 Der Bajazzo=Tragödie war als Novität eine
1242 2653 2283 2718 Pantomime vorausgegangen, die auf dem gleichen:
1236 2715 2274 2778 Grundton basiert. Artur Schnitzler hat aus seinem
1233 2771 2270 2829 „Schleier der Beatrice“ eine Pantomime gemacht, deren
1232 2816 2275 2888 Sujet grausig und doch langweilig wirkt. Aus Beatrice
1229 2851 2273 2920 ist eine Pierrette geworden, die den Pierrot liebt, jedoch
1233 2898 2270 2960 über Wunsch ihrer Eltern den Arlechino heiratet. Vom
1230 2945 2265 3017 Hochze tsfest enteilt sie zu dem Geliebten, dem sie den
1235 2993 2274 3066 Vorschlag macht, gemeinsam mit ihr zu sterben. Sie
1237 3036 2278 3101 reicht ihm eine Phiole, die Gift enthält. Der Pietret
1224 3089 2268 3147 weigert sich anfänglich, geht aber doch darauf ein. Sie
1229 3136 2268 3187 feiern noch ein Liebesmahl miteinander, dann trinkt¬
1225 3180 2263 3241 der Pierrot den todbringenden Trank. In Pierrette
1230 3229 2260 3283 eber erwacht die Lebenslust, sie schaudert und zögert,
1235 3266 2259 3344 der Pierrot schlägt ihr verächtlich das Glas aus der
1241 3325 2052 3390 Hand, sinkt aber alsbald entseelt zu Boden.
1273 3369 2263 3442 Pierrette flieht nun in großer Erregung ins Eltern¬
1230 3422 2270 3485 haus zurück, wo ihr Verschwinden unter den Gästen
1234 3453 2267 3524 des Hochzeitsfestes bereits Aufsehen und die Eifersucht
1231 3515 2260 3565 Arlechinos hervorgerufen hat. Als Pierrette erscheint,
1229 3563 2267 3638 bestürmt sie Arlechino mit Fragen nach ihrem Verweilen
1224 3608 2262 3665 und bemerkt, daß sie den Brautschleier verloren hat, der
1224 3662 2258 3705 ihr in Pierrots Zimmer entfallen war. Pierrette sucht den
1223 3709 2250 3757 zürnenden Arlechino zu beruhigen; sie tanzt mit ihm.
1214 3741 2262 3818 Da tritt ihr plötzlich, und nur ihr sichtbar, der tote
1218 3800 2256 3853 Pierrot mit dem wehenden Schleier in der Hand
1213 3854 2258 3905 entgegen. Fast besinnungslos eilt sie, den Gatten
1221 3883 2268 3955 mit sich ziehend, dem Schleier nach und kommt
1217 3942 2260 4019 so in das Z mmer zurück, in welchem der entseelte
1213 3995 2261 4054 Pierrot liegt. Bei dessen Anblick geht dem Arlechino
1216 4029 2253 4103 ein Licht auf. Er errät den Zusammenhang und nimmt
1226 4082 2257 4143 nun grausame Rache. Er richtet den Toten auf, setzt
1225 4135 2262 4196 ihn zu Tisch und will Pierette zwingen, mit ihrem toten
