3392 4352
259 140 475 243 23.
2020 145 2455 245 box 27/5
457 157 1855 257 Der Schleien der Bierrette
856 1257 3228 1318 verringert. Das ist teilweise eine Entlastung; aber der in der Kleidung auf den besonderen Lokalton eingestimmt.
170 1264 753 1384 pilleton. Gende
2026 1317 3237 1371 Im Regiebuch wird eine Mischung von Maskenkostüm und
845 1307 2033 1374 Verzicht auf den Gesang verpflichtet andererseits zu aus¬
844 1364 3235 1413 drucksvollerer Orchestersprache, zu lebendigerer instrumen= Altwiener Tracht eigens vorgeschrieben. Durch das Zurück¬
490 1340 731 1443 4#
848 1409 2040 1471 taler Schilderung der szenischen Vorgänge, der Stimmungen
2035 1394 3235 1474 greifen auf die typischen Gestalten des Stegreifstückes soll
163 1405 615 1509 es Opernhaus.
849 1454 1728 1524 und Empfindungen der einzelnen Personen.
2027 1459 3235 1520 offenbar das schillernde Spiel zwischen Wirklichkeit und
168 1462 859 1572 errette.“ Pantomime in drei Bildern
2038 1508 3222 1570 Phantastik gleich anfangs betont werden. Tragischer
952 1479 2049 1568 Zu musikalischer Illustration bietet das Stück
166 1536 530 1605 * v. Dohnanyi.
2029 1540 3229 1616 Mummenschanz, der auch allerlei Grelles und Gruseliges
852 1522 2041 1622 vielfache und dankbare Gelegenheit. Die Handlung bringt
161 1580 464 1657 August Ben..
2023 1605 3226 1670 verträgt, ohne den strengen Dramaturgen vor den Kopf
845 1600 2029 1666 aufregende Vorgänge, lyrische Szenen, Graziöses und
174 1620 858 1718 launenhafte Kobold, der so gern
853 1650 2033 1711 Phantastisches in geschickter Mischung. Und es fehlt der
2022 1653 2272 1739 zu stoßen.
167 1693 851 1758 nachgeht, gönnt sich zuweilen auch
850 1699 2046 1772 Pantomime, die eine Zwillingsschwester des Balletts ist,
2121 1673 3229 1754 Schon durch das erste Bild weht schwüle Luft. Pierrot,
161 1750 857 1817 ialogi. So hat er es gefügt, daß
2040 1750 3221 1811 ein junger Wiener Maler, steht in trübe Gedanken ver¬
857 1753 2042 1825 auch an bunten Tanzmomenten nicht, die sich immer in
159 1797 867 1858 täten des Operntheaters dasselbe
846 1790 2042 1850 natürlichster Weise aus der Situation ergeben. Das Text¬
2032 1806 3224 1863 sunken vor dem Bilde seiner geliebten Pierrette, der Tochter
153 1836 864 1920 tra“ von Richard Strauß, „Der
2038 1830 3238 1918 eines reichen Hausherrn. Aber Pierrette ließ sich lange
855 1850 2035 1907 buch hat Arthur Schnitzler aus seinem Schauspiel „Der
172 1872 860 1949 von Dohnänyi enden mit einem
857 1897 2037 1951 Schleier der Beatrice“ geformt. In der neuen Einrichtung
2022 1882 3230 1950 nicht mehr bei ihm blicken, und seither verzehrt er sich in
156 1938 859 2010 wahnsinnig gewordenen weiblichen
2026 1938 3234 1992 Sehnsucht nach dem schönen Kinde. Vergebens bemühen sich
855 1946 2039 2006 ist das ursprüngliche Drama kaum mehr zu erkennen. Aus
168 1991 860 2044 die rachedürstige Atridentochter,
2035 1991 3227 2056 seine Kameraden und deren Freundinnen, ihn durch Scherz
852 1987 2032 2052 dem fünfaktigen, figuren= und episodenreichen Renaissance¬
2027 2037 3223 2114 und Tanz aufzuheitern. Er hat für den Ulk der Bohemiens¬
149 2044 852 2117 grauenvollen Triumphreigen leblos
860 2045 2029 2101 stück sind drei knappe Bühnenbilder geworden. Die Hand¬
2096 2092 3227 2154 solide Wiener Ausgabe — nur ein trauriges Lächeln.
161 2086 853 2152 Pierrette tanzt sich an der Leiche
847 2090 2035 2156 lung, früher vielfach durchzogen von Kriegslärm und
159 2128 854 2209 die Realistik des modernen Theaters
2021 2140 3236 2194 Er ist wirklich unheilbar verliebt, der arme Pierrot. Da
862 2140 2023 2193 Staatsaktion, wurde aus dem Bologna des 16. Jahr¬
175 2168 860 2261 Opernbühne den Wahnsinn mit
2038 2181 3223 2242 pocht es an der Türe und die Langvermißte, mit Braut¬
857 2187 2033 2253 hunderts in das Wien der Biedermeierzeit verlegt, aus dem
149 2228 852 2308 omen. Die Lucias und Ophelias
858 2233 2042 2301 glänzenden Palaste des stolzen Herzogs Bentivoglio wurde
2027 2218 3238 2301 schleier und Myrthenkranz geschmückt, fliegt in seine Arme.:
164 2277 856 2354 den Verstand verloren haben, in
2035 2279 3234 2349 Sie ist am Hochzeitsabend ihrem soeben angetrauten Gatten¬
853 2287 2037 2349 der Salon eines wohlsituierten Spießbürgers „vom Grund“.
166 2317 850 2397 , in den zierlichsten Rouladen. Bei
2030 2327 3230 2384 Arlecchino entflohen und will nun gemeinsam mit dem Ge¬
856 2315 2037 2410 Das Stück hat so durchgreifende Veränderungen an Haupt
2026 2381 3222 2458 liebten sterben. Bevor sich Pierrot noch von seinem Erstaunen
141 2370 852 2447 s von heute löst der Wahnsinn Tanz¬
845 2380 2029 2443 und Gliedern, im Szenengang, in den treibenden Motiven er¬
2035 2429 3223 2495 erholt hat, zieht sie eine zierliche Phiole mit Gift hervor
144 2427 859 2496 erscheint umso natürlicher, als die
859 2432 2051 2504 fahren, daß ein Vergleich des Originals mit der jetzigen
146 2476 853 2541 abei ganz aus dem Spiele bleibt. Doch
2027 2471 3231 2550 und gießt es in den Wein. Den Brautschleier ließ sie
861 2485 2041 2545 Fassung ein wenig lohnendes Beginnen wäre. Und
152 2534 855 2581 Schlußkatastrophen endet auch das
2034 2513 3227 2586 achtlos zu Boden fallen. Noch ein letztes Liebesmahl, eine
852 2526 2040 2585 ein zweckloses. Denn es bleibt schließlich das gute
147 2572 850 2641 zufalls. Weder den beiden Werken,
2022 2554 3222 2640 letzte zärtliche Umarmung und das Paar klingt mit den
849 2578 2033 2648 Recht des Dichters, seinen poetischen Stoff nach eigenem
150 2630 861 2702 sonst irgend ein verwandter Zug
2035 2606 3227 2687 Gläsern zum Todestrunke an. Pierrot hal das Gift ge¬
861 2626 2045 2710 Ermessen umzugestalten, zu varüeren, ihm diejenige
2036 2680 3231 2734 nommen, aber Pierrette graut es plötzlich vor dem Tode
140 2675 866 2752 ektra“ ein reifer Meister, der in
858 2672 2039 2734 Form zu geben, die ihm am passendsten dünkt.
2034 2718 3230 2784 und sie zögert. Da schlägt ihr der Sterbende höhnisch das
132 2721 858 2790 wegenen Art über Wagner hinaus
855 2722 2031 2783 Vielleicht erkannte der Autor selbst, daß sein Schauspiel
143 2757 866 2843 kusikdrama freilegt; im „Schleier
2034 2771 3226 2833 Glas aus der Hand, daß es zersplittert. Sie wirft sich
859 2780 2043 2860 trotz aller rührenden und spannenden Momente den epischen
146 2823 864 2888 r Künstler, der hier seinen ersten
2029 2825 3213 2890 über den Toten, rüttelt ihn, taumelt wie sinnlos durch das
852 2809 2028 2885 Zug nicht verleugnen kann, sich eher wie eine farbenreiche,
141 2870 864 2947 ernimmt. Ernst v. Dohnanyi trennt
2030 2865 3226 2943 Zimmer, dann stürzt sie verzweifelt hinaus. Wie man sieht,
859 2852 2039 2936 in schimmernde Verse gekleidete Novelle liest, denn als
2035 2905 3231 2983 arbeitet schon die Introduktion mit starken Mitteln, drängt
152 2916 863 2990 noch nicht vollständig von seinem
862 2922 2042 2998 kräftiges, scharfumrissenes Drama auf der lebendigen Bühne
160 2965 864 3035 der absoluten Musik, in der er
846 2976 2042 3028 sich abspielt. Nur das Hauptthema wurde in die Pantomime
2033 2969 3229 3031 die grellen Effekte zusammen. Das liegt im Wesen der
145 2999 859 3098 eichen Talents geboten hat. Nicht
2038 3011 3215 3088 Pantomime, besonders wenn sie auf tragische Wirkung aus¬
860 3019 2044 3087 übernommen, mit diesem zugleich das tragische Requisit des
157 3069 864 3131 erster Anlauf. Er macht vorläufig
849 3068 2030 3129 Stückes, der Schleier, der eine ähnlich verhängnisvolle
2031 3073 3219 3133 geht. Da ihr das Wort entzogen ist, kann sie zu umständ¬
2028 3105 3220 3178 licher Vorbereitung und Begründung nicht ausholen, muß
865 3118 2030 3183 Rolle spielt wie Desdemonas Schnupftuch. Pierrot, Pierrette,
141 3106 859 3182 tische Musik zu dem stummen Spiel
161 3171 867 3235 s scheint, daß er vorerst seine dra¬
2034 3150 3226 3222 sich kürzer und schärfer fassen mit Geste und Gebärde.
846 3144 2034 3228 Arlecchino sind die Hauptpersonen dieses Eifersuchtsdramas,
154 3199 868 3282 einem Stoffe erproben wollte, der
2033 3212 3221 3269 Lange. verweilen hieße langweilen in solchem Falle. Aber
843 3201 2035 3278 lauter wohlbekannte Figuren der alten Commedia delllarte.
150 3242 3245 3337 erfordert, das technische Rüstzeug! Verpflanzt in die Gegend rings um den Stefansturm, auch der Komponist! Verlangt er nicht Ellbogenfreiheit für. seine#
