<?xml version="1.0" encoding="UTF-8" standalone="yes"?>
<PcGts xmlns="http://schema.primaresearch.org/PAGE/gts/pagecontent/2013-07-15" xmlns:xsi="http://www.w3.org/2001/XMLSchema-instance" xsi:schemaLocation="http://schema.primaresearch.org/PAGE/gts/pagecontent/2013-07-15 http://schema.primaresearch.org/PAGE/gts/pagecontent/2013-07-15/pagecontent.xsd">
    <Metadata>
        <Creator>prov=University of Rostock/Institute of Mathematics/CITlab/Gundram Leifert/gundram.leifert@uni-rostock.de:name=ONB_Newseye_GT_M1+(htr_id=10810)::::v=2.4.2
prov=University of Rostock/Institute of Mathematics/CITlab/Tobias Gruening/tobias.gruening@uni-rostock.de:name=de.uros.citlab.module.baseline2polygon.B2PSeamMultiOriented:v=2.4.2
prov=University of Rostock/Institute of Mathematics/CITlab/Tobias Gruening/tobias.gruening@uni-rostock.de:name=/mnt/transkribus/LA/DEA/URO/LA_news_onb_att.pb:de.uros.citlab.segmentation.CITlab_LA_ML:v=2.4.2
Transkribus</Creator>
        <Created>2019-10-07T11:12:48.635+02:00</Created>
        <LastChange>2019-10-07T23:12:56.441+02:00</LastChange>
        <TranskribusMetadata docId="223965" pageId="9494656" pageNr="129" tsid="16487031" status="IN_PROGRESS" userId="40391" imgUrl="https://files.transkribus.eu/Get?id=CMWRKIJRZXTDZWJTVMSNBFYD&amp;fileType=view" xmlUrl="https://files.transkribus.eu/Get?id=EJMWIDBLZKFXKLLRMLKSXKWT" imageId="6184883"/>
    </Metadata>
    <Page imageFilename="223965_0129.jpeg" imageWidth="3392" imageHeight="4384">
        <ReadingOrder>
            <OrderedGroup id="ro_1711441200925" caption="Regions reading order">
                <RegionRefIndexed index="0" regionRef="r1"/>
            </OrderedGroup>
        </ReadingOrder>
        <TextRegion orientation="0.0" id="r1" custom="readingOrder {index:0;}">
            <Coords points="884,203 884,3900 1908,3900 1908,203"/>
            <TextLine id="r1l1" custom="readingOrder {index:0;}">
                <Coords points="1401,235 1498,235 1511,227 1519,236 1566,236 1588,225 1608,241 1645,232 1675,244 1711,238 1712,204 1402,202"/>
                <Baseline points="1407,224 1434,223 1461,223 1488,224 1515,225 1542,226 1569,226 1596,227 1623,229 1650,230 1677,231 1705,232"/>
                <TextEquiv>
                    <Unicode>W </Unicode>
                </TextEquiv>
            </TextLine>
            <TextLine id="r1l2" custom="readingOrder {index:1;}">
                <Coords points="932,262 1914,266 1838,235 932,223"/>
                <Baseline points="938,252 986,254 1035,255 1083,257 1132,259 1180,260 1229,261 1277,263 1326,264 1374,265 1423,266 1471,266 1520,267 1568,268 1617,269 1665,269 1714,269 1762,270 1811,270 1859,270 1908,270"/>
                <TextEquiv>
                    <Unicode>deutendes. Aber wie gesagt, der Komponist der</Unicode>
                </TextEquiv>
            </TextLine>
            <TextLine id="r1l3" custom="readingOrder {index:2;}">
                <Coords points="923,308 1101,293 1177,316 1520,317 1556,304 1556,275 1536,289 1148,261 1114,280 1078,259 978,258 923,276"/>
                <Baseline points="929,299 960,297 991,297 1022,296 1053,296 1084,296 1115,297 1146,297 1177,298 1208,299 1239,300 1270,301 1301,302 1332,303 1363,303 1394,304 1425,304 1456,303 1487,302 1518,301 1549,299"/>
                <TextEquiv>
                    <Unicode>„Jüdin“ — das allein ist Halévy.</Unicode>
                </TextEquiv>
            </TextLine>
            <TextLine id="r1l4" custom="readingOrder {index:3;}">
                <Coords points="980,360 1902,367 1902,341 1598,305 1524,329 981,313"/>
                <Baseline points="987,349 1032,349 1077,350 1123,350 1168,351 1214,352 1259,353 1304,354 1350,356 1395,357 1441,358 1486,360 1531,361 1577,362 1622,363 1668,364 1713,365 1758,366 1804,366 1849,367 1895,367"/>
                <TextEquiv>
                    <Unicode>Ganz anders gestaltet ist die Schnitzlersche Pan¬</Unicode>
                </TextEquiv>
            </TextLine>
            <TextLine id="r1l5" custom="readingOrder {index:4;}">
                <Coords points="922,388 1912,405 1843,368 922,362"/>
                <Baseline points="928,385 976,386 1025,387 1074,389 1123,390 1172,391 1221,392 1270,393 1319,394 1368,395 1417,396 1465,397 1514,398 1563,399 1612,400 1661,401 1710,402 1759,402 1808,403 1857,403 1906,403"/>
                <TextEquiv>
                    <Unicode>tomime „Der Schleier der Pierrette“. Der</Unicode>
                </TextEquiv>
            </TextLine>
            <TextLine id="r1l6" custom="readingOrder {index:5;}">
                <Coords points="925,437 1775,454 1910,427 926,397"/>
                <Baseline points="931,422 979,423 1028,425 1076,426 1125,428 1174,429 1222,431 1271,433 1319,434 1368,435 1417,437 1465,438 1514,439 1562,440 1611,440 1660,441 1708,441 1757,441 1805,441 1854,441 1903,440"/>
                <TextEquiv>
                    <Unicode>Geist eines Amadeus Hoffmann bläst den Zuschauer</Unicode>
                </TextEquiv>
            </TextLine>
            <TextLine id="r1l7" custom="readingOrder {index:6;}">
                <Coords points="923,473 1903,480 1848,445 1530,431 924,438"/>
                <Baseline points="929,463 977,464 1025,465 1074,466 1122,467 1171,468 1219,470 1267,471 1316,472 1364,473 1413,475 1461,475 1509,477 1558,478 1606,478 1655,479 1703,479 1751,479 1800,479 1848,478 1897,477"/>
                <TextEquiv>
                    <Unicode>an. Das Romantisch=Gräßliche hat im letzten Jahr¬</Unicode>
                </TextEquiv>
            </TextLine>
            <TextLine id="r1l8" custom="readingOrder {index:7;}">
                <Coords points="919,497 1907,529 1908,496 1864,486 920,473"/>
                <Baseline points="925,500 973,501 1022,503 1071,505 1120,506 1169,507 1217,508 1266,509 1315,510 1364,511 1413,512 1461,513 1510,514 1559,515 1608,515 1657,516 1705,516 1754,516 1803,516 1852,516 1901,516"/>
                <TextEquiv>
                    <Unicode>hundert viel an Raum gewonnen. V. Hugos „Notre</Unicode>
                </TextEquiv>
            </TextLine>
            <TextLine id="r1l9" custom="readingOrder {index:8;}">
                <Coords points="922,555 965,542 1062,554 1105,536 1125,549 1346,561 1347,521 1140,508 1083,529 1058,508 923,511"/>
                <Baseline points="928,537 953,539 979,539 1005,541 1031,541 1056,543 1082,544 1108,544 1134,545 1159,546 1185,546 1211,546 1237,547 1262,547 1288,547 1314,546 1340,546"/>
                <TextEquiv>
                    <Unicode>Dame“, Grillparzers</Unicode>
                </TextEquiv>
            </TextLine>
            <TextLine id="r1l10" custom="readingOrder {index:9;}">
                <Coords points="1375,545 1401,559 1445,554 1460,562 1490,554 1500,561 1519,552 1534,562 1600,537 1600,521 1565,511 1545,524 1502,515 1483,524 1425,512 1408,528 1376,532"/>
                <Baseline points="1382,549 1408,550 1435,550 1461,550 1488,550 1514,550 1541,551 1567,551 1594,552"/>
                <TextEquiv>
                    <Unicode>„Ahnfrau“</Unicode>
                </TextEquiv>
            </TextLine>
            <TextLine id="r1l11" custom="readingOrder {index:10;}">
                <Coords points="1663,554 1712,564 1725,557 1761,563 1777,557 1835,568 1910,545 1910,534 1884,526 1863,531 1797,521 1762,528 1751,521 1725,530 1710,519 1663,519"/>
                <Baseline points="1670,549 1696,551 1722,553 1748,554 1774,554 1800,554 1826,553 1852,553 1878,553 1904,553"/>
                <TextEquiv>
                    <Unicode>Mayerbeers</Unicode>
                </TextEquiv>
            </TextLine>
            <TextLine id="r1l12" custom="readingOrder {index:11;}">
                <Coords points="927,595 1348,573 1448,603 1875,606 1909,567 928,549"/>
                <Baseline points="934,579 982,580 1030,580 1079,581 1127,582 1176,582 1224,584 1272,585 1321,586 1369,587 1418,589 1466,590 1514,591 1563,593 1611,594 1660,594 1708,595 1756,595 1805,595 1853,595 1902,594"/>
                <TextEquiv>
                    <Unicode>„Robert“, Marschners Vampyr“, Strauß' „Salome“,</Unicode>
                </TextEquiv>
            </TextLine>
            <TextLine id="r1l13" custom="readingOrder {index:12;}">
                <Coords points="922,618 1799,646 1910,618 1910,595 1445,603 1351,573 923,591"/>
                <Baseline points="928,617 976,618 1025,619 1074,620 1123,620 1171,621 1220,622 1269,623 1318,624 1366,625 1415,626 1464,627 1513,628 1561,628 1610,629 1659,630 1708,631 1756,631 1805,632 1854,632 1903,633"/>
                <TextEquiv>
                    <Unicode>wären hier in bunter Reihe zu nennen. Bei Schnitz¬</Unicode>
                </TextEquiv>
            </TextLine>
            <TextLine id="r1l14" custom="readingOrder {index:13;}">
                <Coords points="923,662 1903,673 1903,645 1657,625 924,627"/>
                <Baseline points="929,655 977,655 1025,655 1074,656 1122,657 1171,658 1219,659 1267,661 1316,662 1364,663 1413,664 1461,666 1509,667 1558,668 1606,669 1655,669 1703,670 1751,671 1800,671 1848,671 1897,670"/>
                <TextEquiv>
                    <Unicode>ler macht das Nebeneinander die eigentliche und zwar</Unicode>
                </TextEquiv>
            </TextLine>
            <TextLine id="r1l15" custom="readingOrder {index:14;}">
                <Coords points="927,702 1412,695 1578,723 1911,698 1859,674 928,664"/>
                <Baseline points="934,691 982,692 1031,694 1079,695 1128,696 1176,698 1225,699 1273,700 1322,702 1370,703 1419,704 1467,705 1516,706 1564,706 1613,707 1661,707 1710,708 1758,708 1807,708 1855,708 1904,708"/>
                <TextEquiv>
                    <Unicode>sehr starke Wirkung aus. Eine fremde Welt tritt</Unicode>
                </TextEquiv>
            </TextLine>
            <TextLine id="r1l16" custom="readingOrder {index:15;}">
                <Coords points="929,736 1836,758 1911,739 1912,712 930,706"/>
                <Baseline points="935,731 983,732 1032,732 1080,733 1129,735 1177,736 1226,737 1274,738 1323,739 1371,741 1420,742 1468,743 1517,745 1565,746 1614,746 1662,747 1711,747 1759,747 1808,746 1856,745 1905,744"/>
                <TextEquiv>
                    <Unicode>mit ihren unerfindlichen Kräften, ihren ahnenden</Unicode>
                </TextEquiv>
            </TextLine>
            <TextLine id="r1l17" custom="readingOrder {index:16;}">
                <Coords points="925,774 1912,799 1904,755 926,734"/>
                <Baseline points="931,769 979,770 1028,771 1077,772 1126,773 1174,774 1223,776 1272,777 1321,778 1369,779 1418,780 1467,781 1516,781 1564,782 1613,783 1662,783 1711,784 1759,784 1808,784 1857,784 1906,783"/>
                <TextEquiv>
                    <Unicode>Dämmerungen und verhängnisreichen Beziehungen</Unicode>
                </TextEquiv>
            </TextLine>
            <TextLine id="r1l18" custom="readingOrder {index:17;}">
                <Coords points="930,813 1825,836 1905,796 930,775"/>
                <Baseline points="936,805 984,807 1032,809 1080,810 1128,812 1176,813 1224,815 1272,816 1320,817 1368,818 1417,819 1465,820 1513,821 1561,821 1609,822 1657,822 1705,822 1753,821 1801,821 1849,820 1898,819"/>
                <TextEquiv>
                    <Unicode>in innigen Konnex mit der realen, die wir unsere</Unicode>
                </TextEquiv>
            </TextLine>
            <TextLine id="r1l19" custom="readingOrder {index:18;}">
                <Coords points="923,848 1899,866 1899,834 1772,824 924,813"/>
                <Baseline points="929,846 977,847 1025,848 1073,849 1121,850 1169,851 1217,852 1266,853 1314,855 1362,856 1410,857 1458,858 1506,859 1554,859 1603,860 1651,861 1699,861 1747,861 1795,861 1843,861 1892,861"/>
                <TextEquiv>
                    <Unicode>Welt nennen. Die Vergeltung geht als Gespenst ein¬</Unicode>
                </TextEquiv>
            </TextLine>
            <TextLine id="r1l20" custom="readingOrder {index:19;}">
                <Coords points="923,888 1903,901 1903,865 924,853"/>
                <Baseline points="929,884 977,885 1025,886 1074,888 1122,889 1170,889 1219,891 1267,892 1315,892 1364,894 1412,894 1460,895 1509,896 1557,897 1605,898 1654,899 1702,900 1750,901 1799,901 1847,902 1896,903"/>
                <TextEquiv>
                    <Unicode>her. Und zu der Lebensfreude von Alt=Wien tritt</Unicode>
                </TextEquiv>
            </TextLine>
            <TextLine id="r1l21" custom="readingOrder {index:20;}">
                <Coords points="922,922 1840,952 1899,912 923,892"/>
                <Baseline points="929,922 977,923 1025,924 1073,925 1121,926 1169,927 1217,928 1266,929 1314,930 1362,930 1410,931 1458,932 1506,933 1554,934 1603,935 1651,936 1699,936 1747,937 1795,938 1843,939 1892,940"/>
                <TextEquiv>
                    <Unicode>der denklich schärfste Pessimismus in grellen Kontrast.</Unicode>
                </TextEquiv>
            </TextLine>
            <TextLine id="r1l22" custom="readingOrder {index:21;}">
                <Coords points="919,971 1893,993 1906,956 919,931"/>
                <Baseline points="925,961 973,962 1022,963 1071,964 1119,965 1168,966 1217,967 1265,968 1314,969 1363,970 1412,971 1460,972 1509,973 1558,974 1606,975 1655,975 1704,976 1752,977 1801,977 1850,978 1899,978"/>
                <TextEquiv>
                    <Unicode>An sich ist's gewiß keine Neuigkeit, daß ein, Braut</Unicode>
                </TextEquiv>
            </TextLine>
            <TextLine id="r1l23" custom="readingOrder {index:22;}">
                <Coords points="923,1010 1907,1015 1867,979 924,974"/>
                <Baseline points="930,1000 978,1001 1027,1001 1075,1002 1124,1003 1172,1003 1221,1005 1269,1005 1318,1006 1366,1007 1415,1008 1463,1009 1512,1010 1560,1011 1609,1012 1657,1013 1706,1013 1754,1014 1803,1014 1851,1014 1900,1014"/>
                <TextEquiv>
                    <Unicode>gewordenes Mädchen sich in einer letzten Liebesnacht</Unicode>
                </TextEquiv>
            </TextLine>
            <TextLine id="r1l24" custom="readingOrder {index:23;}">
                <Coords points="923,1038 1845,1064 1906,1018 924,1010"/>
                <Baseline points="929,1034 977,1036 1026,1038 1074,1040 1123,1042 1171,1043 1220,1044 1268,1045 1317,1046 1365,1046 1414,1047 1462,1048 1511,1048 1559,1048 1608,1049 1656,1049 1705,1050 1753,1051 1802,1051 1850,1052 1899,1053"/>
                <TextEquiv>
                    <Unicode>verabschiedet vom Geliebten, um aus seinen Armen</Unicode>
                </TextEquiv>
            </TextLine>
            <TextLine id="r1l25" custom="readingOrder {index:24;}">
                <Coords points="922,1077 1906,1087 1827,1056 923,1045"/>
                <Baseline points="929,1075 977,1076 1026,1077 1074,1078 1123,1079 1171,1080 1220,1081 1268,1082 1317,1083 1365,1083 1414,1084 1462,1085 1511,1085 1559,1086 1608,1087 1656,1087 1705,1088 1753,1089 1802,1089 1850,1090 1899,1090"/>
                <TextEquiv>
                    <Unicode>in die eines ungeliebten aber reichen Hagestolzes zu</Unicode>
                </TextEquiv>
            </TextLine>
            <TextLine id="r1l26" custom="readingOrder {index:25;}">
                <Coords points="925,1120 1527,1123 1527,1098 1484,1090 1392,1084 1354,1105 1157,1077 1102,1095 925,1080"/>
                <Baseline points="931,1112 960,1114 990,1115 1019,1116 1049,1117 1078,1118 1108,1119 1137,1119 1167,1119 1196,1119 1226,1119 1255,1119 1285,1119 1314,1120 1344,1120 1373,1120 1403,1121 1432,1121 1462,1122 1491,1123 1521,1124"/>
                <TextEquiv>
                    <Unicode>fallen — als ehrsame Ehefrau.</Unicode>
                </TextEquiv>
            </TextLine>
            <TextLine id="r1l27" custom="readingOrder {index:26;}">
                <Coords points="1530,1129 1536,1128 1545,1132 1549,1127 1558,1126 1554,1094 1552,1095 1546,1094 1543,1097 1539,1096 1535,1102 1531,1104 1526,1104"/>
                <Baseline points="1535,1126 1551,1124"/>
                <TextEquiv>
                    <Unicode>25</Unicode>
                </TextEquiv>
            </TextLine>
            <TextLine id="r1l28" custom="readingOrder {index:27;}">
                <Coords points="1561,1130 1591,1135 1615,1124 1677,1138 1705,1123 1739,1141 1780,1144 1850,1132 1881,1140 1912,1126 1912,1108 1852,1105 1833,1092 1806,1105 1745,1092 1710,1104 1659,1092 1635,1101 1616,1087 1562,1090"/>
                <Baseline points="1568,1125 1594,1125 1620,1126 1646,1127 1672,1128 1698,1129 1724,1130 1750,1130 1776,1131 1802,1131 1828,1131 1854,1130 1880,1129 1906,1127"/>
                <TextEquiv>
                    <Unicode>Dieser einfachen</Unicode>
                </TextEquiv>
            </TextLine>
            <TextLine id="r1l29" custom="readingOrder {index:28;}">
                <Coords points="918,1155 1913,1166 1912,1137 1710,1125 919,1121"/>
                <Baseline points="924,1149 973,1151 1022,1153 1071,1154 1120,1156 1169,1157 1218,1158 1267,1159 1316,1160 1365,1160 1415,1161 1464,1162 1513,1162 1562,1163 1611,1163 1660,1164 1709,1165 1758,1166 1807,1167 1856,1169 1906,1170"/>
                <TextEquiv>
                    <Unicode>Nealität begegnet Schnitzlers Phantastik. Man weiß</Unicode>
                </TextEquiv>
            </TextLine>
            <TextLine id="r1l30" custom="readingOrder {index:29;}">
                <Coords points="916,1189 1855,1221 1907,1181 916,1156"/>
                <Baseline points="922,1189 970,1190 1019,1192 1068,1194 1117,1195 1166,1196 1215,1197 1264,1198 1313,1198 1362,1199 1411,1200 1459,1200 1508,1201 1557,1201 1606,1202 1655,1203 1704,1203 1753,1204 1802,1205 1851,1207 1900,1208"/>
                <TextEquiv>
                    <Unicode>kaum mehr, ist's nun Wirklichkeit oder Dichtung.</Unicode>
                </TextEquiv>
            </TextLine>
            <TextLine id="r1l31" custom="readingOrder {index:30;}">
                <Coords points="918,1234 1902,1237 1831,1210 919,1190"/>
                <Baseline points="925,1226 973,1227 1022,1228 1070,1229 1119,1230 1167,1231 1216,1233 1264,1234 1313,1235 1361,1236 1410,1237 1459,1239 1507,1240 1556,1240 1604,1241 1653,1242 1701,1243 1750,1243 1798,1243 1847,1243 1896,1243"/>
                <TextEquiv>
                    <Unicode>Denn seine Alt=Wiener Typen, der Bräutigam, die</Unicode>
                </TextEquiv>
            </TextLine>
            <TextLine id="r1l32" custom="readingOrder {index:31;}">
                <Coords points="919,1276 1863,1295 1903,1259 920,1236"/>
                <Baseline points="925,1266 973,1267 1022,1267 1070,1268 1119,1269 1167,1270 1216,1271 1264,1272 1313,1273 1361,1275 1410,1276 1459,1277 1507,1277 1556,1278 1604,1279 1653,1279 1701,1280 1750,1280 1798,1280 1847,1280 1896,1279"/>
                <TextEquiv>
                    <Unicode>Braut und der Liebhaber — kurz das ganze dreieckige</Unicode>
                </TextEquiv>
            </TextLine>
            <TextLine id="r1l33" custom="readingOrder {index:32;}">
                <Coords points="919,1310 1912,1315 1912,1289 1769,1283 919,1276"/>
                <Baseline points="925,1303 974,1304 1023,1306 1072,1307 1121,1308 1170,1309 1219,1310 1268,1311 1317,1312 1366,1313 1415,1313 1464,1314 1513,1315 1562,1315 1611,1316 1660,1317 1709,1317 1758,1317 1807,1318 1856,1318 1906,1318"/>
                <TextEquiv>
                    <Unicode>Verhältnis steht unter dem Zeichen der Narren¬</Unicode>
                </TextEquiv>
            </TextLine>
            <TextLine id="r1l34" custom="readingOrder {index:33;}">
                <Coords points="918,1352 1896,1360 1854,1324 919,1310"/>
                <Baseline points="925,1343 973,1344 1021,1344 1069,1345 1118,1345 1166,1346 1214,1347 1262,1348 1311,1348 1359,1349 1407,1350 1455,1351 1504,1352 1552,1353 1600,1354 1648,1354 1697,1355 1745,1355 1793,1356 1841,1356 1890,1356"/>
                <TextEquiv>
                    <Unicode>kappen und der Schellen, die für Pierrot und Pierrette</Unicode>
                </TextEquiv>
            </TextLine>
            <TextLine id="r1l35" custom="readingOrder {index:34;}">
                <Coords points="910,1380 1720,1409 1899,1381 911,1350"/>
                <Baseline points="917,1382 965,1382 1014,1382 1063,1382 1112,1383 1160,1384 1209,1385 1258,1386 1307,1387 1355,1388 1404,1389 1453,1390 1502,1391 1550,1392 1599,1393 1648,1394 1697,1394 1745,1395 1794,1395 1843,1396 1892,1395"/>
                <TextEquiv>
                    <Unicode>leise das Grabgeläute anheben, der Bräutigam aber</Unicode>
                </TextEquiv>
            </TextLine>
            <TextLine id="r1l36" custom="readingOrder {index:35;}">
                <Coords points="919,1421 1890,1443 1853,1399 919,1386"/>
                <Baseline points="925,1421 975,1421 1025,1422 1076,1422 1126,1423 1177,1424 1227,1425 1278,1426 1328,1426 1379,1427 1429,1428 1480,1429 1530,1430 1581,1431 1631,1432 1682,1433 1732,1434 1783,1434 1833,1435 1884,1436"/>
                <TextEquiv>
                    <Unicode>ist der Arlechino, ein Gigerl und Bourgeois zugleich,</Unicode>
                </TextEquiv>
            </TextLine>
            <TextLine id="r1l37" custom="readingOrder {index:36;}">
                <Coords points="915,1464 1895,1475 1895,1448 1838,1438 916,1418"/>
                <Baseline points="921,1458 969,1459 1017,1460 1066,1461 1114,1461 1163,1462 1211,1463 1259,1464 1308,1465 1356,1466 1405,1467 1453,1468 1501,1469 1550,1469 1598,1470 1647,1471 1695,1471 1743,1472 1792,1472 1840,1473 1889,1473"/>
                <TextEquiv>
                    <Unicode>der das Nachsehen hat und nur noch den Sargdeckel</Unicode>
                </TextEquiv>
            </TextLine>
            <TextLine id="r1l38" custom="readingOrder {index:37;}">
                <Coords points="920,1510 1889,1510 1854,1477 921,1468"/>
                <Baseline points="926,1499 973,1499 1021,1499 1069,1500 1117,1500 1165,1501 1213,1502 1260,1503 1308,1503 1356,1504 1404,1505 1452,1506 1500,1507 1548,1508 1595,1508 1643,1509 1691,1509 1739,1510 1787,1510 1835,1510 1883,1510"/>
                <TextEquiv>
                    <Unicode>zuzuklappen braucht. Es sind lauter amoureuse</Unicode>
                </TextEquiv>
            </TextLine>
            <TextLine id="r1l39" custom="readingOrder {index:38;}">
                <Coords points="914,1544 1901,1561 1901,1524 1838,1516 914,1510"/>
                <Baseline points="920,1537 968,1538 1017,1539 1066,1540 1115,1541 1163,1542 1212,1542 1261,1543 1310,1544 1358,1544 1407,1545 1456,1545 1505,1546 1553,1546 1602,1547 1651,1547 1700,1548 1748,1548 1797,1549 1846,1549 1895,1550"/>
                <TextEquiv>
                    <Unicode>Karikaturen, die das Leben und alles Seiende</Unicode>
                </TextEquiv>
            </TextLine>
            <TextLine id="r1l40" custom="readingOrder {index:39;}">
                <Coords points="915,1574 1838,1603 1893,1598 1894,1566 916,1542"/>
                <Baseline points="921,1573 969,1575 1017,1577 1065,1578 1114,1579 1162,1580 1210,1581 1259,1582 1307,1583 1355,1583 1404,1584 1452,1584 1500,1585 1548,1585 1597,1585 1645,1586 1693,1586 1742,1587 1790,1588 1838,1589 1887,1590"/>
                <TextEquiv>
                    <Unicode>parodieren und schließlich die Larve wegwerfen, so</Unicode>
                </TextEquiv>
            </TextLine>
            <TextLine id="r1l41" custom="readingOrder {index:40;}">
                <Coords points="911,1620 1893,1630 1780,1590 912,1576"/>
                <Baseline points="917,1613 965,1614 1014,1614 1062,1615 1111,1616 1159,1617 1208,1618 1256,1619 1305,1620 1353,1621 1402,1622 1450,1623 1499,1624 1547,1625 1596,1625 1644,1626 1693,1626 1741,1627 1790,1627 1838,1627 1887,1627"/>
                <TextEquiv>
                    <Unicode>daß hohle Totenschädel uns angrinsen. Das Liebes¬</Unicode>
                </TextEquiv>
            </TextLine>
            <TextLine id="r1l42" custom="readingOrder {index:41;}">
                <Coords points="911,1650 1887,1663 1863,1634 1749,1627 911,1624"/>
                <Baseline points="917,1651 965,1652 1013,1653 1061,1654 1109,1654 1158,1655 1206,1656 1254,1657 1302,1658 1350,1659 1399,1660 1447,1660 1495,1661 1543,1662 1591,1662 1640,1663 1688,1664 1736,1664 1784,1665 1832,1665 1881,1665"/>
                <TextEquiv>
                    <Unicode>paar fühlt in dunkelstem Empfinden den Tod schon</Unicode>
                </TextEquiv>
            </TextLine>
            <TextLine id="r1l43" custom="readingOrder {index:42;}">
                <Coords points="915,1694 1887,1709 1878,1664 915,1654"/>
                <Baseline points="921,1686 969,1688 1017,1690 1065,1692 1113,1694 1161,1695 1209,1696 1257,1697 1305,1698 1353,1699 1401,1699 1449,1699 1497,1700 1545,1700 1593,1700 1641,1701 1689,1701 1737,1701 1785,1702 1833,1703 1881,1704"/>
                <TextEquiv>
                    <Unicode>von ferne und streift den Frack und die raschelnden</Unicode>
                </TextEquiv>
            </TextLine>
            <TextLine id="r1l44" custom="readingOrder {index:43;}">
                <Coords points="904,1730 1900,1743 1787,1705 905,1694"/>
                <Baseline points="910,1723 959,1725 1008,1727 1057,1730 1106,1731 1156,1733 1205,1734 1254,1735 1303,1736 1352,1737 1402,1738 1451,1738 1500,1739 1549,1739 1598,1739 1648,1740 1697,1740 1746,1740 1795,1739 1844,1739 1894,1739"/>
                <TextEquiv>
                    <Unicode>De#ous ab, um sich ins fahle Leichentuch zu hüllen.</Unicode>
                </TextEquiv>
            </TextLine>
            <TextLine id="r1l45" custom="readingOrder {index:44;}">
                <Coords points="919,1764 1888,1787 1888,1748 920,1732"/>
                <Baseline points="925,1764 972,1765 1020,1766 1068,1767 1116,1769 1164,1770 1212,1771 1259,1773 1307,1774 1355,1775 1403,1776 1451,1777 1499,1778 1547,1779 1594,1780 1642,1780 1690,1780 1738,1780 1786,1780 1834,1779 1882,1779"/>
                <TextEquiv>
                    <Unicode>Auch der Sensenmann hat nach seiner Art grausigen</Unicode>
                </TextEquiv>
            </TextLine>
            <TextLine id="r1l46" custom="readingOrder {index:45;}">
                <Coords points="910,1804 1895,1815 1895,1786 911,1761"/>
                <Baseline points="917,1799 965,1802 1014,1804 1062,1806 1111,1807 1159,1809 1208,1810 1256,1811 1305,1812 1353,1813 1402,1814 1451,1815 1499,1815 1548,1816 1596,1816 1645,1817 1693,1818 1742,1818 1790,1819 1839,1820 1888,1821"/>
                <TextEquiv>
                    <Unicode>Humor und eine ganz verwünschte Frou=Frou=Manier.</Unicode>
                </TextEquiv>
            </TextLine>
            <TextLine id="r1l47" custom="readingOrder {index:46;}">
                <Coords points="911,1844 1845,1869 1894,1857 1895,1826 912,1811"/>
                <Baseline points="917,1839 965,1841 1014,1842 1062,1844 1111,1845 1159,1847 1208,1847 1256,1849 1305,1850 1353,1852 1402,1853 1451,1854 1499,1854 1548,1855 1596,1856 1645,1856 1693,1857 1742,1857 1790,1857 1839,1857 1888,1857"/>
                <TextEquiv>
                    <Unicode>Dem Zuschauer aber überläuft's. Nur weiß er manch¬</Unicode>
                </TextEquiv>
            </TextLine>
            <TextLine id="r1l48" custom="readingOrder {index:47;}">
                <Coords points="915,1886 1895,1892 1874,1862 916,1855"/>
                <Baseline points="921,1878 969,1880 1017,1881 1066,1883 1114,1884 1163,1885 1211,1886 1259,1887 1308,1888 1356,1889 1405,1889 1453,1890 1501,1890 1550,1891 1598,1891 1647,1892 1695,1892 1743,1893 1792,1893 1840,1894 1889,1895"/>
                <TextEquiv>
                    <Unicode>mal nicht ganz sicher, ob es ein pikantes Frisson oder</Unicode>
                </TextEquiv>
            </TextLine>
            <TextLine id="r1l49" custom="readingOrder {index:48;}">
                <Coords points="915,1925 953,1937 1043,1922 1073,1936 1110,1924 1138,1942 1174,1924 1238,1941 1301,1927 1302,1907 1229,1914 1185,1887 1129,1898 1094,1883 1063,1892 916,1884"/>
                <Baseline points="921,1915 947,1915 974,1916 1001,1916 1027,1917 1054,1918 1081,1919 1108,1919 1134,1921 1161,1922 1188,1923 1214,1924 1241,1925 1268,1926 1295,1928"/>
                <TextEquiv>
                    <Unicode>Grabeskälte sei ...</Unicode>
                </TextEquiv>
            </TextLine>
            <TextLine id="r1l50" custom="readingOrder {index:49;}">
                <Coords points="950,1970 1493,2000 1892,1981 1767,1938 1639,1962 1587,1938 951,1929"/>
                <Baseline points="956,1969 1002,1971 1049,1973 1095,1975 1142,1976 1188,1978 1235,1979 1281,1981 1328,1983 1374,1984 1421,1985 1467,1986 1514,1987 1560,1988 1607,1988 1653,1989 1700,1989 1746,1989 1793,1988 1839,1988 1886,1987"/>
                <TextEquiv>
                    <Unicode>Die pantomimischen Vorgänge auf der Bühne</Unicode>
                </TextEquiv>
            </TextLine>
            <TextLine id="r1l51" custom="readingOrder {index:50;}">
                <Coords points="908,2011 1890,2030 1891,1988 909,1980"/>
                <Baseline points="914,2007 962,2010 1011,2013 1059,2015 1108,2016 1156,2018 1205,2020 1253,2021 1302,2022 1350,2023 1399,2024 1447,2025 1496,2026 1544,2027 1593,2027 1641,2028 1690,2028 1738,2028 1787,2029 1835,2029 1884,2029"/>
                <TextEquiv>
                    <Unicode>wirkten ungefähr wie lebende Photographien mit</Unicode>
                </TextEquiv>
            </TextLine>
            <TextLine id="r1l52" custom="readingOrder {index:51;}">
                <Coords points="915,2057 1892,2076 1874,2026 1485,2046 915,2015"/>
                <Baseline points="921,2048 969,2050 1017,2052 1065,2054 1114,2056 1162,2058 1210,2059 1258,2060 1307,2061 1355,2063 1403,2063 1451,2064 1500,2065 1548,2065 1596,2066 1644,2066 1693,2067 1741,2067 1789,2067 1837,2067 1886,2067"/>
                <TextEquiv>
                    <Unicode>sinfonischer Orchesterbegleitung. Kennt man die</Unicode>
                </TextEquiv>
            </TextLine>
            <TextLine id="r1l53" custom="readingOrder {index:52;}">
                <Coords points="903,2084 1887,2095 1680,2060 904,2057"/>
                <Baseline points="910,2087 958,2088 1007,2090 1055,2092 1104,2093 1152,2094 1201,2095 1249,2097 1298,2098 1346,2099 1395,2100 1443,2101 1492,2101 1540,2102 1589,2103 1637,2103 1686,2104 1734,2104 1783,2105 1831,2105 1880,2105"/>
                <TextEquiv>
                    <Unicode>Akteurs vollends, so will's einem doch schwer ein¬</Unicode>
                </TextEquiv>
            </TextLine>
            <TextLine id="r1l54" custom="readingOrder {index:53;}">
                <Coords points="902,2131 1892,2133 1882,2095 903,2087"/>
                <Baseline points="908,2128 956,2129 1005,2129 1054,2130 1103,2130 1152,2132 1201,2132 1249,2134 1298,2135 1347,2136 1396,2137 1445,2138 1494,2139 1543,2140 1591,2140 1640,2141 1689,2141 1738,2141 1787,2141 1836,2141 1885,2140"/>
                <TextEquiv>
                    <Unicode>leuchten, warum sie in hartnäckigem Schweigen ver¬</Unicode>
                </TextEquiv>
            </TextLine>
            <TextLine id="r1l55" custom="readingOrder {index:54;}">
                <Coords points="908,2176 1887,2180 1887,2156 1789,2141 909,2133"/>
                <Baseline points="915,2166 963,2166 1011,2166 1059,2167 1108,2168 1156,2169 1204,2169 1253,2170 1301,2172 1349,2172 1398,2174 1446,2174 1494,2175 1542,2176 1591,2177 1639,2178 1687,2179 1736,2180 1784,2180 1832,2181 1881,2181"/>
                <TextEquiv>
                    <Unicode>harren müssen. Um so weniger, als Ernst von Doh¬</Unicode>
                </TextEquiv>
            </TextLine>
            <TextLine id="r1l56" custom="readingOrder {index:55;}">
                <Coords points="913,2207 1888,2221 1832,2183 914,2177"/>
                <Baseline points="919,2203 967,2204 1015,2204 1063,2205 1111,2206 1159,2207 1207,2207 1255,2208 1303,2209 1351,2210 1400,2211 1448,2212 1496,2213 1544,2214 1592,2215 1640,2216 1688,2217 1736,2218 1784,2219 1832,2221 1881,2222"/>
                <TextEquiv>
                    <Unicode>nanyis Musik sehr interessant und sehr melodisch ist.</Unicode>
                </TextEquiv>
            </TextLine>
            <TextLine id="r1l57" custom="readingOrder {index:56;}">
                <Coords points="909,2244 1781,2270 1887,2266 1888,2241 910,2203"/>
                <Baseline points="915,2243 963,2243 1011,2243 1059,2244 1108,2244 1156,2245 1204,2245 1253,2246 1301,2247 1349,2248 1398,2249 1446,2250 1494,2251 1542,2252 1591,2253 1639,2253 1687,2254 1736,2254 1784,2254 1832,2254 1881,2253"/>
                <TextEquiv>
                    <Unicode>Der Tondichter verfolgt die szenischen Vorgänge haar¬</Unicode>
                </TextEquiv>
            </TextLine>
            <TextLine id="r1l58" custom="readingOrder {index:57;}">
                <Coords points="912,2290 1891,2296 1761,2254 1213,2270 912,2244"/>
                <Baseline points="918,2279 966,2281 1014,2281 1063,2283 1111,2284 1159,2285 1208,2286 1256,2286 1304,2287 1353,2288 1401,2289 1449,2289 1498,2290 1546,2291 1594,2291 1643,2292 1691,2292 1739,2293 1788,2293 1836,2293 1885,2294"/>
                <TextEquiv>
                    <Unicode>scharf. Was er gibt, ist zu allergrößtem Teil sein</Unicode>
                </TextEquiv>
            </TextLine>
            <TextLine id="r1l59" custom="readingOrder {index:58;}">
                <Coords points="899,2315 1886,2339 1850,2298 899,2288"/>
                <Baseline points="905,2318 953,2319 1002,2321 1051,2322 1099,2323 1148,2324 1197,2324 1245,2325 1294,2326 1343,2326 1392,2326 1440,2327 1489,2327 1538,2328 1586,2328 1635,2329 1684,2330 1732,2330 1781,2332 1830,2333 1879,2334"/>
                <TextEquiv>
                    <Unicode>eigen; nur zuweilen, z. B. im zweiten Bilde, stockt</Unicode>
                </TextEquiv>
            </TextLine>
            <TextLine id="r1l60" custom="readingOrder {index:59;}">
                <Coords points="907,2359 1850,2383 1886,2346 907,2318"/>
                <Baseline points="913,2354 961,2355 1009,2356 1057,2357 1106,2359 1154,2360 1202,2361 1251,2362 1299,2363 1347,2364 1396,2365 1444,2366 1492,2366 1540,2367 1589,2367 1637,2368 1685,2368 1734,2368 1782,2369 1830,2368 1879,2368"/>
                <TextEquiv>
                    <Unicode>der musikalische Fluß etwas, wird hier und dort auch</Unicode>
                </TextEquiv>
            </TextLine>
            <TextLine id="r1l61" custom="readingOrder {index:60;}">
                <Coords points="899,2396 1878,2409 1736,2368 900,2362"/>
                <Baseline points="906,2394 954,2395 1002,2395 1050,2396 1099,2396 1147,2397 1195,2398 1243,2398 1292,2399 1340,2400 1388,2400 1436,2401 1485,2402 1533,2403 1581,2404 1629,2405 1678,2406 1726,2407 1774,2408 1822,2409 1871,2410"/>
                <TextEquiv>
                    <Unicode>'mal eine Gedankenanleihe gemacht. Der Ton der</Unicode>
                </TextEquiv>
            </TextLine>
            <TextLine id="r1l62" custom="readingOrder {index:61;}">
                <Coords points="903,2436 1883,2448 1846,2411 904,2392"/>
                <Baseline points="909,2431 957,2432 1005,2432 1054,2433 1102,2434 1151,2435 1199,2436 1247,2437 1296,2437 1344,2438 1393,2439 1441,2440 1489,2440 1538,2441 1586,2442 1635,2443 1683,2443 1731,2444 1780,2445 1828,2446 1877,2447"/>
                <TextEquiv>
                    <Unicode>Alt=Wiener Gemütlichkeit und Fidelität ist gut ge¬</Unicode>
                </TextEquiv>
            </TextLine>
            <TextLine id="r1l63" custom="readingOrder {index:62;}">
                <Coords points="894,2475 1753,2497 1884,2465 894,2448"/>
                <Baseline points="900,2471 948,2471 997,2472 1046,2473 1095,2474 1144,2475 1193,2475 1241,2476 1290,2477 1339,2478 1388,2479 1437,2481 1486,2481 1535,2482 1583,2483 1632,2483 1681,2483 1730,2484 1779,2483 1828,2483 1877,2482"/>
                <TextEquiv>
                    <Unicode>troffen. Von ihm hebt sich dann das eigentlich dra¬</Unicode>
                </TextEquiv>
            </TextLine>
            <TextLine id="r1l64" custom="readingOrder {index:63;}">
                <Coords points="890,2499 974,2521 1562,2528 1602,2522 1603,2491 890,2479"/>
                <Baseline points="895,2511 930,2510 965,2510 1000,2510 1035,2511 1070,2511 1105,2511 1140,2512 1175,2512 1210,2513 1245,2514 1280,2514 1315,2515 1350,2516 1385,2516 1420,2517 1455,2518 1490,2518 1525,2519 1560,2519 1596,2519"/>
                <TextEquiv>
                    <Unicode>matische Element sehr bedeutend ab.</Unicode>
                </TextEquiv>
            </TextLine>
            <TextLine id="r1l65" custom="readingOrder {index:64;}">
                <Coords points="1603,2506 1631,2511 1659,2532 1696,2520 1714,2531 1733,2521 1761,2526 1772,2536 1838,2526 1867,2534 1875,2526 1898,2537 1898,2485 1838,2497 1808,2488 1787,2497 1776,2485 1756,2497 1719,2485 1682,2498 1629,2484 1603,2489"/>
                <Baseline points="1609,2522 1634,2522 1660,2522 1686,2521 1711,2521 1737,2520 1763,2519 1789,2519 1814,2519 1840,2521 1866,2522 1892,2526"/>
                <TextEquiv>
                    <Unicode>Im Orchester.</Unicode>
                </TextEquiv>
            </TextLine>
            <TextLine id="r1l66" custom="readingOrder {index:65;}">
                <Coords points="893,2547 1886,2575 1887,2536 894,2507"/>
                <Baseline points="899,2548 948,2548 997,2549 1046,2549 1095,2550 1144,2551 1193,2551 1242,2552 1291,2553 1340,2554 1389,2555 1438,2555 1487,2556 1536,2557 1585,2558 1634,2559 1683,2559 1732,2560 1781,2560 1830,2561 1880,2561"/>
                <TextEquiv>
                    <Unicode>und seiner durchweg modernen Behandlung ist viel</Unicode>
                </TextEquiv>
            </TextLine>
            <TextLine id="r1l67" custom="readingOrder {index:66;}">
                <Coords points="892,2588 1875,2601 1784,2561 892,2566"/>
                <Baseline points="898,2587 946,2588 995,2588 1043,2589 1092,2589 1140,2590 1189,2590 1237,2591 1286,2592 1334,2592 1383,2593 1432,2594 1480,2594 1529,2595 1577,2596 1626,2597 1674,2598 1723,2599 1771,2599 1820,2600 1869,2601"/>
                <TextEquiv>
                    <Unicode>Kolorit und Leben, vor allem (oder vielleicht trotz¬</Unicode>
                </TextEquiv>
            </TextLine>
            <TextLine id="r1l68" custom="readingOrder {index:67;}">
                <Coords points="881,2624 1824,2649 1880,2621 882,2592"/>
                <Baseline points="887,2625 936,2625 985,2625 1034,2625 1084,2626 1133,2627 1182,2628 1232,2628 1281,2629 1330,2630 1380,2631 1429,2632 1478,2633 1527,2633 1577,2634 1626,2634 1675,2635 1725,2635 1774,2635 1823,2634 1873,2634"/>
                <TextEquiv>
                    <Unicode>dem?) stets Klarheit und leicht übersichtliches Stimm¬</Unicode>
                </TextEquiv>
            </TextLine>
            <TextLine id="r1l69" custom="readingOrder {index:68;}">
                <Coords points="888,2663 1886,2671 1846,2640 888,2638"/>
                <Baseline points="894,2666 943,2666 992,2666 1041,2666 1091,2667 1140,2667 1189,2667 1239,2668 1288,2669 1337,2669 1387,2670 1436,2671 1485,2671 1534,2672 1584,2672 1633,2673 1682,2673 1732,2673 1781,2673 1830,2673 1880,2673"/>
                <TextEquiv>
                    <Unicode>gewebe. Man darf von Dohnanyis starkem Talent</Unicode>
                </TextEquiv>
            </TextLine>
            <TextLine id="r1l70" custom="readingOrder {index:69;}">
                <Coords points="887,2700 1844,2726 1876,2679 888,2678"/>
                <Baseline points="894,2704 942,2704 991,2704 1040,2704 1089,2704 1137,2705 1186,2705 1235,2706 1284,2706 1332,2707 1381,2707 1430,2708 1479,2709 1527,2710 1576,2710 1625,2711 1674,2712 1722,2712 1771,2713 1820,2714 1869,2714"/>
                <TextEquiv>
                    <Unicode>ohne Zweifel noch weiteres Treffliche erwarten. Das</Unicode>
                </TextEquiv>
            </TextLine>
            <TextLine id="r1l71" custom="readingOrder {index:70;}">
                <Coords points="888,2739 1277,2729 1329,2759 1420,2733 1460,2761 1802,2768 1873,2760 1874,2728 888,2718"/>
                <Baseline points="894,2741 942,2741 991,2742 1039,2742 1088,2743 1137,2743 1185,2744 1234,2744 1283,2745 1331,2746 1380,2747 1429,2747 1477,2748 1526,2749 1575,2750 1623,2750 1672,2751 1721,2751 1769,2752 1818,2752 1867,2753"/>
                <TextEquiv>
                    <Unicode>Orchester spielte unter Herrn Kapellmeister</Unicode>
                </TextEquiv>
            </TextLine>
            <TextLine id="r1l72" custom="readingOrder {index:71;}">
                <Coords points="884,2782 1838,2800 1879,2759 885,2746"/>
                <Baseline points="890,2778 939,2778 988,2779 1037,2779 1086,2780 1135,2780 1184,2781 1233,2782 1282,2783 1331,2784 1381,2785 1430,2786 1479,2787 1528,2788 1577,2788 1626,2789 1675,2789 1724,2790 1773,2790 1822,2789 1872,2789"/>
                <TextEquiv>
                    <Unicode>Pollaks Anführung glänzend, brachte alles an</Unicode>
                </TextEquiv>
            </TextLine>
            <TextLine id="r1l73" custom="readingOrder {index:72;}">
                <Coords points="887,2824 1844,2842 1881,2803 888,2780"/>
                <Baseline points="894,2818 943,2818 992,2818 1041,2818 1090,2818 1139,2819 1188,2820 1237,2821 1286,2821 1335,2822 1384,2823 1433,2824 1482,2825 1531,2826 1580,2827 1629,2827 1678,2828 1727,2829 1776,2829 1825,2829 1874,2829"/>
                <TextEquiv>
                    <Unicode>Melodie Rhythmik und Dynamik zu bester Geltung</Unicode>
                </TextEquiv>
            </TextLine>
            <TextLine id="r1l74" custom="readingOrder {index:73;}">
                <Coords points="891,2855 1699,2880 1864,2850 1058,2810 892,2834"/>
                <Baseline points="897,2856 945,2856 993,2856 1041,2857 1089,2857 1137,2858 1185,2858 1233,2859 1281,2860 1329,2861 1377,2862 1425,2863 1473,2863 1521,2864 1569,2865 1617,2865 1665,2865 1713,2865 1761,2865 1809,2865 1857,2864"/>
                <TextEquiv>
                    <Unicode>und verhalf dem Ganzen zu hoher kunstlerischer Wir¬</Unicode>
                </TextEquiv>
            </TextLine>
            <TextLine id="r1l75" custom="readingOrder {index:74;}">
                <Coords points="893,2899 918,2898 930,2902 936,2897 946,2897 967,2907 991,2897 1001,2888 1016,2888 1016,2866 1003,2866 993,2873 978,2864 961,2867 934,2859 921,2861 894,2855"/>
                <Baseline points="899,2892 926,2891 954,2892 981,2893 1009,2894"/>
                <TextEquiv>
                    <Unicode>kung.</Unicode>
                </TextEquiv>
            </TextLine>
            <TextLine id="r1l76" custom="readingOrder {index:75;}">
                <Coords points="1048,2906 1880,2910 1880,2886 1830,2872 1049,2867"/>
                <Baseline points="1054,2893 1095,2895 1136,2896 1177,2897 1218,2897 1259,2898 1300,2899 1341,2900 1382,2900 1423,2901 1464,2901 1505,2901 1546,2901 1587,2902 1628,2902 1669,2902 1710,2902 1751,2902 1792,2902 1833,2902 1874,2902"/>
                <TextEquiv>
                    <Unicode>Frl. Grondona hatte die Pantomime</Unicode>
                </TextEquiv>
            </TextLine>
            <TextLine id="r1l77" custom="readingOrder {index:76;}">
                <Coords points="889,2933 1832,2956 1877,2909 890,2900"/>
                <Baseline points="896,2928 944,2930 993,2931 1042,2931 1090,2933 1139,2933 1188,2935 1236,2935 1285,2936 1334,2937 1383,2938 1431,2938 1480,2939 1529,2940 1577,2940 1626,2941 1675,2941 1723,2941 1772,2941 1821,2942 1870,2942"/>
                <TextEquiv>
                    <Unicode>tadellos einstudiert und führte strenge Regie. Die</Unicode>
                </TextEquiv>
            </TextLine>
            <TextLine id="r1l78" custom="readingOrder {index:77;}">
                <Coords points="890,2968 1866,2980 1866,2939 890,2934"/>
                <Baseline points="896,2968 944,2968 992,2969 1040,2969 1088,2970 1137,2971 1185,2972 1233,2973 1281,2974 1329,2975 1378,2976 1426,2977 1474,2978 1522,2979 1570,2979 1619,2980 1667,2980 1715,2980 1763,2979 1811,2978 1860,2977"/>
                <TextEquiv>
                    <Unicode>Pierrette des Frl. Sanden mußte man bewundern.</Unicode>
                </TextEquiv>
            </TextLine>
            <TextLine id="r1l79" custom="readingOrder {index:78;}">
                <Coords points="888,2994 1396,3028 1869,3012 1827,2985 888,2978"/>
                <Baseline points="894,3010 942,3009 990,3009 1039,3009 1087,3010 1136,3010 1184,3010 1232,3011 1281,3012 1329,3012 1378,3013 1426,3014 1474,3015 1523,3015 1571,3016 1620,3016 1668,3017 1716,3017 1765,3017 1813,3017 1862,3016"/>
                <TextEquiv>
                    <Unicode>Ihre Gesten, Mienen, Bewegungen sprachen wahrhaft</Unicode>
                </TextEquiv>
            </TextLine>
            <TextLine id="r1l80" custom="readingOrder {index:79;}">
                <Coords points="885,3050 1866,3070 1841,3025 1065,3012 1026,3035 886,2998"/>
                <Baseline points="891,3044 939,3044 987,3046 1036,3047 1084,3048 1133,3049 1181,3049 1230,3050 1278,3051 1327,3052 1375,3052 1423,3053 1472,3054 1520,3054 1569,3055 1617,3055 1666,3056 1714,3056 1763,3057 1811,3057 1860,3057"/>
                <TextEquiv>
                    <Unicode>beredt. Alles war Leben, Natur und Wahrheit in</Unicode>
                </TextEquiv>
            </TextLine>
            <TextLine id="r1l81" custom="readingOrder {index:80;}">
                <Coords points="892,3087 1870,3095 1807,3060 892,3047"/>
                <Baseline points="898,3081 946,3082 994,3083 1042,3084 1091,3086 1139,3087 1187,3088 1236,3088 1284,3089 1332,3090 1381,3091 1429,3091 1477,3092 1525,3093 1574,3093 1622,3093 1670,3094 1719,3095 1767,3095 1815,3096 1864,3096"/>
                <TextEquiv>
                    <Unicode>Verbindung mit Eleganz und absoluter Sicherheit.</Unicode>
                </TextEquiv>
            </TextLine>
            <TextLine id="r1l82" custom="readingOrder {index:81;}">
                <Coords points="889,3124 1869,3133 1827,3099 890,3091"/>
                <Baseline points="895,3121 943,3122 991,3123 1040,3123 1088,3124 1137,3125 1185,3126 1233,3127 1282,3128 1330,3128 1379,3129 1427,3129 1475,3130 1524,3131 1572,3131 1621,3132 1669,3132 1717,3132 1766,3132 1814,3133 1863,3133"/>
                <TextEquiv>
                    <Unicode>Dasselbe gilt von der lyrischen Pierrotgestalt des</Unicode>
                </TextEquiv>
            </TextLine>
            <TextLine id="r1l83" custom="readingOrder {index:82;}">
                <Coords points="886,3156 1836,3186 1875,3148 886,3134"/>
                <Baseline points="892,3159 940,3160 989,3161 1038,3162 1087,3163 1136,3163 1184,3164 1233,3165 1282,3165 1331,3166 1380,3167 1428,3167 1477,3168 1526,3169 1575,3169 1624,3170 1672,3170 1721,3171 1770,3172 1819,3172 1868,3173"/>
                <TextEquiv>
                    <Unicode>Herrn Klinghammer. Viel Spieltalent gab sich</Unicode>
                </TextEquiv>
            </TextLine>
            <TextLine id="r1l84" custom="readingOrder {index:83;}">
                <Coords points="894,3206 1797,3222 1867,3197 1788,3172 895,3165"/>
                <Baseline points="900,3199 948,3199 996,3199 1044,3199 1092,3199 1140,3200 1188,3201 1236,3202 1284,3202 1332,3203 1380,3204 1428,3205 1476,3206 1524,3207 1572,3207 1620,3208 1668,3208 1716,3208 1764,3208 1812,3208 1860,3207"/>
                <TextEquiv>
                    <Unicode>hier kund. (Vielleicht wäre es, ogl. „Hoffmanns Er¬</Unicode>
                </TextEquiv>
            </TextLine>
            <TextLine id="r1l85" custom="readingOrder {index:84;}">
                <Coords points="894,3243 1870,3247 1851,3212 895,3206"/>
                <Baseline points="900,3235 948,3235 996,3236 1044,3236 1092,3237 1141,3238 1189,3239 1237,3240 1285,3241 1333,3242 1382,3243 1430,3244 1478,3245 1526,3245 1574,3246 1623,3246 1671,3247 1719,3247 1767,3247 1815,3246 1864,3246"/>
                <TextEquiv>
                    <Unicode>zählungen“ besser und illusionsfördernder, ließe man</Unicode>
                </TextEquiv>
            </TextLine>
            <TextLine id="r1l86" custom="readingOrder {index:85;}">
                <Coords points="888,3275 1870,3289 1870,3263 1806,3253 888,3238"/>
                <Baseline points="894,3273 942,3274 990,3275 1039,3276 1087,3277 1136,3278 1184,3278 1233,3279 1281,3280 1330,3280 1378,3281 1426,3282 1475,3282 1523,3283 1572,3283 1620,3284 1669,3285 1717,3285 1766,3286 1814,3287 1863,3288"/>
                <TextEquiv>
                    <Unicode>die gespenstische Erscheinung vor Pierrettes Augen im</Unicode>
                </TextEquiv>
            </TextLine>
            <TextLine id="r1l87" custom="readingOrder {index:86;}">
                <Coords points="893,3317 1748,3339 1870,3307 894,3280"/>
                <Baseline points="899,3312 947,3312 995,3313 1043,3314 1091,3314 1140,3315 1188,3316 1236,3316 1284,3318 1332,3318 1381,3319 1429,3320 1477,3321 1525,3322 1573,3323 1622,3324 1670,3324 1718,3325 1766,3325 1814,3326 1863,3326"/>
                <TextEquiv>
                    <Unicode>falben Lichte emporsteigen aus der Versenkung, statt</Unicode>
                </TextEquiv>
            </TextLine>
            <TextLine id="r1l88" custom="readingOrder {index:87;}">
                <Coords points="885,3355 1818,3375 1863,3372 1864,3345 886,3315"/>
                <Baseline points="892,3347 940,3348 988,3349 1036,3350 1085,3352 1133,3353 1181,3354 1229,3355 1278,3356 1326,3357 1374,3358 1422,3359 1471,3360 1519,3361 1567,3361 1615,3362 1664,3363 1712,3363 1760,3363 1808,3363 1857,3364"/>
                <TextEquiv>
                    <Unicode>sie hereinwandeln zu lassen in die Szene.) Der</Unicode>
                </TextEquiv>
            </TextLine>
            <TextLine id="r1l89" custom="readingOrder {index:88;}">
                <Coords points="878,3387 1477,3386 1729,3417 1864,3410 1865,3372 878,3358"/>
                <Baseline points="884,3386 932,3387 981,3388 1030,3389 1078,3390 1127,3391 1176,3392 1224,3393 1273,3394 1322,3394 1371,3395 1419,3396 1468,3397 1517,3398 1565,3398 1614,3399 1663,3399 1711,3399 1760,3399 1809,3399 1858,3399"/>
                <TextEquiv>
                    <Unicode>Arlechino des Herrn Kase hatte Würde im</Unicode>
                </TextEquiv>
            </TextLine>
            <TextLine id="r1l90" custom="readingOrder {index:89;}">
                <Coords points="912,3427 1783,3453 1860,3426 1610,3395 913,3395"/>
                <Baseline points="919,3424 965,3425 1012,3427 1059,3428 1106,3429 1152,3430 1199,3431 1246,3432 1293,3432 1339,3433 1386,3433 1433,3434 1480,3434 1526,3435 1573,3435 1620,3436 1667,3436 1713,3437 1760,3438 1807,3438 1854,3439"/>
                <TextEquiv>
                    <Unicode>chmerz, ergreifende Leidenschaft im Gefühl erfah¬</Unicode>
                </TextEquiv>
            </TextLine>
            <TextLine id="r1l91" custom="readingOrder {index:90;}">
                <Coords points="945,3477 1869,3488 1862,3447 945,3434"/>
                <Baseline points="951,3464 996,3465 1042,3467 1087,3469 1133,3469 1178,3470 1224,3471 1269,3472 1315,3472 1360,3472 1406,3473 1452,3473 1497,3474 1543,3474 1588,3474 1634,3475 1679,3475 1725,3476 1770,3477 1816,3478 1862,3479"/>
                <TextEquiv>
                    <Unicode>er Zurücksetzung. Angemessen waren die anderen</Unicode>
                </TextEquiv>
            </TextLine>
            <TextLine id="r1l92" custom="readingOrder {index:91;}">
                <Coords points="976,3523 1016,3514 1045,3527 1078,3513 1127,3520 1185,3507 1270,3523 1332,3508 1332,3495 1290,3473 1220,3484 1207,3473 1185,3483 1141,3472 977,3477"/>
                <Baseline points="982,3506 1008,3507 1034,3507 1061,3507 1087,3507 1114,3507 1140,3507 1167,3507 1193,3507 1220,3507 1246,3508 1273,3508 1299,3508 1326,3508"/>
                <TextEquiv>
                    <Unicode>en Partien besetzt.</Unicode>
                </TextEquiv>
            </TextLine>
            <TextLine id="r1l93" custom="readingOrder {index:92;}">
                <Coords points="1004,3560 1853,3562 1853,3534 1728,3521 1004,3519"/>
                <Baseline points="1010,3550 1051,3552 1093,3553 1135,3553 1177,3555 1219,3556 1260,3556 1302,3557 1344,3558 1386,3558 1428,3559 1469,3560 1511,3560 1553,3561 1595,3561 1637,3561 1678,3561 1720,3561 1762,3561 1804,3561 1846,3561"/>
                <TextEquiv>
                    <Unicode>manyis Werk hatte sehr lebhoften Erfolg.</Unicode>
                </TextEquiv>
            </TextLine>
            <TextLine id="r1l94" custom="readingOrder {index:93;}">
                <Coords points="1015,3580 1847,3613 1848,3576 1015,3564"/>
                <Baseline points="1021,3588 1062,3589 1103,3590 1144,3591 1185,3591 1226,3593 1267,3594 1308,3595 1349,3596 1390,3597 1431,3598 1472,3598 1513,3599 1554,3600 1595,3600 1636,3601 1677,3601 1718,3601 1759,3601 1800,3601 1842,3601"/>
                <TextEquiv>
                    <Unicode>n dem alten Herrn Haläwn mit Reserve be¬</Unicode>
                </TextEquiv>
            </TextLine>
            <TextLine id="r1l95" custom="readingOrder {index:94;}">
                <Coords points="1027,3636 1713,3652 1845,3641 1846,3614 1028,3587"/>
                <Baseline points="1034,3627 1074,3628 1114,3629 1154,3630 1195,3631 1235,3632 1275,3633 1315,3634 1356,3635 1396,3636 1436,3637 1476,3637 1517,3638 1557,3638 1597,3639 1637,3639 1678,3640 1718,3640 1758,3640 1798,3640 1839,3640"/>
                <TextEquiv>
                    <Unicode>soll niemand abhalten, wiederholt sich der</Unicode>
                </TextEquiv>
            </TextLine>
            <TextLine id="r1l96" custom="readingOrder {index:95;}">
                <Coords points="1017,3672 1854,3683 1854,3633 1018,3636"/>
                <Baseline points="1023,3664 1064,3665 1105,3666 1146,3666 1187,3667 1229,3668 1270,3669 1311,3670 1352,3671 1393,3672 1435,3672 1476,3673 1517,3673 1558,3674 1599,3675 1641,3675 1682,3675 1723,3676 1764,3676 1805,3676 1847,3676"/>
                <TextEquiv>
                    <Unicode>Spieloper zuzuwenden. Man wird doch auf</Unicode>
                </TextEquiv>
            </TextLine>
            <TextLine id="r1l97" custom="readingOrder {index:96;}">
                <Coords points="1015,3710 1763,3714 1858,3737 1859,3680 1015,3675"/>
                <Baseline points="1021,3704 1062,3705 1104,3705 1145,3706 1187,3707 1229,3708 1270,3708 1312,3709 1353,3709 1395,3709 1437,3710 1478,3710 1520,3711 1561,3711 1603,3712 1645,3713 1686,3713 1728,3714 1769,3715 1811,3716 1853,3718"/>
                <TextEquiv>
                    <Unicode>sebiet auf viel Schätzenswertes und künstlerisch</Unicode>
                </TextEquiv>
            </TextLine>
            <TextLine id="r1l98" custom="readingOrder {index:97;}">
                <Coords points="1019,3740 1758,3774 1858,3753 1858,3732 1764,3715 1020,3710"/>
                <Baseline points="1026,3739 1067,3742 1108,3743 1149,3745 1191,3747 1232,3748 1273,3748 1315,3749 1356,3750 1397,3750 1439,3750 1480,3750 1521,3750 1562,3751 1604,3751 1645,3751 1686,3751 1728,3752 1769,3753 1810,3753 1852,3755"/>
                <TextEquiv>
                    <Unicode>rchaus Lebenskräftiges stoßen. Allein schon</Unicode>
                </TextEquiv>
            </TextLine>
            <TextLine id="r1l99" custom="readingOrder {index:98;}">
                <Coords points="1010,3796 1234,3789 1330,3814 1393,3793 1584,3807 1612,3793 1612,3763 1583,3757 1235,3762 1010,3741"/>
                <Baseline points="1016,3781 1045,3782 1075,3782 1104,3783 1134,3783 1163,3784 1193,3785 1222,3786 1252,3786 1281,3787 1311,3788 1340,3789 1370,3789 1399,3790 1429,3790 1458,3790 1488,3790 1517,3789 1547,3789 1576,3788 1606,3787"/>
                <TextEquiv>
                    <Unicode>such ist hier an sich dankenswert.</Unicode>
                </TextEquiv>
            </TextLine>
            <TextLine id="r1l100" custom="readingOrder {index:99;}">
                <Coords points="1486,3866 1546,3858 1609,3871 1635,3859 1664,3869 1687,3856 1781,3880 1812,3875 1846,3903 1898,3896 1902,3867 1851,3824 1815,3831 1759,3800 1709,3812 1665,3798 1610,3815 1568,3796 1494,3796"/>
                <Baseline points="1495,3840 1521,3840 1548,3840 1574,3841 1601,3841 1627,3843 1654,3844 1680,3846 1707,3850 1733,3852 1760,3857 1786,3862 1813,3868 1839,3874 1866,3881 1893,3890"/>
                <TextEquiv>
                    <Unicode>Eugen Sean4</Unicode>
                </TextEquiv>
            </TextLine>
            <TextEquiv>
                <Unicode>W 
deutendes. Aber wie gesagt, der Komponist der
„Jüdin“ — das allein ist Halévy.
Ganz anders gestaltet ist die Schnitzlersche Pan¬
tomime „Der Schleier der Pierrette“. Der
Geist eines Amadeus Hoffmann bläst den Zuschauer
an. Das Romantisch=Gräßliche hat im letzten Jahr¬
hundert viel an Raum gewonnen. V. Hugos „Notre
Dame“, Grillparzers
„Ahnfrau“
Mayerbeers
„Robert“, Marschners Vampyr“, Strauß' „Salome“,
wären hier in bunter Reihe zu nennen. Bei Schnitz¬
ler macht das Nebeneinander die eigentliche und zwar
sehr starke Wirkung aus. Eine fremde Welt tritt
mit ihren unerfindlichen Kräften, ihren ahnenden
Dämmerungen und verhängnisreichen Beziehungen
in innigen Konnex mit der realen, die wir unsere
Welt nennen. Die Vergeltung geht als Gespenst ein¬
her. Und zu der Lebensfreude von Alt=Wien tritt
der denklich schärfste Pessimismus in grellen Kontrast.
An sich ist's gewiß keine Neuigkeit, daß ein, Braut
gewordenes Mädchen sich in einer letzten Liebesnacht
verabschiedet vom Geliebten, um aus seinen Armen
in die eines ungeliebten aber reichen Hagestolzes zu
fallen — als ehrsame Ehefrau.
25
Dieser einfachen
Nealität begegnet Schnitzlers Phantastik. Man weiß
kaum mehr, ist's nun Wirklichkeit oder Dichtung.
Denn seine Alt=Wiener Typen, der Bräutigam, die
Braut und der Liebhaber — kurz das ganze dreieckige
Verhältnis steht unter dem Zeichen der Narren¬
kappen und der Schellen, die für Pierrot und Pierrette
leise das Grabgeläute anheben, der Bräutigam aber
ist der Arlechino, ein Gigerl und Bourgeois zugleich,
der das Nachsehen hat und nur noch den Sargdeckel
zuzuklappen braucht. Es sind lauter amoureuse
Karikaturen, die das Leben und alles Seiende
parodieren und schließlich die Larve wegwerfen, so
daß hohle Totenschädel uns angrinsen. Das Liebes¬
paar fühlt in dunkelstem Empfinden den Tod schon
von ferne und streift den Frack und die raschelnden
De#ous ab, um sich ins fahle Leichentuch zu hüllen.
Auch der Sensenmann hat nach seiner Art grausigen
Humor und eine ganz verwünschte Frou=Frou=Manier.
Dem Zuschauer aber überläuft's. Nur weiß er manch¬
mal nicht ganz sicher, ob es ein pikantes Frisson oder
Grabeskälte sei ...
Die pantomimischen Vorgänge auf der Bühne
wirkten ungefähr wie lebende Photographien mit
sinfonischer Orchesterbegleitung. Kennt man die
Akteurs vollends, so will's einem doch schwer ein¬
leuchten, warum sie in hartnäckigem Schweigen ver¬
harren müssen. Um so weniger, als Ernst von Doh¬
nanyis Musik sehr interessant und sehr melodisch ist.
Der Tondichter verfolgt die szenischen Vorgänge haar¬
scharf. Was er gibt, ist zu allergrößtem Teil sein
eigen; nur zuweilen, z. B. im zweiten Bilde, stockt
der musikalische Fluß etwas, wird hier und dort auch
'mal eine Gedankenanleihe gemacht. Der Ton der
Alt=Wiener Gemütlichkeit und Fidelität ist gut ge¬
troffen. Von ihm hebt sich dann das eigentlich dra¬
matische Element sehr bedeutend ab.
Im Orchester.
und seiner durchweg modernen Behandlung ist viel
Kolorit und Leben, vor allem (oder vielleicht trotz¬
dem?) stets Klarheit und leicht übersichtliches Stimm¬
gewebe. Man darf von Dohnanyis starkem Talent
ohne Zweifel noch weiteres Treffliche erwarten. Das
Orchester spielte unter Herrn Kapellmeister
Pollaks Anführung glänzend, brachte alles an
Melodie Rhythmik und Dynamik zu bester Geltung
und verhalf dem Ganzen zu hoher kunstlerischer Wir¬
kung.
Frl. Grondona hatte die Pantomime
tadellos einstudiert und führte strenge Regie. Die
Pierrette des Frl. Sanden mußte man bewundern.
Ihre Gesten, Mienen, Bewegungen sprachen wahrhaft
beredt. Alles war Leben, Natur und Wahrheit in
Verbindung mit Eleganz und absoluter Sicherheit.
Dasselbe gilt von der lyrischen Pierrotgestalt des
Herrn Klinghammer. Viel Spieltalent gab sich
hier kund. (Vielleicht wäre es, ogl. „Hoffmanns Er¬
zählungen“ besser und illusionsfördernder, ließe man
die gespenstische Erscheinung vor Pierrettes Augen im
falben Lichte emporsteigen aus der Versenkung, statt
sie hereinwandeln zu lassen in die Szene.) Der
Arlechino des Herrn Kase hatte Würde im
chmerz, ergreifende Leidenschaft im Gefühl erfah¬
er Zurücksetzung. Angemessen waren die anderen
en Partien besetzt.
manyis Werk hatte sehr lebhoften Erfolg.
n dem alten Herrn Haläwn mit Reserve be¬
soll niemand abhalten, wiederholt sich der
Spieloper zuzuwenden. Man wird doch auf
sebiet auf viel Schätzenswertes und künstlerisch
rchaus Lebenskräftiges stoßen. Allein schon
such ist hier an sich dankenswert.
Eugen Sean4</Unicode>
            </TextEquiv>
        </TextRegion>
    </Page>
</PcGts>
