3344 4384
1216 9 1864 80 Swgenmenfür zortunge-Kurrennet
973 56 1719 132 Wien, I., Conoordiaplatz 4.
1185 115 1507 182 Vertretungen
784 164 1882 230 in Berlin, Basel, Budapest, Chicago, Cleveland, Christiania,
794 206 1873 260 Gent, Kopenhagen, London, Madrid, Mailand, Minneapolls,
790 245 1891 309 New-Vork, Paris, Rom, San Francisce, Stockholm, St. Petess¬
1175 289 1499 344 burg, Toronte.
1097 332 1577 398 (Quelienangabe ahne dew##1.
770 392 1895 468 Ausschnltt algerliner Börsen Zeitung, Berlin
1011 451 1694 547 1 11 1910 Morgenausgabe
789 524 928 570 vem:
954 592 1785 651 Die Uraufführung der zweiakligen Oper
857 632 1784 682 „Die Kunst zu lieben“, Text und Musik von
859 670 1785 719 Volbach, fand vorgestern im Düsseldorfer Stadt¬
853 714 1776 760 theater statt. Es ist das erste dramatische Werk
852 760 1786 802 des bekannten Tonkünstlers, der sich den Text nach
851 800 1777 848 einer Idee des Fiorentino selbst geschrieben hat. Die
851 837 1777 887 Handlung spielt in Bologna um 1550. Der bejahrte
851 879 1785 926 und vor Gelehrtendünkel aufgeblasene Universitäts¬
852 923 1783 960 professor Niccolo will durchaus seine Nichte Ginlietta
855 937 1789 997 heiraten, die jedoch den Studenten Lorenzo liebt.
863 971 1790 1040 Bei einem Stelldichein gestört erklärt Lorenzo dem
847 1025 1788 1075 Niccolo auf die Frage, was er in seinem Hause
851 1064 1782 1115 zu suchen habe, daß er — wie Almaviva im Bar¬
854 1111 1789 1150 bier — gekommen sei, um sein Schüler zu werden.
851 1146 1791 1198 Der geschmeichelte Professor bringt ihm sogleich
850 1182 1786 1237 Ovids „Kunst zu lieben“ bei, die der Schüler schnell
848 1222 1791 1266 begreift. In der Nacht darauf bringt er seiner Ge¬
854 1263 1788 1317 liebten ein Ständchen, wird aber dabei vom Professor
856 1304 1794 1369 ertappt, der die Nachbarn zur Hülfe herbeiruft,
850 1342 1787 1382 um den Studenten zu verprügeln. Auf das
855 1378 1788 1433 „Burschen heraus!“ Lorenzos eilen die Studenten
853 1426 1782 1479 herbei. Es entsteht eine allgemeine Holzerei,
845 1467 1785 1525 die durch das Dazwischentreten des Universitäts¬
841 1496 1798 1550 pedells beendet wird. Lorenzo soll in den
846 1557 1792 1589 Karzer abgeführt werden, da erklärt er ganz harmlos,
849 1580 1793 1629 er habe nur die Lehren der ars amandi befolgt, die
841 1613 1797 1668 Niccolo selbst ihm gegeben, und wiederholt parodierend
843 1661 1790 1711 dessen Privatissimum unter dem allgemeinen Gelächter
847 1704 1797 1748 der Nachbaren und Studenten. Da Niccolo weder
844 1724 1790 1777 sich selber noch den Ovid Lügen strafen mag, so
1420 1776 1786 1827 Das zum Teil in
848 1779 1421 1842 segnet er den Liebesbund. —
855 1812 1789 1871 Versen, zum Teil in Prosa geschriebene Texibuch
855 1851 1794 1907 erhebt sich uirgends über die herkömmlichen
845 1898 1800 1946 Librettophrasen, bei den Studentenliedern würde
847 1936 1798 1991 sich Scheffel im Grabe umdrehen. Volbachs Musik.
862 1973 1794 2030 zeigt einen Komponisten von gediegenem musikalischen
857 2011 1797 2062 Wissen und vollendeter Beherrschung der orchestralen
864 2048 1797 2101 Technik, zudem hat er Geschmack genug, sich von An¬
866 2090 1793 2145 lehnungen frei zu halten. Jedoch erdrückt seine kom¬
864 2133 1796 2191 plizierte polyphone Musik, die den Singstimmen
866 2167 1808 2225 gegenüber viel zu selbstherrlich auftritt, fast den
859 2206 1803 2261 harmlos heiteren Stoff, der nach liedartigen Melo¬
867 2253 1799 2304 dien geradezu schreit. Aber Lieder sind nun einmal
859 2283 1798 2343 bei den Komponisten nicht mehr modern. Personen
876 2319 1823 2382 und Sitnationen sind markant charakterisiert, davon
866 2372 1800 2414 hat aber das Publikum weniger als der Fachmusiker,
875 2413 1798 2460 Waschow, Hutt und Frau Förster in den Hauptrollen
863 2447 1800 2506 halfen dem Werkchen zu einem hübschen Erfolge; den
873 2480 1801 2537 anwesende Komponist wurde wiederholt gerufen.
871 2527 1812 2584 Voran ging der Oper die dreiteilige Pantomime
869 2570 1813 2620 „Der Schleier der Pierette“ von Artur
870 2601 1809 2671 Schnitzleusik von Ernst von Dohnanyi. Pierrot
872 2636 1817 2694 rare lieben einander, sie soll aber den reichen
864 2688 1816 2732 Arlequino heiraten. Sie kommt im Brautschmuck in die
879 2720 1811 2783 Wohnung des Geliebten, der sich schon verlassen glaubt,
878 2766 1801 2819 und schlägt ihm vor, durch Gist zu sterben. Während
872 2799 1818 2851 er das Gift trinkt, schreckt sie im letzten Augenblick
883 2843 1810 2898 zurück; er stirbt und sie begibt sich wieder ins Eltern¬
878 2869 1814 2936 haus, wo das Hochzeitsfest noch im Gang ist. Hier
874 2906 1819 2984 will sie sich durch Tanz betäuben, aber immer wieder
883 2945 1815 3013 ersgkeint ihr der tote Geliebte. Von magischer Ge¬
878 3004 1808 3051 malt angezögen folgt sie ihm, ihr nach Arlequino.
872 3035 1817 3092 Zo kommen sie in Pierrots Wohnung. Hier schließt
871 3072 1820 3137 sie der betrogene Arlequino ein, die Todesangst
879 3115 1812 3174 macht sie wahnsinnig und sie endet durch Herzschlag
882 3154 1822 3207 nach einem rasenden Tanze. Zu dieser Handlung hat der
890 3194 1821 3248 berühmte Pianist eine phantastische geniale Musik ge¬
890 3227 1826 3291 schrieben, die man fast als eine sinsonische Dichtung
883 3271 1813 3322 bezeichnen kann. Vor allem sind packende Rhythmen
885 3309 1823 3362 und originelle Harmonien zu rühmen; namentlich ist
882 3347 1824 3412 in dieser Hinsicht eine Schnellpolka auf den von
878 3424 1823 3485 Arlequino in der Wut beschädigten Instrumenten
888 3488 1817 3532 bemerkenswert. Das erste Zwischenspiel enthält einen
886 3527 1815 3573 Wiener Walzer voll lärmender Lebensfreude, der
891 3561 1808 3608 wohl die Runde durch alle großen Bälle dieser
1363 3587 1810 3648 das zweite schildert
892 3600 1359 3657 Saison machen wird:
887 3631 1814 3687 sinsonisch den tobenden Aufruhr der Gesühle.
889 3671 1813 3727 Außerdem enthält das Werk noch mehrere
886 3712 1810 3768 entzückende Walzer, ein zierliches Mennett und
887 3760 1810 3801 eine Liebesmusik von hoher sinnlicher Klang¬
886 3789 1809 3847 schönheit. Martha Esche, Barré und Zawilowski
887 3822 1807 3880 taten sich in den Hauptrollen hervor. Das Werk
881 3881 1812 3923 hatte einen großen und wahrscheinlich nachhaltigen
882 3921 1833 3968 Erfolg; Kapellmeister Fröhlich wurde wiederholt ge¬
877 3956 999 4018 rusen.
2251 3988 2489 4062 N ER PEE
