3344 4384
152 246 1788 354 23. Der Schleier der Pierrette
1014 769 1355 855 Telephen 12.801.
452 919 1088 1016 „ODSERTER
236 989 1355 1079 1. Saterr. behördl. konz. Unternehmen für Zeitungs-Ausschaltte
433 1056 1194 1137 Wien, I., Concordiaplats 4.
653 1111 990 1179 Vertretungen
249 1142 1356 1215 in Berlin, Basel, Budapest, Chicago, Cleveland, Christiania,
246 1207 1357 1247 Genf, Kopenhagen, London, Madrid, Mailand, Minneapolts,
242 1247 1369 1315 New-Vork, Paris, Rom, San Francisco, Stockholm, St. Petess¬
656 1290 971 1343 burg, Toronto.
568 1312 1049 1403 (Oselenangabe ohne Gewähr).
247 1391 576 1474 Ausschnitt aus
564 1418 1402 1624 Mten ene sleg
251 1480 1219 1643 van: töhn. 1910.. Sorlig.
307 1673 1451 1771 H. Leipzig, 24. Oktober. Nun hat auch unser Publikum die
215 1754 1436 1812 Pantomime Der Schleier der Pierrette kennen gelernt, die
229 1775 1442 1855 in der vergangenen Saison bei den Vorstellungen in der Dresdener
231 1818 1440 1889 Hofoper einiges Aufsehen erregte. Sie nimmt, wie ein großer Teil
233 1856 1434 1929 der modernen Bühnenwerke, die Nerven der Zuschauer gehörig mit.
225 1893 1438 1967 Der Inhalt ist nämlich kurz folgender: Pierrette soll den alternden
229 1931 1442 2004 reichen Arlechino heiraten, liebt aber den Pierrot. Sie schleicht sich
232 1973 1429 2042 vom Hochzeitsfeste weg in die Wohnung Pierrots, um mit ihm nach
227 2009 1435 2081 einem letzten Liebesrausch in den Tod zu gehen. Pierrot schlürft auch
223 2049 1431 2101 den giftigen Trank, doch Pierrette schreckt im letzten Augenblick davor
228 2094 1435 2158 zurück. Sie erscheint wieder auf dem Feste und sieht nun überall das
219 2125 1431 2205 Bild des toten Geliebten. In seiner Hand gewahrt sie auch den
230 2165 1431 2240 Brautschleier, den sie in seiner Wohnung liegen ließ, und
225 2199 1262 2269 den der argwöhnische Bräutigam sofort vermißt.
1255 2218 1429 2276 Seine
223 2239 1424 2313 drohende Frage und Pierrots Geist treiben sie in die Wohnung
224 2298 1438 2364 zuruck. Arlechino folgt ihr auf dem Fuße, begreift angesichts
226 2326 1433 2396 der Leiche das Geschehene und schließt Pierrette in das Totenzimmer
228 2365 1432 2413 ein. Jede Flucht ist ihr versperrt, Wahnsinn befällt sie, und nach
221 2412 1427 2470 einem konvulsivischen Tanz um die Leiche des Geliebten sinkt sie ent¬
229 2435 1382 2512 seelt zu Boden. Der grauenhafte Gesamteindruck diesen=Schnitzle
227 2475 1424 2549 schen Tragödie wird durch die Musik Ernst v. Dohnc### nicht i¬
215 2514 1425 2591 mildert, die alle Vorgänge und Stimmungen treulich charakterisiert
225 2555 1429 2630 und illustriert. Der Komponist, durch gediegene Kammermusik und
225 2609 1429 2665 auch als ausgezeichneter Pianist uns wohlbekannt, hat zwar keine
220 2627 1416 2707 originale Erfindung, aber eine starke koloristische Kunst aufgeboten,
221 2676 1427 2749 um die Wirkung dieser Szenen namentlich nach der dramatischen
218 2710 1418 2783 Seite hin zu steigern. Seine an Wagner und Richard Strauß an¬
222 2747 1422 2804 knüpfende Tonsprache bezeigt Phantasie und gediegenes Können.
226 2788 305 2838 Ob
320 2792 1425 2852 freilich mit solch langen und grauslichen Pantomimen
215 2824 326 2874 das
324 2825 771 2890 Publikum für die
767 2830 1017 2893 künstlerische
1020 2847 1423 2906 Erneuerung dieser
225 2857 462 2918 Kunstspezies
458 2872 548 2922 zu
566 2869 1022 2939 gewinnen sein wird,
1044 2883 1419 2944 dünkt uns auch
212 2905 1418 2968 nach der beifalligen Aufnahme des Schnitzler=Dohnänyischen Werkes
219 2941 482 2998 noch fraglich.
546 2954 1423 3013 Mit der Premiere der Pantomime verband sich
219 2981 1419 3041 die einer mehr als siebzig Jahre alten Oper. Den weitaus meisten
204 3022 1419 3094 Theaterbesuchern wird Halsvys komische Oper Der Blitz jedenfalls
219 3060 1417 3133 völlig neu gewesen sein, denn der letzte Wiederbelebungsversuch, der
217 3098 1432 3171 mit ihr in Leipzig, Wien und an anderen Orten gemacht worden ist, liegt
213 3130 1420 3208 gut dreißig Jahre zurück. Nach dem Ausgange des jetzigen noch¬
206 3180 1420 3235 maligen Versuches wird sie wohl endgültig begraben werden. Das
221 3213 1423 3270 harmlose Singspiel=Libretto wirkt gar nicht mehr, und auch die Musik
218 3253 1414 3311 hat den Duft ihrer besten Stücke eingebüßt. Die chorlose Oper weist
214 3290 707 3352 nur vier Partieen auf,
721 3307 1418 3364 aber eine jede fordert stimmliche
212 3330 1429 3382 Schönheit und Gesangskunst von dem Ausführenden. Welche
207 3373 1412 3439 mitgliederreiche Opernbühne der Gegenwart nennt zwei Tenoristen
216 3408 1418 3478 ihr eigen, die diesen doppelten Anspruch erfüllen? Während
204 3438 1418 3520 hierorts in der Pantomime die für eine Opernsängerin sehr geschickte
205 3491 1403 3557 und eindrucksvolle Leistung des Frl. Sanden hervortrat, machte sich
207 3525 1414 3596 in der Oper keine der solistischen Darbietungen besonders vorteilhaft
202 3577 1409 3637 geltend ... Auch im Neuen Operetten=Theater gab es unlängst eine
203 3610 1403 3680 Novität, das Alt=Wiener Singspiel Brüderlein fein von
205 3639 1400 3717 Julius Wilhelm und Leo Fall. Der ursprünglich für das Kabarett
195 3681 1402 3755 geschriebene, nach dem Erfolge auf diesem Terram für die größere
199 3718 1412 3791 Bühne ausstaffierte Einakter ist ein einfältig=liebenswürdiges
209 3756 1406 3844 Stückchen, dem die hübsche Musik Falls und eine sehr glückliche
207 3797 1337 3884 Darstellung auch hier zu sehr ansprechender Wirkung verholfen.
1887 233 2326 321 box 27/5
2651 1031 2994 1116 Telephen 12.901.
2086 1175 2746 1272 „ODSENTER
1874 1230 2993 1340 I. österr. bebördl. konz. Unternehmen für Zeitunge-Assestaiite
2062 1296 2814 1388 Wien, I., Conoordiaplatz 4.
2277 1362 2616 1433 Vertretungen
1878 1409 2971 1483 In Berlin, Basel, Budapest, Chicago, Cleveland, Chrtsttants.
1884 1451 2981 1520 Genf, Kopenhagen, London, Madrid, Mailand, Minneapolts,
1871 1496 2984 1572 New-Vork, Paris, Rom, San Francisco, Stockholen, St. Peters¬
2269 1535 2599 1593 burg, Toronto.
2207 1576 2672 1646 (Ossbenangabe ohne dewührt.
1874 1626 2259 1707 Ausschnftt aus:
2311 1658 2766 1761 Signle fr 6ie
2277 1748 2787 1824 mur nand Welt
1876 1750 2023 1813 vom:
2429 1799 2641 1881 a
2108 1880 2655 1975 Musikbriefe
2327 1955 2443 2014 aus
1975 1977 2772 2083 Leipzig, München, Wien und London.
1695 2058 1905 2116 Leipzig,
1963 2041 3128 2139 (Schnitzler-Dohnányis „Schleier der Pierrette“ und
1615 2081 1938 2173 21.—27. Oktob.
1953 2109 3108 2191 Halévys „Blitz“, Aufführung von Händels „Deborah“
1945 2152 3122 2231 durch den Riedel-Verein als I. Konzert der Musi¬
1621 2176 3106 2286 kalischen Gesellschaft. I. Böhmen-Abend mit Alice Ripper. Musik¬
1618 2231 3117 2345 Ausstellung D. Rather-Willi Rehberg. Der Neue Leipziger Männer¬
1617 2281 3125 2384 gesangverein. Kompositionsabend von Botho Sigwart. Konzerte
1616 2328 3107 2427 von Olga von Türk-Rohn, Lotte Kreisler, Mischa Elman, Prof. Wal¬
1603 2381 3130 2493 demar Meyer und Dr. Mark Günzburg und von Willi Burmester und
1585 2464 3077 2557 Emeric von Stefaniai. Das vierte Gewandhauskonzert: Mozarts Esg
1595 2554 3072 2607 dur-Symphonie, Wilh. Bergers „Variationen und Fuge“ als Novität;
1579 2571 3102 2655 und Lieder von Brahms und von Wolf, gesungen von Elena Gerhardt.)
1583 2642 3104 2703 Den himmelschreienden Schreckensweibern der modernen Opernbühne, der Sa¬
1590 2676 3107 2750 lome und Elektra, ist in Schnitzlgr-Dohnánys Pierette ein Schwesterchen erstanden, ##
1580 2730 3102 2787 das, ob es gleich stumm ist, seine Familienzugehörigkeit mit todheischender Liebe
1588 2772 3105 2857 und ekstatischen Leichentänzen deutlich genug bezeugt. Die in der Händlung
1584 2831 3100 2900 etwas allzubreit aber ungemein effektkundig angelegte und in der begleitenden
1584 2901 3107 2948 Musik ohne hervorragende Originalität zu einem hinsichtlich der Ausdrucksgewalt,
1592 2940 3111 2995 des stonsetzerischen Geschickes und der farbenreichen Instrumentierung bedeutend
1596 2993 3113 3056 wirkenden Kunstwerke ausgestattete Pantomime in drei Bildern „Der Schleierg
1589 3024 3102 3093 der Pierrette“ ist bei ihrer von Kapellmeister Pollak geleiteten, von der
1591 3077 3111 3142 Balletmeisterin Grondona inszenierten vortrefflichen hiesigen Erstaufführung,
1586 3125 3110 3187 um die sich als rühmenswerte darstellerische Interpreten der drei Hauptrollens
1580 3168 3112 3247 Frl. Sanden (Pierrette), Herr Klinghammer (Pierrot) und Herr Kase (Arlec¬
1596 3245 3103 3292 chino) verdient machten, mit vielem Grauen, einiger Freude an den hübschen,
1595 3283 3104 3342 Tanzstücken und lebhaftem Beifall aufgenommen worden. Dankbarer Hinnahmen
1596 3331 3115 3391 begegnete auch Halévys etwas antiquiert-liebenswürdige Quartettoper „Der¬
1591 3365 3127 3451 Blitz“, obgleich die Herren Kapellmeister Conrad und Regisseur Marion den#
1600 3426 3117 3489 wohltätigen Blaustift zu spärlich gebraucht hatten, und Frl. Merrem (Mad
1592 3459 3120 3527 Darbel), Frl. Eichholz (Henriette), Herr Jäger (Lionel) und Herr Schrotk#
1586 3535 3097 3589 (Georg) die für dieses Werk geradezu lebenbedingende anmutvolle Leichtigkeit der
1594 3577 2772 3663 Singens und des Darstellens stellenweise vermissen liessen-
