3436 4352
517 60 875 155 Aussonmnit Aür
1251 114 1368 199 „#e
1469 107 1629 193 Parf
914 119 973 207 770
519 194 819 264 som: 25.40
398 306 889 407 Imsin in Szene gehen.
480 349 1640 417 Prager Uraufführungen. Aus Prag wird uns geschrieben:
435 403 1650 478 Von zwei Kraufführungen auf österreichischem Boden ist zu berichten.
428 451 1647 504 Des Kaisers achtzigstes Wiegenfest hat unser Neues Deutsches
435 476 1642 543 Theater durch die Aufführung zweier Werke gefeiert, die, trotzdem
441 517 1650 578 oder gerade weil sie musikalischen Wert haben, bisher so gut wie
438 557 1647 626 ganz unbeachtet geblieben sind. Und doch verdient der Komponist
438 599 1644 664 der Pantomime „Der Schleier der Pierrette“ Ernst von
442 621 1651 700 Dohnanyi, der gegenwärtig in Berlin an der kgl. Hochschule für
441 673 1641 743 Musik als Professor wirkt, auch als schaffender Musiker ganz ernst
434 717 1644 771 genommen zu werden. Artur Schnitzler hat ihm den Stoff
1226 744 1642 806 natischen Steigerungen
759 755 1019 821 st eine
439 771 615 819 geliefert.
604 792 1646 855 Handlung. Pierrot liept==Pierrette und findet Gegen¬
443 808 574 860 reiche
432 842 1651 902 liebe bei ihr. Aber das Verhängnis will es, daß Pierrette
404 955 1619 1032 Arleguino heiraten muß. Von der Hochzeitstafel stiehlt sie sich zu
405 1003 1616 1066 Pierrot, um mit ihm noch eine Stunde der Liebe zu verleben und
412 1062 1610 1103 dann gemeinsam mit ihm den Giftbecher zu leeren. Aber im letzten
417 1082 1611 1154 Augenblick verläßt sie der Mut, Pierrot allein wird das Opfer seiner
415 1128 1609 1190 Liebe. Pierrette entflieht und vergißt in der Wohnung des toten
416 1163 1614 1223 Geliebren ihren Schleier. Beim Hochzeitsfefte hat man indes ihr
413 1197 1494 1247 Verschwinden bemerkt. Vergebens sucht man sie überall.
414 1249 1608 1296 während die Gäste zum Tanze antreten, erscheint sie wieder im
414 1282 1606 1352 Saale, noch ganz verstört durch die Erinnerung an ihr jüngstes Er¬
407 1308 1613 1384 lebnis. Von schrecklicher Eifersucht erfaßt, verlangt Arlequino zu
411 1363 1614 1429 wissen wo sie gewesen sei, wo sie ihren Schleier gelassen habe. Der
417 1399 1611 1465 Gewait sich fügend geht Pierrette mit Arlequino den Schleier suchen.
403 1436 1609 1483 Ste finden ihn in Pierrots Zimmer. Jetzt wird Arlequino alles
413 1474 1607 1542 klar. Furchtbar, so schwört er, soll seine Rache an Pierrot werden.
415 1516 1599 1574 Den aber findet er nur als Leiche. Also Nache an Pierrette! Er
417 1555 1607 1601 schleppt den toten Pierrot zum Diwan an den Tisch und zwingt
419 1593 1606 1658 Pierrette, bei ihrem toten Buhlen zu bleiben, und sperrt sie ein.
405 1636 1603 1685 Pierrette verfällt in Wahnsinn. Aus dieser hier nur ganz gradlinig
402 1664 1598 1719 gezeichneten Handlung ist zu ersehen, welch wirksamer Stoff dem
406 1711 1606 1773 Komponisten zur Verfägung stand, und es spricht deutlich für Doh¬
410 1753 1593 1813 nanyis kompositorische Begabung, daß es ihm gelungen ist, diesem
396 1781 1613 1856 Stoff so außerordentlich viel charakteristische Musik abzugewinnen.
394 1828 1502 1899 Den Komponisten kennt man bislang meist nur
1494 1842 1597 1895 als
406 1861 1159 1928 bedeutenden Pianisten und Schöpfer
1164 1873 1271 1923 von
1272 1872 1597 1934 Kammermustken.
403 1905 1269 1961 Durch seinen „Schleier der Pierrette“, hat
1279 1910 1606 1970 er sich neuer¬
401 1944 543 1995 dings
617 1956 1603 2013 bemerkenswerter Weise hervorgetan, denn seine
397 1990 1595 2048 Musik ist flüssig, melodienreich und entbehrt nicht der drama¬
399 2021 1599 2096 tischen Ausdruckskraft. Der Walzer zwischen dem ersten und zweiten
394 2047 1600 2106 Bilde der allerdings aus dem Geist der Biedermeierzeit etwas her¬
392 2106 1596 2161 ausfällt, ist an sich ein Kabinettstück, aber auch sonst ließe sich manche
406 2141 1596 2189 geschlossene Nummer anführen, die den Musiker Dohnauyi in helles
396 2185 1600 2247 Licht setzt. Die Aufführung, von Kurt Stern sehr gefällig inszeniert
396 2225 1599 2288 und von Paul Ottenheimer mit sicherem Stilgefühl dirigiert,
409 2261 1598 2311 stellte die verwendeten Opernkräfte vor ungewöhnliche Aufgaben.
402 2302 1605 2378 Da es sich aber zurzeit zufällig trifft, daß unsere ersten Sänger
404 2343 1594 2403 zugleich auch gute Schauspieier sind, so schlug das Experiment ein, und
397 2385 1592 2436 Fräulein Nigrini und die Herren Waschmann und Winkelmann
398 2416 1601 2481 holten sich laute Auerkennung. Den Beschluß des Abends machte Wolf
395 2458 1597 2510 Ferraris entzückender Einakter „Susannens Geheimnis.“ Golis.
394 2500 1599 2560 ciani hat nach dem Französischen eine hübsche Geschichte erfunden, die meir
396 2538 1597 2594 breitem Bebagen eine Eifersuchtsszene vorführt. Der Graf hält
400 2568 1600 2644 seine ihm jnng angetraute Gattin für untreu. Kein Wunder, denn
399 2615 1591 2669 in ihrem Boudoir wird seine feine Nase immer vom Duft der Ziga¬
393 2656 1570 2712 retten gekitzelt die kein anderer als nur ein Nebenbuhler hier ge¬
389 2690 1600 2749 raucht haben kann. Aber endlich stellt sich heraus, daß die Gattin
384 2732 1590 2785 selbst die Schwäche des Zigarettenrauchens hat, die sie ängstlich vor
398 2771 1600 2843 dem gestreugen Herrn und Meister verbirgt. Beschämt bittet der
394 2810 1598 2868 Graf um Verzeihung und wird nun selbst Raucher. Wolf=Ferraris
387 2852 1589 2904 Musik, die aus kleinsten musikalischen Motiven alle Szenen in ein¬
382 2879 1591 2950 heitlicher Geschlossenheit aufbaut, gehört zu dem Liebenswürdigsten
383 2919 1587 2995 und Anmutigsten, das auf dem Gebiete des musikalischen Lustspiels
395 2961 1163 3012 in der letzten Zeit bekannt geworden ist.
1193 2972 1580 3030 n so verwunderlicher,
389 2998 1585 3068 daß dieses Werkchen, das jedem Spielplan zur Zierde gereichen muß,
394 3041 1125 3110 sonst noch nirgends herumgekommen ist.
412 3106 1596 3183 Bronislaw Hubermann ist unter die Erfinder gegangen:
384 3156 1332 3201 er hat sich — just während der Flitterwochen, die
1367 3171 1594 3239 mit seiner
374 3200 1561 3261 jungen Frau, der reichbegabten Wiener Darstellerin Galafres, per
366 3235 523 3295 lebt —
535 3251 1535 3300 einen pneumatischen Geigenkastenüberzug patt
376 3277 1586 3324 tieren lassen. Wie die „Leipz. N. Nachr.“ melden, veröffentlicht ##s
380 3316 1580 3373 englische Patentamt soeben die Patenterteilung als No. 16 996.
382 3348 1582 3418 Die Erfindung ist ebenso einfach wie einleuchtend: über den Geigen¬
372 3397 1597 3463 kasten wird eine doppelte Gummihaut gezogen. An der Seite ist
381 3427 1109 3479 eine entilklappe angebracht; mit ihr
1105 3437 1596 3497 wird Luft zwischen die
379 3477 1586 3536 „Doppelhaut“ eingepumpt. Das Ventil schließt sich selbsttätig. Die
374 3504 1587 3571 Luft verleiht dem Überzeug die größte Elastizität und schützt das
375 3547 1586 3629 kostbare Handgerät des Künstlers gegen Stoß, Druck, Schlag und
376 3582 1068 3651 konstige Reise= oder Transportunfälle.
410 3628 1575 3688 Der Rubiusteinpreis und die jüdischen Künstler. Der
377 3655 1575 3728 Direktor des Petersburger Konservatoriums erhielt vom russischen
382 3706 1583 3766 Ministerium des Innern die Mitteilung, daß jüdischen Tonsetzern
380 3737 1577 3800 und Klavierspielern, die sich etwa am 5. internationalen Rubinstein¬
367 3785 1582 3841 preis beteiligen wollen, der Aufenthalt in Petersburg ver¬
375 3823 1579 3884 boten werden würde. (Der Wettbewerb um den Rubinsteinpreis,
364 3853 1577 3920 einen großen Doppelpreis von insgesamt 10000 Mk., der alle fünf
377 3894 1581 3952 Jahre an je einen Komponisten und einen Pianisten verlieben
375 3927 1586 3992 wird, kommt diesmal in Pertersburg zum Austrag. Die Bestimmung
376 3971 1488 4026 der russtschen Behörde birgt eine um so größere Härte in sich,
362 4014 1588 4096 der Stifter des Preises, der berühmte Klaviervirtnose Anton Ruhjh¬
364 4051 1011 4116 stein, jüdischer Abkunft war. Red.)
2109 1690 3389 1772 Nachbruck nur mit Quellenangabe gestattet. kennen gelernt hat. Es ist
2749 1739 3358 1818 allerliebster Melodik in seinem
2443 1745 2705 1864 Nie
2744 1794 3387 1876 Melodien haben alle Qualitätz
2011 1770 2452 1908 Keuilleton.
2737 1850 3388 1911 zu werden. Erfreulicherweise ha#
2439 1837 2734 1941 Glenss
1845 1871 2189 1978 7
2755 1906 3385 1972 und Jakobson zwei geschickte Lib
2755 1952 3381 2021 Textbuch bringt eine wirklich an
1951 1937 2495 2040 Prager Brief.
2755 1996 3388 2065 es auch an effektvollen szenische
1725 2005 2739 2106 Wenn es noch des Beweises V'dafür bedurft hätte,
2745 2061 3386 2122 gelt: Lord Halifax hat im Obe
1693 2060 2737 2152 daß wir auf dem besten Wege sind, eine führende
2749 2098 3369 2174 nahme einer Bill durchgesetzt, d
1700 2126 2729 2205 Theaterstadt zu werden, so ist er nunmehr erbracht
2743 2160 3369 2232 chen kompromittiert, verpflichtet,
1697 2173 2728 2260 worden: Man beginnt zu Prager Premieren zu pil¬
2738 2203 3381 2277 er durch einen launigen Zufall
1695 2248 2725 2309 gern, und Wien holt sich von uns seine Operetten¬
2732 2263 3379 2324 der anmutigen Wirtstochter Ba
1700 2277 2737 2363 Novitäten. Das heißt, vorläufig darf man nur in
2739 2307 3384 2383 als Erster die Härte seines G
1684 2327 2733 2412 der Einzahl sprechen: von Nedbals Operette „Die
2740 2349 3382 2422 kommt. Trotzdem er die hübsche
1693 2384 2733 2461 keusche Baibara“ („Cudná Barbora“), deren
2746 2405 3370 2482 ist der Lord von dieser Zwangs
1687 2423 3370 2530 Uraufführung in der verflossenen Woche an derentzückt, und es bedarf erst eine
1681 2490 3379 2587 jüngsten unserer großen Bühnen, dem Wein= der Eisersucht, um ihn mit L#
1678 2513 3354 2630 berger böhmischen Stadttheater, mitzusammenzuführen. Da sich zu
1688 2580 2718 2650 Allen äußeren Zeichen eines ansehnlichen Bühnen¬
2734 2614 3364 2682 partien noch eine Reihe weiterer,
1684 2643 2735 2717 eräignisses vor sich gegangen ist. Es gab ein schon
2731 2662 3368 2734 barer Figuren gesellt und der po
1686 2686 2725 2768 Wochen vorher ausverkauftes, überaus festliches Haus,
2725 2692 3380 2794 auf einem vornehmeren Schwat
1684 2744 2717 2808 am Dirigentenpulte hatte sich der Komponist einge¬
2723 2745 3372 2835 dem Werke wohl überall ein gle
1685 2780 2706 2858 sunden, man sah erwartungsvolle Theatergewaltige
2725 2813 3348 2880 nachhaltiger Erfolg beschieden
1686 2847 2723 2918 und Verleger Wiener und Berliner Kritiker. Also
2725 2863 3372 2946 der Prager Bühne geworden ist
1680 2896 2721 2964 ein richtiges Premierenbild, die richtige Premieren¬
2752 2914 3376 2983 Von den weiteren Ereignissen
1675 2945 2707 3016 stimmung — und schließlich denn auch eine richtige,
2722 2947 3379 3033 saison sei vor allem zweier Nov
1679 2988 2717 3057 sehr laute und ehrliche Premierenbegeisterung. Denn
2727 3023 3375 3092 beiden Landesbühnen fast gleichze
1680 3043 2705 3120 Nedbal hat sich nun auch in seiner Operette „Die
2730 3071 3365 3142 gelangten und die auch Wien i
1672 3098 2707 3171 keusche Barbara“ wieder als der ideenreiche und ge¬
2725 3115 3349 3190 zeit kennen lernen soll. Es sind
1678 3139 2707 3222 schmackvolle Musiker von starter Eigenart erwiesen, als
2714 3161 3362 3241 Ballettpantomime „Der Schl
1674 3195 2702 3273 den man ihn bereits in seinen Balltitpantomimen
2719 3216 3340 3288 rette“ und Wolf=Ferraris e
1661 3232 3311 3350 „Der faule Hans" und „Von Märchen zu MärchenF'isannens Geheimnis“.
