3344 4320
235 132 423 217 23
712 122 753 199 (
1112 143 1198 208 d
428 139 1856 221 benchleien Dierrette
1433 1117 1771 1205 Telephos 12.8#.
902 1258 1609 1341 „UDOERVER
717 1332 1821 1381 I. österr. behördl. kenz. Unternehmen für Zeitungs-Aueschaltte
913 1376 1646 1446 Wien, I., Concordiaplatz 4.
1130 1441 1457 1498 Vertretungen
724 1474 1856 1522 in Berlin, Basel, Budapest, Chicago, Cleveland, Christiania,
731 1529 1828 1572 Oeni, Kopenhagen, Lendon, Madrid, Mailand, Minneapolla,
718 1563 1826 1632 New-Vork, Paris, Rom, San Francisco, Stockholm, St. Paters¬
1134 1604 1424 1660 burg, Toronto.
1048 1642 1495 1707 (Gselieangete chse Gewähr.
722 1696 1515 1788 Ausschnitt aus:
728 1810 890 1862 vom
1042 1799 1126 1869 2
983 2016 1831 2104 Der Schleier der Pierrette.
874 2097 1893 2171 Pantomime von Artur Scchnitzter M#sik von
875 2139 1885 2209 Ernst v. Dohnänyi. Uraufführung im Kgl.
1100 2187 1666 2240 Opernhaus zu Dresden.
941 2230 1883 2287 R. Aus Dresden, 23. Jan., schreibt man
868 2287 1882 2347 uns: Des Dichters und des Komponisten Namen
871 2329 1880 2397 bürgte für einen Erfolg und hatte für ein ausver¬
875 2373 1875 2435 kauftes Haus gesorgt. Der Beifall war stürmisch
882 2415 1883 2475 Wohl 15mal hob und senkte sich am Schlusse der
883 2477 1901 2525 Vorhang. Der Komponist, die Darsteller und
879 2513 1894 2564 Jeneralmusikdirektor v. Schuch mußten sich immer
878 2567 1884 2629 vieder dem Publikum zeigen. Wir halten die Musik
890 2615 1481 2675 ür eine starke Talentprobe.
1477 2621 1892 2678 Ein selbständiges
889 2661 1882 2719 Neisterwerk wollte uns schließlich der Komponist
886 2709 1249 2773 jar nicht geben.
940 2752 1889 2807 Die Handlung, der Motive des Trauerspiels
885 2810 1905 2858 „Der Schleier der Beatrice", das der Dichter vor
961 2851 1889 2925 Jahren verfaßte, zugrunde liegen, ist
1470 2900 1814 2966 Vielleicht ist
876 2901 1398 2970 ließend und packend.
884 2943 1883 3016 das Grausigste, was in der kgl. Hofopei
875 3000 1884 3052 je zur Darstellung gekommen ist. Immer klingt aber
865 3049 1889 3094 im tiefsten Schmerze das Lied der Sühne und Ver¬
873 3101 1884 3159 geltung und führt über das Häßliche und Schaurige
866 3146 1900 3207 zu dem ästhetischen Genuß des Tragischen. Eine
876 3197 1903 3260 Ballade ohne Worte, vertont, in der der Dichter den
870 3240 1895 3296 Grundton anschlägt und der Tonpoet die Stim¬
864 3290 1900 3352 mung aufnimmt und seiner Empfindung zu einer
863 3340 1907 3395 Schwingungsweite verhilft, in der sie sich ausleben
872 3393 1894 3447 kann. Er nimmt den Gedanken auf und gibt ihm
867 3439 1893 3487 erst sein Leben. Handlung und Ton fließen in¬
856 3469 1898 3543 einander, ein Verschmolzensein, in dem der Gedanke
861 3523 1904 3598 an Intensität gewinnt und nachdrücklich zu uns
865 3578 1912 3642 spricht. Darin liegt der Reiz, das Geheimnts dieses
868 3609 1902 3696 großen Erfolges. Der Tonpoet hat seinen Dichter
859 3672 1109 3745 gefunden.
1980 152 2419 236 box 27/5
1961 1986 2933 2066 Die Musik hat Geist und Gefühlswert, sie ist
1906 2048 2925 2117 schmiegsam, graziös, voller Leidenschaft, um dann
1902 2106 2928 2160 wieder in tiefe Wehmut zu versinken. Sie durch¬
1901 2146 2933 2217 sättigt die Handlung mit feinen Stimmungswerten
1895 2201 2917 2272 und mit geistvollen Details. Der erfahrene Tech¬
2816 2242 2933 2305 Es
1900 2254 2790 2304 niker zeigt Erfindungsgabe und Farbensinn.
1904 2291 2932 2358 kommt zu prächtigen Klangwirkungen. Klare
1904 2341 2923 2404 melodische Linien bauen die Gegensätze auf. Die
1904 2397 2926 2459 Regie setzte die szenischen Ereignisse in eine Summe
1912 2437 2490 2503 feiner Stimmungswerte um.
1966 2473 2934 2536 Das Orchester unter v. Schuchs Leitung schwelgte
1898 2535 2922 2598 in edlem Wohlklang. Der Wechsel und die Gegen¬
1905 2582 2926 2657 sätze von den allerfeinsten dynamischen und rhyth¬
1901 2626 2923 2681 mischen Schattierungen, das tiefe Erfassen aller
1907 2676 2932 2738 Nüancierungen und dann wieder die intuitive Art
1902 2730 2932 2781 riß fort. Der geniale Dirigent hatte einen Sonder¬
1898 2774 2631 2841 erfolg und wurde stürmisch gerufen.
1961 2831 2934 2889 Man hatte mit großer Sorgfalt das Werk ein¬
1894 2873 2926 2942 studiert. Die Darsteller, vor allem Frl. Tervani
1899 2913 2924 2989 als Pierrette und Herr Soot als Pierrot, fanden sich
1900 2970 2924 3024 überraschend gut in den Stil der Pantomime. Nach
1897 3009 2933 3071 der vorzüglichen Wiedergabe des Werkes zweifle ich
1896 3062 2934 3137 nicht, daß das Werk sich längere Zeit im Spielplan
1908 3109 2609 3178 der deutschen Bühnen halten wird.
