3344 4320
249 132 1818 234 23. DenSchleiender-Pierrette
976 782 1599 866 Dr. Max Goldschmielt
985 856 1594 923 Büro für Zeitungsausschnitte
780 889 1065 953 BBRLIN N4
1328 883 1769 953 Telefon: Norden 3051
1104 979 1457 1050 Ausschnitt aus:
909 1042 1645 1129 Hamburger Fremdenblatt
1237 1227 1578 1316 16. Juli 40°
1463 1290 1610 1362 S.
859 1278 1038 1365 —
843 1351 1764 1472 Thealer, Kunst und Wissenschaft.
1063 1472 1535 1568 Thalia=Theater.
1167 1550 1409 1622 Gastspiel:
879 1597 1721 1677 Taiross's Moskauer Kammertheater.
979 1662 1630 1737 Der Schleier der Pierrette.
883 1702 1773 1787 Dies=Pantomime Schnitzlers mit der
831 1755 1767 1822 dazsgehorigen Musik von E. Dohnany
840 1795 1778 1864 wulde er#####rzlich im hiesigen Stadt=Theater
844 1834 1587 1900 zur Aufführung gebracht. Also dürfte
1647 1851 1778 1901 oder
838 1868 1770 1939 solkte — nein, müßte das Werk eigentlich be¬
837 1912 1769 1986 kannt sein. Aber Freunde (Künstler, urteils¬
843 1953 1775 2013 sähige Laien, Musiker und Musikkritiker), die
841 1997 1771 2056 jene Aufführung sahen, erzählten mir, der sie
840 2039 1781 2098 nicht sah, sie hätten das Werk erst jetzt kennen¬
837 2067 1196 2126 gelernt: bei T a
1415 2075 1670 2133 Ich dachte:
831 2103 1784 2160 n long way io Tipperary; doch der von Sachse'n
828 2153 1769 2211 nach Rußland, wo Kunst mit Andacht und Aus¬
827 2190 1771 2259 dauer und seinen lebendigen Sinnen gepflegt
830 2242 1780 2296 wird, scheint noch viel weiter zu sein.
835 2271 1776 2322 Bliemchenkasseekanne und Samovar. Die eine
836 2307 1780 2374 ist zwar „warm gestellt“, aber im andern
836 2347 1785 2415 brodelt's. (Nämlich von Ideen, künstlerischen
831 2378 1786 2455 Einfällen und unablässigen Bestrebungen.) Ein
834 2423 1785 2502 Unterschied, der immerhin zu denken geben
837 2460 987 2515 sollte!
917 2499 1767 2563 Tairoff hält — wie übrigens auch Max
835 2536 1767 2614 Reinhardt, der soeben eine internationale
838 2586 1591 2640 Pantomimengesellschaft gegründet hat
1658 2592 1777 2641 von
832 2613 1745 2682 der Pantomime im allgemeinen sehr viel. Er
834 2658 1772 2717 sagt zwar nicht geradeheraus, daß er in ihr den
838 2701 1770 2748 letzten und höchsten Gipfel der Bühnenkunst
834 2735 1779 2802 sieht, aber er erkennt ihr doch eine bominierende
833 2785 1779 2836 Stellung zu. Wohinter ich mir immer noch ein
835 2815 1772 2880 gutgenährtes Fragezeichen zu setzen erlaube.
827 2853 1781 2902 Es wäre vielleicht nicht einmal so sehr schade,
836 2887 1781 2957 der schönen Satzeier wegen, welche unsere Dich¬
829 2928 1772 3003 ter legen, denn diese Eier haben sich in neuerer
831 2982 1772 3020 Zeit des öfteren als sehr faul erwiesen, son¬
842 3007 1770 3072 dern weil eben doch die Paniomime nicht alles,
835 3041 1770 3105 was mit dem Wort auszudrücken ist, deutlich
831 3094 1770 3150 zu machen vermag. Manches überhaupt nicht.
836 3137 1773 3191 Hätte sonst Alexander Tairoff dem Programm
839 3175 1780 3216 einen Zettel beigelegt, auf dem zum besseren
832 3202 1773 3285 Verständnis der Gang der Handlung in Worten
834 3237 1183 3305 ungegeben wird?
931 3271 1770 3348 Soviel im allgemeinen. Nun zum Beson¬
829 3318 1646 3375 deren, zu Schnitzlers „Schleier
1730 3330 1778 3376 r
840 3355 879 3398 4
1012 3367 1768 3415 ette“. Ich finde diese Pantemime
838 3390 1779 3457 nellenweise ein wenig dünn. Was diese Russen
834 3434 1766 3487 trotzdem aus ihr herausholen, ist erstaunlich.
830 3477 1780 3531 Wenn sich gelegentlich auch in der Darstellung
839 3506 1779 3577 Dünnheiten und Zerdehnungen bemerkbar machen,
834 3550 1786 3612 so kommt dies wohl daher, daß der Schauspieler
840 3597 1781 3654 an die Musik gebunden ist und mit ihr gleichen
835 3632 1794 3703 Schritt halten muß. Er könnte und würde sich
1967 133 2409 222 box 28/1
1805 1358 2715 1399 wohl an manchen Stellen kürzer fassen und
1794 1393 2726 1455 prägnanter sein. Aber dann wäre er früher
1795 1431 2719 1489 fertig als die Musik. Also sieht er sich gezwun¬
1799 1472 2716 1549 gen, zu dehnen oder die Zeit mit Unwesent¬
1797 1513 2137 1579 lichem zu füllen.
1871 1542 2721 1607 Alexander Rumneff, der schon zweimal
1790 1582 2727 1648 schöne Proben einer starken schauspielerischen
1799 1639 2722 1688 Individualität abgegeben hat, spielt den Pierrot.]
1793 1684 2730 1752 Er gleitet feinfühlig an der Linie der Musik
1794 1714 2717 1773 hin. Er bricht in einer Kadenz zusammen. Und
1794 1761 2739 1817 er erhebt sich wieder: in einer leisen Dekadenz.
1795 1791 2724 1843 Im Streben nach Schönheit der Bewegung,
1789 1840 2728 1882 nach nicht alltäglichen Gesten, nach der Unwirk¬
1797 1873 2720 1935 lichkeit auch in den Gebärden läßt er sich manch¬
1798 1916 2735 1962 mal zu Haltungen hinreißen, die affektiert, zu
1800 1952 2702 2000 Attitüden, die süßlich sind. Sonst aber ist er
1790 1988 2735 2040 wieder ganz samos. Welche rhythmischen Schwin¬
1802 2033 2715 2094 gungen gehen noch von seinem toten Pierrot aus!
1869 2077 2728 2124 Alice Coonen: Vor zwei Tagen war
1796 2099 2718 2175 sie Salome, heute ist sie Pierette. Nicht die
1795 2160 2722 2204 kokette, ewig muntere und spitzbübische Pierrette.
1788 2203 2722 2243 Nicht ein Prima Ballerinchen mit rosig ge¬
1791 2238 2724 2299 schminktem Gesicht und dem eingeweckten Lächeln
1796 2277 2722 2320 darauf. Sondern das Liebesleid und die Lie¬
1800 2319 2725 2360 bessehnsucht aller Zeiten und Länder personifi¬
1791 2350 2722 2408 ziert, inkarniert und gekleidet in das Gewand
1797 2398 2719 2448 der Pierrette. Eine Gestalt aus dem Reich der
1785 2436 2716 2479 Tragik. An wen gemahnt sie? Diese Augen?
1855 2473 2713 2524 Duse. Manchmal sogar Duse mit Präfix:
1784 2506 2730 2574 Meduse. Edel geformter Marmor, dessen Starrheit
1801 2555 2723 2591 Leben gewinnt. Das ist Alice Coonen als Pier¬
1797 2583 2733 2646 rette. Zarte Traurigkeit weht von ihr her. Angst
1795 2624 2730 2685 flattert, Entsetzen irrlichtert aus ihr. Und eine
1792 2658 2730 2720 unendliche Sehnsucht schluchzt aus all ihren Be¬
1795 2708 2727 2765 wegungen. Grandios ihr Tanz mit Harlekin,
1795 2744 2727 2799 dieser rasende Tanz, in dem ihr Körper in der
1791 2785 2727 2837 Gewalt des ungeliebten Mannes ist und doch
1789 2823 2726 2892 flüchtig, sehnsüchtig fliehend zu der Erscheinung
1789 2860 2261 2922 des toten Pierrot hin.
1880 2904 1960 2957 In
1960 2890 2720 2966 prachtvollem Crescendo wächst das
1790 2938 2725 3006 wechselvolle Spiel der Massenbewegung — immer
1800 2989 2722 3042 schön, immer wundervoll gegliedert und rhyth¬
1797 3031 2723 3087 misiert — zu diesem rasenden Tanz auf. Dazu
1787 3065 2749 3131 eine raffiniert einfache Dekoration: ein dunkler
1791 3106 2723 3145 Hintergrund, ein paar helle Schnüre davor, ein
1788 3143 2723 3203 paar Podeste, ein paar Stufen — das ist alles.
1796 3178 2495 3242 Und ist doch unerhört wirkungsvoll.
1863 3223 2717 3284 Wer es nicht gesehen hat, sondern lieber
1787 3251 2725 3320 dem blauen Sommerabend nachlief, hat etwas
1787 3312 2724 3360 versäumt. Unvergeßliche Augenblicke. Hinreißen¬
1793 3347 2723 3413 des Spiel, das den langanhaltenden Beifall
1793 3385 2025 3448 berechtigte.
2087 3407 2669 3488 Max Alexander Meumann.
2511 3460 2715 3523 —.—
