3392 4384
1401 117 2313 182 overraskende, som Opgaven jo delvis var
1392 154 1476 207 ny
1496 160 2319 226 suarere et stumt Skuespil, end Dans
1392 204 2320 294 med Ballet. Fuldendi plastisk virkede,
1389 243 2301 323 Hans Beck med sit usvigelige Herre¬
1392 293 2306 369 domme over Legemelog dets Virkninger:
1394 330 2310 413 brillant fanlaslisk og mirglig brutal var
1396 385 2315 457 Johannes Pouisen. Interessant var
1386 434 2308 484 det at sammenligne, hvorledes den for¬
1394 482 2309 535 ste formede Mimiken med hele sit Le¬
1379 532 2314 599 geme, den sidste overvejende med sit An¬
1388 583 2307 644 sigt, medens hans Bevrgelser langt fra
1387 618 2302 694 var saa varierede. Kunstnerisk og slor
1393 663 2222 742 Stemning var der over dem begge,
2258 686 2296 742 8
1380 720 2313 791 dog blev de overgaact af Fru Ellen
1390 758 2311 831 Price. For det, hun gav som den
1386 804 2311 889 lille ulvkkelige, elskende Brud, der styr¬
1382 838 2324 923 ler op for al sige Vennen det sidste Farvel
1382 910 2315 974 og dog ikke tor de med ham, vil hun
1375 943 2319 1015 blive erindret meget liengere end for
1384 1003 2333 1065 nogen lille Harfrue. Med Resolulhed!
1376 1040 2309 1117 havde hun kaslet enhver Reminiscens om
1370 1096 2303 1155 Ballel og Korcografi paa Doren. Det var
1379 1146 2313 1205 elegte Menneskebarn, som her stod for
1369 1178 2305 1251 os med sine store, lengselsfulde, bedro¬
1374 1231 2308 1316 vede Ujne; en lille l’ige, som godt kunde
1371 1265 2309 1339 lobe lungt og grimt over Gulvel, naar hun
1372 1327 2309 1413 blev forskrirkket zog endelig en lille Pige,
1370 1368 2301 1447 hvis Kunst var san fuldendt, at hun mag¬
1361 1426 2311 1490 tede den himmelslormende Opgave al
1375 1471 2307 1541 visc os, hvorledes lidt efter lidt Sindel
1363 1511 2308 1592 omtaages, indtil hun stormer frem og
1361 1553 2307 1632 tilbage som i et Delirium. IIvad her
1376 1605 2300 1671 ydes — ganske ene i en meget lang Slut¬
1376 1656 2303 1721 lingsscene al skildre den sielelige Meta¬
1368 1695 2305 1751 mofose — var intet mindre end sublimt.
1380 1743 2294 1815 Vi har i Virkeligheden ikke for set Ophe¬
1372 1784 2302 1860 lia pan den danske Seene, Nu stod hun
1369 1831 1482 1901 her.
1412 1880 2305 1953 Alene for Fru Prices Skyld — men
1363 1927 2306 1991 levrigt ogsan for den fuldtud samstemte
1376 1974 2299 2030 kunstneriske Helhedsvirkning — skal og
1378 2019 2303 2094 ber denne Pantomime ses af enhver
1371 2060 2298 2142 Kunstinteresseret. Det vil ikke blive
1366 2106 2309 2184 nogen Skuffelse undtagen maaske for
1363 2165 2286 2217 dem, der blot vil have Kommers i Tea¬
1364 2202 1496 2259 tret.
1396 2260 2288 2318 Men ogsaa de vil blive tilfredsstillede
1366 2303 2302 2371 ved „Recensenten og Dyret“ der jo jov¬
1351 2337 2303 2436 rigt foruden Lojerne giver de nydeligste
1360 2392 2291 2467 Skovstemninoer og de muntresie og fine¬
1357 2449 2291 2503 ste Sange. For forste Gang spiller IIr.
1345 2490 2325 2543 Poul Hansen Kayser: sang nydeligt, i
1318 2622 2313 2710 emen spillede uden overdreven Charme,
1390 2686 2319 2748 den hans Medspillende, Frk. Zangen¬
1397 2732 2318 2793 genberg, havde saa meget mere af.
1402 2773 2319 2827 Ny var ogsaa Hr. Johs. Poulsen som
1387 2822 2318 2884 Nonpareil, og den Duo, han udforte sam¬
1383 2881 2306 2936 men mned Fru Neiiendam som Ma¬
1388 2917 2322 2984 dame Voltisubito, er ingensinde for
1382 2967 2316 3039 gaact saa morsom og rask. Som Trop
1386 3015 2301 3083 viste Dr. Mantzius sterre Ungdom¬
1380 3046 2315 3126 melighed baade i Maske og Gestikulation
1388 3104 2316 3181 end fer; og det er rigtigt, thi selv om
1384 3145 2305 3228 Trop er en gammel Student, er han jo
1383 3202 2166 3264 derfor ikke nogen gammel Mand.
2168 3210 2298 3264 Vel¬
1362 3236 2299 3313 #skaliede fra lidligere Opforelser er IIr.
1374 3282 2309 3387 Hofmans overmaade pudsige Littera¬
1382 3334 2298 3407 tus Ledermann — Aftenens fineste Ko¬
1367 3387 2300 3457 mik — og Hr. Olaf Poulsens ster¬
1370 3441 2299 3504 deles massive, inen naturligvis lattervek¬
1366 3471 2051 3541 kende Bogtrykker Klatterup.
1404 3534 2294 3587 Den, som ikke vil have sin Stemning
1376 3571 2301 3637 splittel, lilrandes det dog at nojes med
1363 3614 2302 3689 et af Aftenens Numre. Langt bedre vilde
1367 3669 2301 3750 det have vieret, om en Opera som „Ca¬
1370 3711 2295 3785 valleria rusticana eller „Bajadser“ der
1374 3763 2309 3838 spiller paa samme Strenge, var valgt som
1377 3799 1643 3867 Indledning.
2090 3860 2255 3938 J. C.
