3344 4320
287 141 472 241 23.
2024 164 2459 254 box 27/5
471 181 1848 261 Der Schleien der Pierrette
1102 374 1463 452 Telephon 12.391.
591 500 1312 593 „UDOLRVER
445 587 1517 659 österr. bebördl. konz. Unternehmen für Zeitunge-Ausechsltse
602 631 1344 715 Wien, I., Concordiaplatz 4.
2436 652 2805 735 Telephon 12.801.
813 688 1152 753 Vertretungen
427 721 1524 798 n Dertin, Basel, Budapest, Chicago, Cleveland, Chrtstiania,
2558 741 2641 827 *
418 799 1524 832 Genf, Kopenhagen, London, Madrid, Mailand, Minnespolte,
1750 782 1823 842 1
1813 789 2574 887 — „ODSEIIVER
481 830 1526 890 Vork, Paris, Rom, San Francisco, Stockholm, St. Petese¬
814 860 1131 916 burg, Toronto.
1718 869 2820 953 Tosterr. behördl. konz. Unternehmen für Zeltungs-Ausschnitte
746 899 1192 963 Osellenengabe e#ne dovihr.
1854 931 2703 1025 Wien, I., Concordiaplatz 4.
430 960 721 1041 Ausschnitt
2051 1009 2496 1071 Vertretungen
751 970 1393 1096 Mäpester, Tagblatt
1712 1081 2813 1124 in Berlin, Budapest, Chicago, Christiania, Genf, Kopen¬
441 1071 606 1128 vom:
1724 1114 2810 1166 hagen, London, Madrid, Mailand, Minneapolis, New-Vork,
1764 1149 2771 1216 Paris, Rom, San Francisco Stockholm, St. Petersburg.
792 1106 1350 1246 TU Mal 3310.
2046 1193 2485 1259 (Quellenasr be hne Gewähr).
1708 1248 2095 1314 Ausschnitt aus:
1859 1261 2816 1393 Reussgudapester Abendblatt
431 1314 1342 1435 Theater, Kunst und Literatur.
2470 1390 3284 1472 aahobis Nummern dieser Partitur
454 1411 1404 1501 („Der Schleier der Pierette“.) die Schnitz¬
2471 1455 3297 1529 nicht besonders neu klingen und auch
356 1478 1406 1528 ler=Dohnänyi'sche Pantomime, gelangte Samstag im
1669 1448 2462 1547 Theater, Annst u. Literatur.
2468 1505 3280 1569 die thematische Erfindung nicht stark
363 1523 1406 1578 #un Opernhause zur Erstaufführung. Das Publi¬
1692 1533 1883 1617 #
2483 1549 3278 1600 ist, so kann ihr das bühnenmäßige
373 1570 1404 1644 kum honorierte — obschon in seiner Haltung die
2469 1588 3285 1655 nicht abgesprochen werden. Es ist er¬
370 1616 1393 1671 Reserve gegen die ungewohnte Kunstgattung unver¬
1742 1586 2410 1681 Der Schleier der Pierette.
2486 1639 3280 1693 staunlich, wie der Komponist dieses
370 1665 1396 1732 kennbar zutage trat — in voller Würdigung jenen
1678 1670 2477 1742 Pantomime von Arthur SchnitlenW#
2474 1679 3301 1738 Erstlings die Wirkungen seiner Musik¬
1679 1713 2468 1774 sik von Ernst v. Dohnanyi. Erstal#s
364 1708 1395 1762 vornehmen, ausdrucksvollen Stil und jene nicht min¬
2484 1725 3279 1779 beherrscht. Die Behandlung des Or¬
1677 1752 2460 1824 führung an der königl. Oper den 7. Mai.
359 1753 1404 1822 der glänzende Schönheit, welche die Musik Dohnänyis
2479 1765 3279 1821 chesters ist meisterhaft, die stummen
358 1814 1396 1870 auszeichnen. Den Autor hielt eine Kunstreise nach
2480 1807 3286 1877 Personen der Bühne sprechen unten
1718 1805 2459 1872 (Em.) Es sind zwei glänzende Na¬
2476 1853 3286 1920 eine beredte Sprache. Wer eine Ver¬
356 1851 1400 1925 Spanien von der Aufführung seines Werkes ferne
1679 1854 2460 1906 men, die auf diesem Theaterzettel ver¬
2473 1886 3280 1954 wandlungsmusik von so gewaltig tra¬
1672 1903 2459 1963 einigt sind; Arthur Schnitzler, einer
363 1908 1403 1958 und seine Anwesenheit würde deren äußeren Erfolg
2484 1940 3273 2000 gischer Steigerung komponiren kann,
1680 1943 2463 2006 der erfolgreichsten österreichischen Büh¬
375 1951 1404 2008 sicherlich stürmischer und wärmer gestaltet haben.
2479 1989 3285 2050 von dem darf die Opernbühne noch
1677 1996 2467 2050 nenschriftsteller und der Ungar Ernst
368 1996 1399 2047 Unser Kunstinstitut führte seine Kräfte mit nicht all¬
2484 2031 3281 2080 Werthvolles erwarten. Gelungene
1671 2038 2471 2091 v. Dohnänyi, einer der bedeutendsten
362 2052 1410 2100 täglichem Kunstsinn ins Treffen. Die dankbaro Rolle
2477 2080 3292 2146 Nummern der Partitur sind auch der
1666 2081 2465 2142 Komponisten der Gegenwart. Von Bei¬
369 2088 1388 2152 der „Pierette“ wurde Frau Ilona Szoyer anver¬
2491 2125 3282 2176 rauschende Walzer des Hochzeitsfestes,
1669 2125 2464 2177 den kann man sagen: Nennt man die
367 2148 1393 2203 traut, die ihre auf der Operettenbühne erworbene
2477 2162 3287 2225 ein reizendes Menuett und ein wilder
1672 2172 2466 2223 besten Namen, werden auch sie genannt.
373 2184 1399 2243 Lebhaftigkeit, ihren Schick und ihre sichere Bewe¬
2482 2211 3292 2266 Galopp. Leider läßt die Erfindung im
1676 2218 2461 2278 Gewissermaßen der Dualismus in der
359 2223 1411 2306 gung vorteilhaft zur Geltung brachte. An ihrer Grazie
2485 2253 3283 2301 dritten Bilde nach, der Todtentanz der
1680 2258 2466 2314 Kunst. Mit dem „Schleier der Pieret¬
364 2300 1401 2354 war auch nichts zu tadeln, aber in den schwereren
2487 2285 3290 2346 Pierette ist im Verhältniß zur tragi¬
1677 2302 2461 2367 te“ ist unser berühmter Landsmann
2485 2337 3277 2412 schen Situation zu harmlos ausgefal¬
366 2328 1388 2419 tragischen Momenten erwies sie sich als zu ober¬
1681 2349 2474 2410 zum erstenmale als Bühnenkomponist
1684 2391 2468 2445 vor die Oeffentlichkeit getreten. Er
396 2388 1422 2486 flächlich und in der danse macabre=Szeue erweckte
2523 2391 3292 2484 Der Aufführung der Pantomime
1684 2440 2472 2496 hat damit an der Dresdener Hofoper
394 2435 1426 2521 sie kaum irgendwelche Emotion, wenn auch zugegeben
2487 2461 3290 2529 stellen sich Hindernisse entgegen, denen
1680 2488 2461 2539 einen großen und verdienten Erfolg
386 2486 1426 2574 werden muß, daß die Wirkung dieser Szene durch
2476 2510 3286 2570 unsere Oper nicht gewachsen ist. Bal¬
1681 2533 2467 2588 errungen. Als Symphoniker, Klavier¬
391 2530 1418 2606 die übermäßige Ausdehnung sehr beeinträchtigt wird.
2478 2554 3272 2619 letmeister Guerra hatte sich in der
1679 2568 2470 2630 und Kammermusik=Komponist besaß
381 2580 1420 2666 Irrsinnige dulden wir nur dann gerne auf der Bühne,
2481 2589 3286 2662 Rolle des Arlechino allerdings als
1680 2601 2473 2673 Dohnänyi schon vorher einen Weltruf.
381 2628 1416 2735 wenn deren Lippen Koloraturen entströmen, wie
2487 2641 3284 2706 ausgezeichneter Mimiker entpuppt.
1682 2657 2471 2724 Das erfreulichste an seinen Werken ist,
2485 2685 3291 2737 Pierot und Pierette waren aber leider
387 2665 1412 2742 einer „Lucia“, einer „Ophelia“ oder einer „Me¬
1685 2702 2481 2764 daß sich in ihnen sowohl in der Erfin¬
2480 2737 3278 2778 tief unter diesem Niveau. Und die
384 2718 1418 2812 linda“. Aber bei einem viertelstündigen Veitstanze
1686 2748 2469 2801 dung, als auch in rhythmischer und har¬
2485 2750 3293 2825 heutige Aufführung wird den Beweis
372 2789 1415 2871 variiert der Zuhörer unwillkürlich den Ausspruch
1691 2792 2472 2846 monischer Hinsicht eine selbständige
2484 2810 3282 2873 für unsere Ansicht bringen, daß es bes¬
2259 2836 2467 2892 Schnitzler
383 2823 1418 2905 Friedrichs des Großen: „Pierette, willst Du ewig
1690 2829 2228 2898 Persönlichkeit ausspricht.
2478 2855 3281 2914 ser ist, auf die Aufführung zu verzich¬
1685 2877 2473 2937 hat begreiflicherweise nichts dagegen;
367 2871 1409 2963 leben?“ Richard Kornai, der stets ein verwendbares
2490 2900 3281 2965 ten, als die Rolle der Pierette nicht
1681 2913 2459 2978 daß die Musiker an seine Werke heran¬
367 2921 1404 2985 schauspielerisches Mitglied des Instituts war, pro¬
2478 2947 3283 3006 mit einer allerersten Mimikerin zu be¬
1676 2968 2467 3027 treten. Zuerst kam Ladislaus Toldy,
373 2969 1401 3039 duzierte als „Pierrot“ mit gewählten Mitteln eine
2490 2990 3275 3049 setzen. Das erfreulichste an der Auf¬
1678 3015 2468 3067 der aus Schnitzlers „Grünem Kakadu“
370 3003 1406 3082 wahrhaft stilgemäße Gestaltung. Der Löwenanteil an
2482 3031 3280 3091 führung ist das Orchester unter Ka¬
1690 3060 2464 3115 ein Musikdrama gestaltete. Wahr¬
359 3060 1401 3149 dem Verdienste gebührt aber dem Ballettmeister
2473 3072 3135 3141 pellmeister Szikla's Leitung.
1687 3110 2472 3166 scheinlich ist die schwere Ausführbar¬
2512 3110 3288 3190 Das Werk hat eine Spieldauer von
368 3112 1399 3203 Guerra, der nun zum erstenmale aus dem Hin¬
1686 3136 2465 3197 keit daran schuld, daß bis jetzt unsere
2483 3152 3285 3216 anderthalb Stunden; nach der Panto¬
359 3159 1399 3252 tergrunde als Kombattant auf die Bretter der Oper
1681 3192 2463 3249 Oper das Werk nicht zur Aufführung
2490 3206 3288 3260 mime kommt Massenets „Navarraise¬
357 3194 1385 3293 trat. Die dunkel gefärbte Gestalt des „Arlechino“ in¬
1678 3249 2462 3308 gebracht hat. Dann kam Oskar
2483 3254 3317 3331 rin“ mit Frau Krammer in der #
364 3263 1396 3340 terpretierte er mit so viel Ausdruck, Elastizität und
1680 3276 2473 3342 Strauß, der aus dem „Tapferen
2486 3299 3258 3395 Titelrolle zur Aufführung.
355 3311 1401 3401 Kraft, welche ihn zu einem Pantomimiker ersten
1686 3326 2477 3379 Cassian“ eine banale Operette kompo¬
356 3351 1380 3436 Ranges stempeln. Der große Applaus, der dem tüch¬
1689 3368 2466 3426 nirte. Jetzt komponirt der Frankfurter
1687 3411 2483 3474 Opernkapellmeister Neumann aus
354 3399 1385 3482 tigen Italiener gespendet wurde, konnte ihn für den
1683 3455 2481 3530 der „Liebelei“ eine Oper, die in Dres¬
361 3455 1391 3535 Verlustg seines Backenbartes und seines Schnurrbar¬
1685 3503 2469 3557 den bereits zur Aufführung angenom¬
353 3501 1388 3596 tes entschädigen, denn Meister Guerra brachte die¬
1690 3547 1949 3607 men wurde.
357 3552 1395 3615 sen Mannesschmuck dem Stil zum Opfer. In den
1704 3578 2477 3648 Mit seinem fünfaktigen Drama „Der
360 3595 1384 3672 kleineren Rollen verrieten die Fräuleins Kaßtner
1682 3639 2475 3699 Schleier der Beatrice“ hatte. Schnitzler
356 3632 1381 3729 und Kranner, sowie die Herren Hegedüs,
1680 3679 2483 3730 in Berlin wenig Erfolg, in Wien lehn¬
355 3688 1372 3773 Smeraldi und Brada viel Geschick. Das Or¬
1679 3724 2484 3782 te Schlenther das Stück rundweg ab.
331 3726 1385 3826 chester dirigierte Kapellmeister Szikla mit dem von
1688 3768 2476 3817 Aus dem Schauspiel wurde nun eine
347 3785 1377 3888 ihm gewohnten Schwung. Den stilvollen Rahmen der
1680 3808 2475 3859 Pantomine. Die Handlung ist aus der
341 3831 1368 3928 Vorstellung lieferten die künstlerischen Biedermeier¬
1680 3855 2482 3917 Renaissancezeit in die Wiener Bieder¬
345 3879 1368 3966 Dekorationen und die farbenreichen Altwiener Ko¬
1687 3902 2471 3944 meierzeit verlegt worden und die
344 3920 1368 4003 stüme. Nach dem Mimodrama wurde Massenets auf¬
1687 3946 2473 3999 Hauptpersonen wurden in Pierrot,
1688 3989 2474 4040 Pierette und Arlechino verwandelt.
347 3977 1383 4065 regender Einakter „La Navarraise“ mit Frau The¬
1682 4011 2490 4091 Zwei Akte des Originalwerkes wurden
345 4016 1366 4120 rese Krammer in der Titelrolle zur Darstellung
1680 4075 2473 4149 einfach amputirt. Die Handlung
347 4069 545 4153 gebracht.
1128 4097 1345 4172 (Dr. Kn.7
2497 4089 2629 4177 —.—
2855 4080 2951 4171 2.—
1674 4117 2260 4177 nimmt folgenden Verlauf:
