3436 4352
407 226 1625 303 mime als Kunstgattung zurückhaltend gegenüberstehen; zurf
399 277 1590 320 Abwechslung ist sie im Svielplan eines Operntheaters zu¬
391 316 1596 376 weilen sehr willkommen. Das zeigte vor Jahren der immer¬
405 360 1602 416 hin ansehnliche Erfolg von Wormsers entzückendem Entant
403 393 1607 440 prodigus. Daß freilich ein berühmter Mann allein ein
395 425 1603 500 solches Wert nicht zu halten vermag, mußten Mottl und
393 468 1593 516 Vierbaum mit ihrem Pan im Busch erfahren. Die neueste
402 509 1597 582 Pantomime kam ganz österreichisch, um nicht zu sagen wie¬
392 552 1591 594 nerisch. Wie Arthur Schnitzler, der Wiener Dichter,
387 586 1599 653 dazu gekommen ist, sein groß angelegtes, poesieumflossenes
391 625 1592 682 Renaissancedrama, das ein Kritiker wie Hermann Bahr
396 664 1604 717 seinerzeit für Schnitzlers schönste und reifste Schöpfung
387 703 1594 761 erklärt hat, zu einer Pantomime auszuziehen, ist hier
388 746 1592 798 gleichgültig. Jedenfalls verleugnet auch Schnitzler in der
394 783 1600 843 Pautomime nicht die Grundzüge seiner Kunst, jene eigen¬
388 816 1590 863 tümliche Mischung von Naturalismus und Wienertum, von
396 857 1598 913 Liebelei und Sterbelei. Die Anatolszenen sind in die
396 887 1601 955 Pierrotwelt versetzt. Die Beatrice Nardi von Bologna ist
390 924 1596 992 als Pierrette nach Alt=Wien übergesiedelt. Pierrette mag
383 976 1597 1035 den alten griesgrämigen Arlekino nicht heiraten und kommt
393 1002 1587 1063 zu ihrem geliebten Pierrot, um gemeinsam mit ihm vor der
389 1066 1604 1094 Hochzeit zu sterben. Pierrot trinkt das Gist allein, stirbt.
395 1093 1600 1148 Pierrette kehrt zu den Hochzeitsfeierlichkeiten zurück.
382 1114 1601 1189 Arlekino vermißt den Schleier an ihr, den sie in Pierrots
382 1159 1597 1213 Zimmer gelassen hat, und ist darob erstaunt. Pierrette
386 1206 1597 1246 kommt mit Arlekino zu Pierrot; in teuflischer Grausamkeit
381 1242 1596 1286 nun zecht der Bräutigam mit dem toten Liebhaber und sperrt
389 1273 1588 1344 schließlich seine Braut mit dem Leichnam zusammen in
381 1319 1585 1367 Zimmer ein. Wahnsinn befällt die gute Pierrette, und in
381 1360 1592 1423 einem salomeartigen Tanz verhaucht sie ihr Leben. Dies
380 1398 1593 1462 die Handlung der Pantomime, die dem Zuschauer beim
383 1447 1590 1498 Sehen ziemlich, wenn auch ohne Zuhilfenahme eines Text¬
387 1473 1585 1538 buches oder Klavierauszuges (bei Doblinger zu Leipzig ver¬
381 1519 1593 1578 legt nicht ganz restlos klar und offenbar wird. Manch
377 1557 1597 1614 feine Züge, wie die Erscheinung Pierrots als steinerner
385 1597 1596 1641 Gast, geben dem Märlein etwas Phantastisch=Romantisches.
380 1641 1592 1680 Ernst v. Dohnänyi, der österreichische, so schnell zu An¬
387 1671 1578 1732 sehen gelangte Pianist und Professor an der Berliner Hoch¬
378 1700 1590 1774 schule, hat schon mit mehreren größeren Werken von sich
377 1749 1584 1814 reden gemacht. Zwei Sinfonien und zahlreiche Kammer¬
383 1780 1581 1850 musikwerke sind von ihm bekannt geworden. Auch dieses
386 1825 1588 1870 neue Werk, wohl Dohnänyis erste Bühnenschöpfung und
371 1869 1590 1926 Vorstudie zu einer Oper, ist die Probe eines verheißungs¬
372 1914 1588 1957 vollen Talentes. Es ist ein gutes Zeichen, daß Dohnänni
370 1951 1575 2003 bei der musikalischen Bearbeitung auf Kosten der äußer¬
369 1978 1581 2036 lichen Illustration sein Hauptgewicht auf die Schilderung
376 2028 1575 2079 der Seelenzustände legt. Obwohl ja gegen eine etwas äußer¬
375 2063 1579 2118 liche Behandlung der Musik bei einer Pantomime vom
372 2112 1584 2156 ästhetischen Standpunkt aus nichts zu sagen wäre, weil die
383 2136 1582 2201 Musik hier doch auch wesentlich zur Verdeutlichung und
371 2178 1574 2226 Verständlichmachung der Handlung mitzuhelfen hat.
376 2222 1585 2274 Dohnänni schürft aber, wie gesagt, tiefer und beleuchtet
365 2261 1587 2314 auch das Innenleben seiner Pierrotwelt. Die Musik von
367 2297 1584 2349 romantischer Herkunft zeigt in der Ausorheitung großen¬
377 2326 1587 2380 Ernst, in den Einzelheiten beträchtliches Können; im Auf¬
374 2367 1582 2423 bau offenbart sie Temperament, in der Instrumentation
367 2411 1577 2465 Geschmack. Mehr als in harmonischer Beziehung weist
367 2443 800 2496 Dohnänyis Musik
808 2452 1579 2502 in melodischer mitunter eine
371 2483 1588 2550 gewisse Abhängigkeit von nicht unbekannten Vorbildern
369 2517 1576 2583 (am stärksten von der Walküre) auf. Der Most gärt eben
369 2563 1584 2623 noch; er hat sich noch nicht zum reinen Wein mit kostbarer
366 2596 1581 2656 eigenartiger Blume geklärt, was aber sicher zu hoffen stehr.
364 2630 1577 2675 Denn die Bestimmtheit der Dohnänyischen Tonsprache, ihr
366 2678 1568 2722 zielbewußter Aufbau, der sich in dem großen Walzer
376 2717 1568 2781 äußernde Schwung sprechen unzweideutig dafür, daß
366 2761 1565 2811 von Dohnänyi noch manches Schöne zu erwarten steht.
466 2782 1572 2852 Ernst v. Schuch, ebenfalls Oesterreicher, hatte das
370 2818 1600 2887 Werl dem Orchester aufs hingebendste einstudiert und die
368 2871 1578 2917 Vorstellung mit einem hinreißenden Schwunge dirigiert,
360 2906 1574 2966 wie er eben nur ihm eigen ist. Mit den Bühnenbildern
371 2945 1573 3002 und der Inszenierung hat Ballettmeister Berger viel Ge¬
367 2979 1571 3053 schmück und Geschick bewiesen. Die Wiedergabe auf der
374 3025 1565 3078 Bühne war der instrumentalen Leistung nahezu, wenn
370 3060 1568 3118 auch nicht ganz ebenbürtig. Was um so mehr anzuerkennen
372 3096 1570 3153 ist, als fast alle Hauptrollen in den Händen von Opernsängern
375 3131 1572 3191 lagen. Frl. Tervani stellte eine Pierrette von geschmei¬
374 3177 1569 3235 digster Erscheinung und lebhaftester Gebärdensprache. An
371 3202 1570 3270 Geschicklichkeit und vor allem an Grazie der Bewegungen
373 3256 1574 3311 erfüllte sie freilich nicht den letzten Wunsch. Ihr Schluß¬
355 3287 1577 3355 tanz ließ aber doch den Wunsch rege werden, sie einmal als
368 3341 1578 3394 Salome zu sehen. Trefflich in Figur und Spiel waren
364 3378 1563 3428 auch die Herren Soot und Trede. Die anderen Mit¬
368 3406 1573 3459 wirkenden mögen sich mit einem Gesamtlob begnügen. Nur
381 3453 1562 3488 sollte aber streng darauf gehalten werden, daß die Dar¬
372 3484 1566 3532 steller in der Pantomime nicht so vielfach den Mund wie
372 3521 1561 3575 zum Sprechen bewegen, daß man sie reden sieht, aber nicht
376 3567 1557 3619 reden hört. Sobald dies geschieht, wird die Pantomime
375 3602 1168 3650 ein stilistisches Unding und widersteht.
441 3635 1558 3692 Der vierte Oesterreicher, der diesem österreichischen
359 3677 1565 3733 Abend mit zum Erfolge verhalf, soll ebenfalls nicht vergessen
367 3723 1569 3770 sein — Professor Fanto, der geradezu bezaubernde
367 3763 1572 3813 Kostüme zusammengestellt hat. — Der Beifall war ungemein
361 3795 1570 3852 lebhaft; Dohnänni und später auch Schuch wurden oft ge¬
363 3838 1565 3865 rusen. Arthur Schnitzler war ebenfalls im Parkett an¬
373 3870 1558 3917 wesend, zeigte sich dagegen nicht. Als stilgerechte Vervoll¬
365 3912 1568 3948 ständiaung des Abends folgte dem Biedermeierstiel Altwiens
372 3948 1558 4021 das Biedermeierspiel einer Kleinstadt „Versiegelt“ in
371 3985 905 4054 der betannten Besetzung.
954 4008 1530 4092 Dr. Hugo Daffner.
2711 462 3054 544 Telephen 12.291.
2192 594 2903 666 „UDSERTER
1997 672 3112 723 1. öeterr. behördl. konz. Unternehmen für Zeitungs-Aussohaltee
2193 714 2932 786 Wien, I., Concordiaplatz 4.
2412 769 2719 834 Vertretungen
1996 821 3098 885 in Berlin, Basel, Budapest, Chicago, Cleveland, Christianta,
1996 871 3105 926 Oent, Kopenhagen, London, Madrid, Mailand, Minneapoltz
1994 901 3098 975 -Vork, Paris, Rom, San Francisco, Stockbolm. St. Petese¬
2402 940 2707 994 burg, Toronto.
2430 1022 3034 1106 lamburger Nachrichten
1986 1044 2446 1112 Ausschnitt aus
2545 1079 2864 1186 Hamburg
2000 1140 2163 1196 vom:
2169 1155 2439 1244 S
1982 1272 3137 1368 F. A. G. I„,Der Schleier der Pierrette“.] Aus Dresden wird
1905 1323 3202 1404 uns geschrieben: Am Sonnabend fand die Uraufführung der Vanto=L#
1941 1385 3173 1457 mime „Der Schleierder Pierrette“ von Schnitzler und
1939 1428 3173 1505 Dohnanyi im hiesigen Kgl. Opernhause statt.  einen
1934 1457 3169 1513 sehr beträchtlichen Erfolg. Wenn der Beifall nur von einem Teile
1931 1508 3166 1573 des Publikums ausging, während der andere Teil Zurückhaltung be¬
1937 1552 3170 1618 wahrte, so liegt dies wohl an dem grausigen Stoffe, der an nerven¬
1929 1589 3167 1647 peitschender Gruseligkeit selbst „Salome“ überbietet. Arthur:
1933 1629 3150 1684 Schnitzler, der sonst so feinsinnige Wiener Poet, hat offenbar
1927 1666 3154 1729 die Absicht gehabt, durch diese Pantomime sich den Modekomponisten
1925 1710 3151 1766 als Textverfasser sensationell=perverser Opern zu empfehlen und
1938 1748 3159 1790 mutet demgemäß den Zuschauern allzuviel zu. Die Handlung ist
1925 1785 3158 1846 etwa folgende: Pierrette ist dem jungen Pierrot untreu geworden
1925 1836 3145 1882 und hat sich mit Arlekino verheiratet. Pierrot erduldet, vor dem
1930 1854 3147 1917 Bilde seiner Angebeteten sitzend, alle Qualen verschmähter Liebe,
1917 1904 3159 1964 da kommt Pierrette im vollen Hochzeitsstaat, mit Brautkranz und
1933 1940 3155 2006 Schleier zu ihm. Es entspinnt sich eine heiße Liebesszene, die in
1924 1981 3150 2042 ein tleines Mahl zu Zweien übergeht. Da macht der verzweifelte
1927 2026 3141 2081 Pierrot der Geliebten den Vorschlag, mit ihm vereint in den Tod
1919 2062 3132 2115 zu gehen. Er schenkt zwei Gläser voll Gifttrank, doch sie weigert sich;
1922 2103 3140 2163 endlich scheint sie nach langem Zureden einzuwilligen. Pierrot leert
1916 2142 3147 2180 den Becher und sinkt bald tot zu Boden, nachdem er noch mit brechen¬
1929 2183 3147 2225 dem Auge hat sehen müssen, daß Pierrette das Glas mit dem Gift¬
1916 2200 3146 2280 trank von sich geworfen hat Entsetzt flieht sie aus dem Gemach des
1926 2248 3141 2320 Toten und eilt wieder in ihr elterliches Haus, wo der Hochzeitstanz
1927 2292 3150 2336 im vollen Zuge ist. Die dringenden Fragen des eifersüchtigen
1919 2328 3137 2387 Gatten nach ihrem Verbleiben beantwortet sie zunächst mit Aus¬
1923 2376 3145 2439 flüchten, auf einmal erblickt sic den toten Pierrot, der ihr gespenstisch
1915 2417 3141 2464 entgegentritt mit dem Schleier in der Hand, den Pierrette im Zim¬
1923 2442 3142 2513 mer des Toten bei ihrer wilden Flucht zurückließ. Arlekino, der das
1917 2489 3143 2548 Fehlen des Schleiers bemerkt, entreißt der Gepeinigten schließlich
1922 2521 3137 2581 das Geständnis, wo sie ihn hat liegen lassen. Arlekino begleitet
1913 2574 3139 2628 Pierrette in das Zimmer, in dem der arme Pierrot tot und starr
1905 2613 3129 2665 am Boden liegt. Arlekino sieht das Bild Pierrettens, den Leichnam
1915 2652 3119 2704 und die Reste des Mahles und begreift, was vorgefallen. Seine
1906 2682 3108 2746 Rache ist grausig. Er schleppt den Toten zum Sofa und setzt ihr
1905 2719 3130 2776 dort halb aufrecht an den Platz, den er einst beim Tete=a=teie mit
1922 2762 3126 2827 Pierrette eingenommen hat. Dann trinkt er dem Leichnam höhnisch
1917 2800 3127 2859 zu und zwingt Pierrette ein Gleiches zu tun. Nach diesem Gelage
1908 2842 3119 2902 mit dem Toten verläßt Arlekino seine ungetreue Braut, die sich nun
1923 2887 3137 2940 mit der Leiche eingeschlossen sieht. Das Grausen raubt ihr den
1917 2916 3129 2980 Verstand und im Wahnsinne kokettiert sie mit dem toten Liebhaber
1910 2958 3129 3021 und tanzt vor ihm einen verlockend wilden Tanz, um endlich tot
1906 3005 3118 3055 neben Pierrot zusammenzubrechen. Daß die Musik, die Ernst
1903 3044 3125 3092 von Dohnanyi zu dieser Handlung geschrieben hat, für den
1907 3083 3134 3115 entsetzlichen dritten Akt nicht ausreicht, halte ich für einen erfreu¬
1903 3118 3131 3167 lichen Beweis dafür, daß sein Talent noch nicht überreizt ist. Hier
1906 3159 3134 3216 ruft man ordentlich nach Richard Strauß, der vielleicht einzig dieser
1906 3189 3119 3241 grimmigen Verhöhnung der Majestat des Todes hätte musikalisch bei¬
1892 3242 3118 3301 kommen können. Im übrigen aber offenbart die Musik des noch
1897 3274 3126 3329 jungen Komponisten nicht nur frische Melodik und aparte Rhythmik,
1899 3315 3127 3382 sondern auch dramatischen Schwung und klangliches Ausdrucksver¬
1883 3353 3116 3405 mögen. Die Instrumentation ist außerordentlich klug berechnet und
1886 3397 3124 3449 zahlreiche eigenartige Klangeffekte entsprechen den Höhepunkten der
1882 3442 3116 3474 Handlung. Die Aufführung war vom Hofballettmeister Berger
1884 3474 3113 3531 mit großer Sorgfalt vorbereitet. Die Hauptpartien waren mit
1882 3504 3108 3568 Opernkräften besetzt. Eine glänzende Kostümierung im Altwiener
1893 3531 3116 3603 Schnitt sorgte für farbenschöne Bilder. Am Dirigentenpulte saß
1887 3584 3120 3628 Ernst v. Schuch, der den musikalischen Leil des Werkes vorzüglich
1890 3625 3114 3692 herausarbeitete und deshalb stürmischer gefeiert wurde als der
1906 3669 3133 3733 komponist, der mit den Hauptdarstellern zahlreichen Hervorrufen
1904 3700 2293 3767 folge leisten durfte.
