3344 4320
1950 84 2395 183 box 28/1
175 98 1789 212 23. Denchleiender Pierrette
2361 301 2438 371 „
1374 372 2226 490 Theater und Kunst.
2405 467 2534 525 Auffi
1372 487 2212 562 „Der Schleier der Pierrette.“
2410 516 2518 575 Bor,
2404 555 2518 605 Son
1207 555 2388 635 Gastspiel von Tairoffs Moskauer Kammer¬
2410 593 2508 648 mit
1677 614 1931 676 theater.
1542 653 2053 730 Deutsches Volkstheater.
2400 642 2526 731 6r
1006 641 1117 749 □
2415 719 2501 765 den
1278 710 2395 785 Alle Kunst ist Seele und Rausch, also unberechenbar. Was
2401 740 2529 804 Erste
1167 759 1812 839 sich errechnen läßt, ist Kunststück.
2412 795 2532 841 Altri
1281 806 2393 872 Man kommt, je nach Fassungsvermögen, entweder gleich
2406 834 2526 878 Fran
2406 867 2531 917 Gust
1163 855 2412 919 oder allmählich hinter den Mechanismus der Tairoffschen Schau¬
2410 909 2534 971 Rudi
1162 910 2403 968 stellungen. Die Manifeste, die er erläßt, ändern nichts daran,
1172 955 2518 1044 obwohl sie an verwirrender Unklarheit wenig zu wünschen übrig Frar
1173 1016 2530 1070 lassen. Nur die beflissenen Uebersetznikoffs in Westeuropa lassensgar
1161 1056 2530 1114 sich noch durch eine bizzare Oberfläche verleiten, nach irgend- vertr
1160 1102 2517 1164 welcher Tiefe zu suchen. Tairoff macht neuestens aus seiner Ver lbura
1176 1135 2413 1214 achtung herkömmlicher Theaterformen schon ein richtige,
2410 1176 2518 1232 Hofl
1162 1185 2419 1263 Politikum, was nicht weiter verwunderlich ist. Schließlich kowmt
2418 1226 2520 1279 Weg
1176 1245 2403 1303 er aus einem Sowjet=Rußland, wo sich angsläufig ein Umsturz
2407 1262 2513 1312 Plos
1161 1291 2418 1355 aller Dinge begeben hat. Aber auch der Borschewismus, der in
2412 1300 2517 1350 Ove
2411 1335 2518 1393 Vin
1176 1343 2401 1401 die Kunst des Bourgeoistheaters gefahren ist, erleidet das Schicksal
2419 1380 2514 1440 1
1164 1395 2415 1451 des Bolschewismus überhaupt: die Idee allein ist nicht zureichend
1172 1422 2417 1498 genug, um Entwicklungen ganz zu zertrümmern oder zu über¬
1175 1469 2424 1541 springen. Daran wird das Tairofssche Theater allmählich glauben
1176 1535 2421 1607 lernen, so ungläubig und revolutionär es sich auch gebärdet und
1169 1580 2122 1636 von Prinzipien und Stil allein sich nähren will.
1281 1604 2429 1704 Tairoffs Uebungen, die auf Bild= und Bewegungs¬
1175 1676 2418 1744 äußerung gerichtet sind (— der Stil selbst nimmt vom Rüpelspiel,
1169 1737 2422 1785 vom Variété, vom Zirkus, und vom Knockabout seinen Antrieb, vom
1177 1772 2402 1824 mongolischen Intellekt den Empfindungsgehalt —), diese Uebungen
2411 1790 2527 1849 Anze
1180 1820 2411 1873 haben in der Pantomime die breitesten Möglichkeiten. Aber gerade
2424 1837 2523 1885 nehr
1174 1875 2535 1941 hier zeigt es sich, wie wenig Selbstschöpferisches vorhanden ist. zeitig
1181 1905 2426 1975 Während das Gedichtete für Tairoff immerhin den Extrakt für
2423 1941 2542 2001 Renn
1183 1969 2422 2035 Ausdruck und Maskenbildung abgibt, verlangt die Pantomime
2414 1992 2536 2039 Mem
1181 2009 2548 2109 eine Umsetzung von Maske und Gebärde in allerhand Geistigkeit. Gastk.
1173 2062 2428 2133 Die Leere des alten Balletts ist aber auch von Tairoff nicht
1181 2102 2537 2175 überwunden worden. Was er trifft, manchmal sogar glänzend einer
1177 2156 1322 2215 trifft,
1319 2155 2556 2237 ist die Herausarbeitung dramatischer Bewegung, des zu tre
1170 2197 2551 2283 kollektivistischen Rhythmus, der bis zu fanatischer Erhitzung gedeiht. und b.
1284 2256 2561 2300 Schnitzlers Pantomine „Der Schleier der Pierrette“, ein Klaffen
1169 2282 2560 2348 szenischer Ausschnitt aus dem „Schleier der Beatrice“, spielt statt bezüglt
2424 2340 2569 2391 wir un
1180 2353 2405 2417 in der Renaissancewelt in einem biedermeierischen Wien und es
2422 2378 2575 2452 und ne
1166 2399 2413 2449 wäre eigentlich ganz interessant gewesen, wenn Tairoff, der Um¬
1166 2441 2567 2514 werter, gezeigt hätte, wie sich das Biedermeier in seinem Kopfe auf Ale
2414 2494 2573 2550 auf Ne¬
1166 2498 2407 2564 malt, wo er doch bisher alle gewohnte Bildhaftigkeit in den
2424 2533 2556 2593 Kodrie
1175 2543 2420 2604 Linien und Farben karikaturistisch verzerrte. Aber hier scheint
1180 2588 2425 2670 ihm nichts eingefallen zu sein und er blieb schlicht beim alten.
1168 2636 2570 2692 Er wählte das liebliche und übliche Rosenrot, blieb bei den Sunbe
1168 2690 2421 2752 Alltagsgesichtern, ohne sie zu expressionieren, und mühte sich um eine
2419 2712 2562 2801 Super
1181 2730 2404 2792 Anmut, die wienerisch zu sein hatte, aber nicht immer ganz heimats¬
1183 2787 2422 2857 berechtigt war. Erst wo die Musik Dohnanyis, die in dieser
1184 2826 2535 2910 Pantomime von Liebe, Tod und Gewissensqual eine geschickte raten
1178 2878 2405 2936 Sinnfälligkeit und oft die geistreichste melodische Intuition hat, sich
1165 2919 2502 2993 zu aufpeitschender Wirkung erhebt, verläßt Tairoff den Grundton: da auf
1168 2966 2509 3052 treibt er das Seelische russischer Tanzkunst in einem aufs höchste Fri
1181 3018 2422 3082 gesteigerten dramatischen Ausbruck meisterlich aufwärts. In diesem
1170 3052 2496 3130 Teilstück rechtfertigt er auch ein entfesseltes Theater durch Be¬ an
1176 3107 2417 3194 wegung. Was seine Leute im einzelnen geben, reicht aber keines¬
1176 3169 2411 3221 wegs über die tänzerische Aussprache durch Gebärdenspiel hinaus.
1175 3211 2460 3292 Es ist nur eine schön durchgebildete und kultivierte Gliederkunst, s1
1176 3264 2429 3326 die gerade soviel Eindrucks= oder Ausdrucksfähigkeit hat, als man
1177 3308 2371 3370 im Pantomimischen voraussetzt. Alexander Rumnof
1165 3353 2219 3425 der Pierrot, und Boris Ferdinandof
2306 3363 2412 3427 der
1166 3396 1599 3464 Harlekin, bringen
1647 3393 2410 3471 schöne Biegsamkeit der Geste,
2411 3426 2463 3489 2
1163 3437 2403 3512 die optische Schönheiten bieten. Weniger gut bestellt ist
2405 3478 2468 3528 3
1168 3500 2487 3577 es um Alice Coonen, einer reichlich überschätzten Darstellerin, A
1166 3555 2477 3621 die in den entscheidendsten Spielszenen von einer betrüblichen la
1165 3595 2408 3656 Ausdrucksleere bleibt. Daß ein nervöses Zucken der Lider sie
2408 3603 2486 3647 19
2427 3639 2492 3690 e
1168 3644 2399 3698 zwingt, mit weitaufgerissenen Augen einen durchdringenden Blick
2402 3678 2491 3721 kle
1168 3689 2491 3751 festzuhalten, macht ihr reizvolles Gesicht monoton; aber auch ihr sick
1165 3742 2494 3792 tänzerisches Vermögen reicht gerade hin, um ihren weit über¬ Se
1172 3788 2217 3853 legenen Partnern Mittel zum Augenblickszweck zu sein.
2395 3792 2481 3839 in
1279 3835 2490 3916 Die Aufführung, mehr glatt als originell, hat bloß im ##
1170 3880 2501 3942 zweiten Akt Charakter. Hier ließ auch der Beifall erkennen, daß ers teil
1174 3937 2491 4000 aus richtiger Theaterfreude heraus sich entlud. Das farbige abz
1170 3977 2391 4036 Element der Pantomime blieb diesmal aus und im Dekorativen
2406 3987 2492 4033 dur
2400 4023 2529 4096 Fal.
1176 4022 2391 4084 sand Tairoff statt der geometrischen Holzlatten diesmal eine neue
2412 4064 2494 4108 Um
1163 4071 2395 4129 Note: er spannte dünne Seile, die einmal Zimmervorhänge mar¬
2401 4095 2454 4131 94
