3344 4384
1079 159 1157 224 d
1937 152 2384 239 box 27/5
217 159 1772 253 23. Der Schlelenzer pierrette
1562 1241 2249 1324 S
1379 1252 1435 1336 2
1375 1298 3296 1373 eines Künstlers, der sich auf anderem Gebiete, und auch im Schlußakt wieder geschickt Ver¬
3158 1339 3295 1391 sind
2331 1340 3169 1409 wendung findet. Hiervon abgesehen,
1383 1367 2330 1415 mit Chorwerken und symphonischen Dichtungen,
2336 1376 3288 1432 keine Merkmale besonders reichquellender Er¬
1388 1396 2330 1449 schon als geschmackvoller Komponist erwiesen
2343 1399 3289 1480 findungsgabe und den Hunger nach Melodik
1389 1430 2330 1496 und auch als Musikschriftsteller sich schon einen
2342 1459 3293 1515 befriedigender Schöpferkraft hervorgetreten, doch
1384 1477 1827 1537 Namen gemacht hat.
2342 1495 3285 1556 verdienen auch das Vorspiel zum 2. Akt, und
1463 1501 2337 1567 Bei dem ersten Versuch auf dem Glatteis
2342 1535 3280 1600 die daran anschließende Serenade und Liebes¬
1376 1549 2333 1612 der Bühne ist Fritz Volbach, der zurzeit in
2258 1583 2298 1611 —
3007 1569 3293 1629 Der nächt¬
2338 1579 3015 1645 szene noch besondere Erwähnung.
1386 1581 2333 1636 Tübingen als akademischer Musikdirektor wirkt,
2333 1602 3289 1669 liche Auflauf im 2. Akt erinnert zum Teil
1392 1624 2340 1689 die Beherrschung der gedanklichen Musik und
2347 1643 3287 1707 allzulebhaft an denselben Vorgang in Richard
1395 1662 2328 1720 gründliche theoretische Kenntnis der rhythmi¬
2342 1701 3289 1753 Wagners Meisterwerk. Die Aufführung war
1393 1715 2343 1771 schen und orchestraten Grundlagen insofern sehr!
2340 1727 3287 1792 sorgfältig vorbereitet, die Hauptrollen waren
1379 1744 2332 1799 zustatten gekommen, als sie ihn davor bewahr¬
2347 1780 3285 1830 durch Gustav Waschow (Niccolo), Hermine
1390 1780 2333 1842 ten, mit banalen, leichtflüssigen Tonfolgen, wie
2353 1795 3291 1869 Förster=Fröhlich (Giulietta) und Robert Hutt
1471 1816 2329 1885 gerade auf dem Gebiete der komischen
1383 1829 1481 1884 sie
2343 1853 3281 1907 (Lorenzo) gut besetzt. Der anwesende Dichter¬
1390 1859 2324 1917 Oper allzuleicht eingeschmuggelt werden, auf
2352 1894 3285 1948 Komponist hatte für einen sehr lebhaften, sich
2221 1894 2344 1944 ihm
1387 1908 2223 1952 billige Effekte auszugehen, und anderseits
2340 1932 3195 1981 immer wiederholenden Beifall zu danken.
2216 1936 2330 1984 auch
1385 1937 2217 1995 eine reichschattierte Dynamik und oft
2422 1966 3295 2014 Der Uraufführung voraus ging die hiesige
1389 1963 2340 2038 prägnante Charakteristik im orchestralen Teile
2985 1983 3290 2055 „Der Schleier
2341 1997 2982 2072 Erstaufführung der Pantomime
1392 2013 2332 2079 ermöglichten. Wenn trotzdem das Opus einen
3208 2040 3297 2085 #n
2345 2036 3138 2104 der Pierette", Musik von Ernst
1393 2050 2333 2110 etwas dürftigen Eindruck im Ganzen hinter¬
2339 2071 3292 2141 Dohnäny, Text von Arthur Schnitzler.
1387 2086 2340 2149 läßt, so möchte ich in erster Linie den
2342 2117 3292 2179 Das künstlerisch hochstehende und musikalisch so
1388 2123 2340 2189 Librettisten Fritz Volbach, der nicht nur
3004 2158 3289 2213 das sich nur
1050 2131 1384 2244 Telephen 12.801.
2355 2153 3003 2221 ausdrucksvoll behandelte Werk —
1393 2162 2339 2233 in diesem Punkte Anklänge an den Kompo¬
2866 2191 3293 2251 fand hier lebhaftes
2354 2203 2877 2263 etwas lange hinzieht —
1391 2197 2331 2270 nisten der „Meistersinger“ aufzeigt, dafür ver¬
2566 2228 3290 2282 Die Spielleitung Robert Lefflers
2342 2238 2565 2298 Interesse.
1402 2239 2335 2301 antwortlich machen, da er sich einen Text ge¬
2350 2257 3290 2333 hatte den Stil dieses bei uns selten gesehenen
491 2249 1136 2366 JOSSERTER
1393 2277 2338 2343 schrieben hat, der bei aller Anerkennung des
2348 2301 3295 2376 Genres gut erfaßt; Martha Esche war hervor¬
1396 2322 2337 2387 Strebens nach klarer Handlung und einfacher
267 2291 1385 2454 e eie den enehen Ke Rien tenmeng.
2350 2358 2771 2421 ragend als Pierette.
2097 2365 2335 2412 zu einem
1401 2364 2106 2429 Linienführung, die Grundlagen
2427 2374 3296 2444 Die musikalische Leitung des Abends hatte
449 2352 1192 2485 Wien, I., Conoordlaplats 4.
1386 2398 2332 2458 harmlosen Singspiel, nicht aber zu einer immer¬
2340 2440 3288 2484 Alfred Fröhlich, der beide Teile in sehr fein¬
1402 2448 2338 2502 hin technisch schwergehaltenen zweiaktigen Oper
665 2440 1000 2517 Vertretungen
2353 2455 3296 2525 fühliger Durcharbeitung herausbrachte, unter¬
1417 2487 1591 2547 hergibt.
256 2432 1353 2612 bene, Bent Brdpen, chtere, dirtent ertee
2349 2501 3247 2575 stützt von dem willig mitgehenden Orchester.
1479 2501 2347 2574 Der Student Lorenzo wird von dem Pro¬
260 2489 1352 2650 den Pepecheren Londen Basdhit Mistend Munngen.
2813 2554 3251 2615 Adolf Zürndorfer
1404 2554 2340 2625 fessor Niccolo, der seine junge Nichte Giulietta
257 2529 1357 2689 de Pen Panis on dn Frsten Sescboin Apen
1399 2610 2350 2659 zwingen möchte, seine Gattin zu werden, in
646 2606 964 2681 barg, Toronto.
1402 2644 2355 2706 der Wohnung betroffen, und läßt sich — zur
555 2635 1034 2744 nanangabe eine Grtung.
2391 2642 2597 2727 S
1404 2670 2349 2738 Ausrede — eine Vorlesung über Ovids „Ars
231 2665 615 2761 Ausschnftt ans:
1611 2718 2338 2766 — „Die Kunst zu lieben“ — halten.
1406 2728 1587 2782 amandi“
1410 2755 2158 2837 Das st der Inhalt des ersten Akts.
1551 2796 2352 2860 i zweiten Akt verbringt Lorenzo nach
227 2787 386 2859 vom:
379 2742 1361 2915 -HoTico Hamburger Fremdersian
1402 2837 2343 2907 einer Serenade zur Nachtzeit mit seiner
1402 2883 2347 2947 Giulietta ein Kosestündchen in der Laube, wird
1408 2937 2348 2981 jäfolge eines durch Studentenlieder entstande¬
1392 2952 2361 3032 nen Lärms ertappt und vom Professor als
1399 2989 2354 3073 Dieb attrappiert. Schon will ihn der Pedell
1409 3034 2349 3095 zum Gesängnis führen; da er aber erklärt, nur
995 3070 1064 3125 21:
243 3057 479 3137 S#ieD sbns
1409 3088 2352 3132 die Lehren des Professors über „Die Kunst zu
1404 3113 2351 3171 lieben“ wörtlich befolgt zu haben, gibt Niccolo,
485 3120 1217 3225 Die Blust zu lieben.
1403 3162 2355 3210 der um alles nicht seinen geliebten Ovidius
1401 3203 2353 3260 desabouiert sehen will, dem Pärchen seinen
464 3194 1376 3282 * Komische Oper in zwei Akten von Fritz Volbach.
1617 3236 1788 3296 Fertig.
1411 3247 1622 3302 Segen. —
511 3246 1340 3328 Urauffübrung im Düsseldorser Stadttheater.
1484 3256 2358 3336 Dieser ganz anmutige, aber doch ärmliche
1417 3303 2360 3368 Stoff, hat dem Komponisten in der Vorlesung
836 3299 1359 3388 Düsseldorf, 28. Oktör.
1409 3343 2364 3412 des Professors und Wiederholung durch Lorenzo
520 3357 1395 3425 Der rühmlichen und nachahmenswerten
1411 3383 2356 3439 Gelegenheit zu der sehr wirksamen, gut er¬
460 3402 1396 3460 Zepflogenheit Direktor Zimmermanns, alljähr¬
1414 3421 2360 3491 sundenen und geschmackvoll durchgeführten
477 3447 1396 3521 ich eine neue, möglichst deutsche, Oper aus der
1415 3460 2356 3521 Piece de résistance des Werkes gegeben, die
484 3478 1401 3548 aufe zu heben, verdanken wir heute die Be¬
474 3494 2361 3598 untschaft mit dem nusikdramatischen Erstling] dem ersten Akt einen schönen Abschluß gibt,
2743 4058 2957 4142 —
