3344 4320
1963 162 2380 248 box 28/1
229 173 1798 260 23. Der Schleiender Pierrette
1224 1160 1540 1321 5. Juni 199
1958 1475 2908 1562 Ferdinandoff als Harlekin ein Gewalt¬
1941 1514 2897 1602 mensch von unheimlicher Brutalität und Alice
1004 1509 1943 1627 Kunst und Wissenschaft
1954 1565 2895 1627 Koonen als Pierrette fiebernd und angst¬
1947 1606 2898 1679 gepeitscht vom ersten Erscheinen bis zum letzten
1941 1648 2898 1700 Zusammenbrechen, aber jede Bewegung in
1264 1634 1700 1743 Zentraltheater
1953 1692 2892 1754 Schönheit getaucht, — sie alle boten mit Hingabe
1950 1714 2760 1784 ihrer ganzen Kraft virtuose Leistungen.
1055 1718 1946 1793 Tairoffs Moskauer Kammer¬
1987 1758 2895 1823 Und Dohnänyis feinsinnige Musik? Die Par¬
998 1776 1934 1831 theater setzte gestern sein Gastspiel mit der
1939 1770 2895 1874 titur ist für großes Orchester geschrieben. Wohl
998 1806 1930 1875 Aufführung von Ernst v. Dohnänyis Panto¬
1942 1838 2891 1893 manches Instrument mußte unbesetzt bleiben,
995 1842 1941 1914 mime Der Schleier der Pierrette
1945 1872 2891 1939 und der Zentraltheaterkapelle erwuchs keine ge¬
995 1882 1934 1953 fort. Vor fünfzehn Jahren haben wir das
1943 1910 2891 1992 ringe Aufgabe, mit ihren bescheidenen Kräften.
997 1912 1928 1989 Werk als Neuheit kennengelernt. Die da¬
1945 1947 2883 2018 die Musik wenigstens in den Umrissen lebendig
991 1961 1940 2033 malige Wiedergabe in der Staatsoper und die
1938 1994 2892 2052 zu machen. In den Tänzen gelang es ihr recht
992 1992 1949 2075 jetzige durch die Russen lassen sich kaum ver¬
1939 2031 2889 2097 gut; in den pantomimischen, mit reiner Aus¬
986 2042 2881 2108 gleichen, weil die Prinzipien der Einstudierung drucksmusik bedachten Partien hatte aber der
984 2076 1933 2142 ganz verschiedene waren. Das Ziel unserer
1940 2102 2880 2170 Leiter des Orchesters Alexander Medtner
990 2114 1932 2174 Staatsoper war, das Werk, dem in Schnitzlers
1930 2139 2799 2214 alle Mühe, das Ganze zusammenzuhalten.
981 2155 1951 2243 Libretto auch dichterische Werte innewohnen, in
984 2190 1937 2261 seiner Gesamtheit lebendig zu machen; die
2717 2190 2882 2265 Vn. 1
978 2223 1944 2299 Russen sahen das ihre in der plastischen Her¬
977 2261 1939 2335 ausarbeitung der Hauptzüge der grausigen
978 2308 1940 2367 Handlung. Die feine Schnitzlersche Zeichnung
972 2336 1929 2418 des biedermeierlichen Wiener Hintergrundes,
975 2384 1937 2455 die den wohltuenden Gegensatz zu den düsteren
977 2419 1939 2492 Vorgängen bildet, wurde von den Russen kaum
974 2448 1938 2533 berücksichtigt. Nur die — allerdings äußerst
974 2490 1924 2562 geschmackvoll abgetönten — Kostüme in der
966 2532 1925 2614 Szene des Hochzeitsfestes deuteten die Zeit des
970 2583 1934 2646 Geschehens an. Das Hochzeitsfest, das ein Auf¬
974 2616 1920 2683 atmen in der Jagd der Schrecken gestatten soll,
966 2640 1929 2714 bot dazu keine Gelegenheit, weil das Tempo
969 2682 1912 2748 überhastet war. Der berühmt gewordene
970 2719 1914 2787 Walzer, mit dem es beginnt, wurde so schnell
955 2777 1918 2843 gespielt, daß die Paare auf der Bühne kaum
962 2807 1926 2854 die entsprechenden Schritte ausführen konnien¬
1008 2849 1916 2915 Der Ton des Grausens und der Angst wurde
957 2870 1913 2954 gleich im Anfange in einer Stärke angeschlagen,
962 2917 1910 2993 daß eine Steigerung kaum mehr möglich war.
959 2960 1916 3038 So blieb auch die Erscheinung des toten
953 3003 1905 3072 Pierrot beim Feste — in der Aufführung im
953 3032 1906 3103 Opernhause einst ein markerschütternder, den
960 3083 1708 3134 Zuschauern unvergeßlicher Moment
1773 3095 1910 3145 ohne
963 3112 1918 3189 jede Wirkung, zumal da hier die Inszenierung,
948 3155 1912 3222 die doch sonst mit starken Effekten arbeitete,
956 3188 1908 3255 das Dämonisch=Geisterhafte überhaupt nicht be¬
952 3221 1221 3284 rücksichtigte.
1015 3271 1907 3342 Alles Gewicht war auf das Spiel der drei
954 3302 1902 3375 Hauptpersonen gelegt. Alexander Rumneff
954 3350 1930 3428 als Pierrot ein schmerzgefoltertes Opfer, Boris!
