3344 4352
546 203 627 271 De
2030 200 2476 296 box 27/5
303 210 1901 317 23. Ler Schleier der Pierrette
1641 1361 2834 1442 verringert. Das ist teilweise eine Entlastung; aber der
2821 1369 3342 1427 in der Kleidung auf den
829 1367 1546 1491 Feuilleton. Gence
1643 1407 2814 1471 Verzicht auf den Gesang verpflichtet andererseits zu aus¬
524 1379 760 1493 n
2822 1413 3347 1484 Im Regiebuch wird eine
1642 1458 2827 1520 drucksvollerer Orchestersprache, zu lebendigerer instrumen¬
1298 1438 1520 1544 4
2807 1468 3357 1526 Altwiener Tracht eigens
1630 1520 2823 1591 taler Schilderung der szenischen Vorgänge, der Stimmungen
2812 1513 3359 1580 greifen auf die typischen
720 1497 1399 1607 Königliches Opernhaus.
1641 1556 2539 1637 und Empfindungen der einzelnen Personen.
2821 1564 3325 1620 offenbar das schillernde
457 1561 1650 1669 „Der Schleier der Pierrette.“ Pantomime in drei Bildern
1742 1608 2820 1678 Zu musikalischer Illustration bietet das Stück
2817 1601 3350 1677 Phantastik gleich anfan
790 1623 1318 1689 von Ernst v. Dohnanyi.
1632 1625 2825 1728 vielfache und dankbare Gelegenheit. Die Handlung bringt
2809 1648 3359 1726 Mummenschanz, der auch
855 1675 1265 1755 Von August Be#.
1651 1710 2822 1774 aufregende Vorgänge, lyrische Szenen, Graziöses und
2810 1706 3352 1789 verträgt, ohne den strenge
551 1710 1643 1822 Der Zufall, dieser launenhafte Kobold, der so gern
1645 1755 2830 1819 Phantastisches in geschickter Mischung. Und es fehlt der
2805 1756 3060 1841 zu stoßen.
445 1773 1642 1861 dem Witz der Antithese nachgeht, gönnt sich zuweilen auch
1642 1801 2820 1862 Pantomime, die eine Zwillingsschwester des Balletts ist,
2909 1780 3351 1873 Schon durch das erst
450 1843 1647 1906 die Ueberraschung der Analog#. So hat er es gefügt, daß
1648 1845 2823 1920 auch an bunten Tanzmomenten nicht, die sich immer in
2816 1851 3348 1916 ein junger Wiener Male
451 1881 1637 1964 die beiden letzten Novitäten des Operntheaters dasselbe
1642 1902 2824 1970 natürlichster Weise aus der Situation ergeben. Das Text¬
2808 1903 3361 1961 sunken vor dem Bilde sein
456 1931 1641 2007 Finale zeigen. Die „Elektra“ von Richard Strauß, „Der
1648 1948 2815 2006 buch hat Arthur Schnitzler aus seinem Schauspiel „Der
2814 1958 3349 2023 eines reichen Hausherrn.
450 1981 1646 2045 Schleier der Pierrette“ von Dohnänyi enden mit einem
1638 1995 2823 2055 Schleier der Beatrice“ geformt. In der neuen Einrichtung
2815 2004 3360 2065 nicht mehr bei ihm blicken
443 2014 1643 2101 wilden Leichentanz der wahnsinnig gewordenen weiblichen
1638 2045 2827 2114 ist das ursprüngliche Drama kaum mehr zu erkennen. Aus
2818 2055 3353 2119 Sehnsucht nach dem schön
442 2075 1638 2152 Hauptpersonen. Elektra, die rachedürstige Atridentochter,
1633 2097 2815 2155 dem fünfattigen, figuren und episodenreichen Renaissance¬
2807 2092 3360 2160 seine Kameraden und dere
454 2130 1636 2202 bricht mitten in ihrem grauenvollen Triumphreigen leblos
1636 2140 2810 2206 stück sind drei knappe Bühnenbilder geworden. Die Hand¬
2816 2149 3362 2216 und Tanz aufzuheitern. E
446 2187 1643 2252 zusammen. Die niedliche Pierrette tanzt sich an der Leiche
1640 2191 2819 2266 lung, früher vielfach durchzogen von Kriegslärm und
2883 2194 3361 2270 solide Wiener Ausgab
447 2232 1647 2307 des Geliebten zu Tode. Die Realistik des modernen Theaters
1642 2245 2814 2309 Staatsaktion, wurde aus dem Bologna des 16. Jahr¬
2815 2246 3361 2307 Er ist wirklich unheilbar
449 2277 1635 2346 begleitet auch auf der Opernbühne den Wahnsinn mit
1642 2289 2817 2358 hunderts in das Wien der Biedermeierzeit verlegt, aus dem
2823 2297 3355 2351 pocht es an der Türe und
454 2330 1640 2402 glaubwürdigeren Symptomen. Die Lucias und Ophelias
1642 2346 2823 2403 glänzenden Palaste des stolzen Herzogs Bentivoglio wurde
2819 2348 3350 2409 schleier und Myrthenkranz
448 2376 1641 2437 ergingen sich, wenn sie den Verstand verloren haben, in
1640 2391 2811 2462 der Salon eines wohlsituierten Spießburgers „vom Grund“.
2809 2395 3359 2449 Sie ist am Hochzeitsabend
451 2426 1636 2498 den kunstvollsten Trillern, in den zierlichsten Rouladen. Bei
1631 2439 2824 2490 Das Stück hat so durchgreifende Veränderungen an Haupt
2814 2444 3360 2506 Arlecchino entflohen und n
444 2472 1637 2545 den Elektras und Pierrettes von heute löst der Wahnsinn Tanz¬
1631 2482 2809 2539 und Gliedern, im Szenengang, in den treibenden Motiven er¬
2812 2487 3355 2549 liebten sterben. Bevor sich
456 2519 1645 2601 bewegungen aus. Das erscheint umso natürlicher, als die
1638 2530 2816 2595 fahren, daß ein Vergleich des Originals mit der jetzigen
2811 2542 3350 2606 erholt hat, zieht sie eine
450 2571 1646 2644 Koloratur der Fußspitzen dabei ganz aus dem Spiele bleibt. Doch
1639 2582 2818 2657 Fassung ein wenig lohnendes Beginnen wäre. Und
2814 2581 3349 2659 und gießt es in den W
453 2623 1635 2682 bei dieser Aehnlichkeit der Schlußkatastrophen endet auch das
1633 2635 2822 2703 ein zweckloses. Denn es bleibt schließlich das gute
2813 2632 3331 2701 achtlos zu Boden fallen.
450 2672 1639 2740 launenhafte Spiel des Zufalls. Weder den beiden Werken,
1630 2681 2816 2748 Recht des Dichters, seinen poetischen Stoff nach eigenem
2806 2669 3360 2744 letzte zärtliche Umarmung
451 2727 1637 2795 noch ihren Autoren ist sonst irgend ein verwandter Zug
1634 2728 2813 2805 Ermessen umzugestalten, zu varüeren, ihm diejenige
2812 2719 3351 2802 Gläsern zum Todestrunke
447 2769 1639 2822 gemeinsam. In der „Elektra“ ein reifer Meister, der in
1635 2768 1894 2840 Form zu
1876 2771 2817 2832 geben, die ihm am passendsten dünkt.
2806 2782 3359 2851 nommen, aber Pierrette
459 2818 1630 2876 seiner eigenen genial=verwegenen Art über Wagner hinaus
1642 2833 2813 2897 Vielleicht erkannte der Autor selbst, daß sein Schauspiel
2810 2831 3357 2902 und sie zögert. Da schlägt
452 2864 1649 2938 neue Bahnen für das Musikdrama freilegt; im „Schleier
1631 2876 2813 2954 trotz aller rührenden und spannenden Momente den epischen
2810 2868 3356 2945 Glas aus der Hand, da
441 2916 1644 2985 der Pierrette“ ein junger Künstler, der hier seinen ersten
1638 2929 2806 2987 Zug nicht verleugnen kann, sich eher wie eine farbenreiche,
2809 2919 3358 2988 über den Toten, rüttelt ih
450 2964 1639 3030 Schritt auf die Bühne unternimmt. Ernst v. Dohnanyi trennt
1632 2957 2814 3039 in schimmernde Verse gekleidete Novelle liest, denn als
2804 2982 3350 3036 Zimmer, dann stürzt sie v
454 3016 1639 3083 sich bei diesem Versuche noch nicht vollständig von seinem
1628 3014 2802 3079 kräftiges, scharfumrissenes Drama auf der lebendigen Bühne
2815 3012 3354 3084 arbeitet schon die Introdu
450 3060 1650 3106 liebgewordenen Element, der absoluten Musik, in der er
1635 3072 2803 3133 sich alsvielt. Nur das Hauptthema wurde in die Pantomime
2812 3070 3351 3129 die grellen Effekte zusam
451 3109 1633 3182 bisher Proben seines reichen Talents geboten hat. Nicht
1628 3120 2803 3181 übernommen, mit diesem zugleich das tragische Requisit des
2802 3131 3360 3186 Pantomime, besonders wer
447 3154 1636 3224 der Oper selbst gilt sein erster Anlauf. Er macht vorläufig
1643 3167 2810 3230 Stückes, der Schleier, der eine ähnlich verhängnisvolle
2803 3175 3352 3239 geht. Da ihr das Wort er
437 3209 1641 3274 nur im Orchester dramatische Musik zu dem stummen Spiel
1631 3221 2810 3282 Rolle spielt wie Desdemonas Schnupftuch. Pierrot, Pierrette,
2811 3224 3361 3281 licher Vorbereitung und 2
444 3260 1644 3307 oben auf der Bühne. Es scheint, daß er vorerst seine dra¬
1637 3266 2815 3323 Arlecchino sind die Hauptpersonen dieses Eifersuchtsdramas,
2815 3269 3332 3330 sich kürzer und schärfer
453 3304 1635 3374 matischen Fähigkeiten an einem Stoffe erproben wollte, der
1629 3315 2815 3381 lauter wohlbekannte Figuren der alten Commedia delllarte.
2809 3313 3359 3384 Lange verweilen hieße la
452 3347 3361 3444 keinen vokalen Apparat erfordert, das technische Rüstzeug! Verpflanzt in die Gegend rings um den Stefansturm, auch l der Komponist! Verlangt
