3344 4320
276 180 511 281 23
505 187 602 253 De
539 195 1851 302 Schleien der Pierrette
608 1728 1537 1819 ADGLF SCHUSTERMANN
506 1808 1628 1881 ZEITUNGSNACHRICHTEN-BUREAG
682 1867 1470 1954 BERLIN 30. 16, RUNGK-STRASSE 28/27.
595 1970 1498 2064 Zeitang: Fränkischer Kurier
587 2080 1213 2185 Achesse. Nürnberg
593 2197 814 2270 Datum:
818 2291 1652 2387 Der Schleier der Pierrette.
716 2371 1725 2441 Pantomime-von Artur Schnitzler, Musik von
725 2418 1713 2498 Ernfl. p. Dohnänyi. Uraufführung, im Kgl.
927 2466 1519 2548 Opernhaus zu Dresden.
769 2475 1719 2589 B“ Aus Dresden, 23. Jan., schreibt, „man
709 2564 1724 2632 uns: Des Dichters und des Komponisten„Namen
703 2597 1702 2682 bürgte für einen Erfolg und hatte für eig ausver¬
704 2660 1707 2726 kauftes Haus gesorgt. Der Beifall war stürmisch
715 2701 1715 2782 Wohl 15mal hob und senkte sich am Schlusse der
708 2751 1715 2813 Vorhang. Der Komponist, die Darsteller und
699 2800 1712 2860 Generalmusikdirektor v. Schuch mußten sich immer
702 2834 1716 2909 wieder dem Publikum zeigen. Wir halten die Musik
704 2896 1296 2962 für eine starke Talentprobe.
1341 2904 1707 2970 Ein selbständiges
696 2942 1706 3029 Meisterwerk wollte uns schließlich der Komponist
708 2993 1058 3051 gar nicht geben.
759 3034 1703 3109 Die Handlung, der Motive des Trauerspiels
694 3079 1717 3159 „Der Schleier der Beatrice", das der Dichter vor
696 3144 1701 3213 10 Jahren verfaßte, zugrunde liegen, ist
687 3170 1204 3249 fließend und packend.
1290 3187 1711 3255 Vielleicht ist sie
687 3240 1702 3299 das Grausigste, was in der kgl. Hofoper
682 3269 1705 3350 je zur Darstellung gekommen ist. Immer klingt aber
693 3331 1695 3396 im tiefsten Schmerze das Lied der Sühne und Ver¬
682 3366 1698 3437 geltung und führt über das Häßliche und Schaurige
681 3433 1710 3481 zu dem ästhetischen Genuß des Tragischen. Eine
678 3467 1716 3542 Ballabe ohne Worte, vertont, in der der Dichter den
687 3515 1700 3591 Grundton anschlägt und der Tonpoet die Stim¬
681 3569 1707 3626 mung aufnimmt und seiner Empfindung zu einer
687 3615 1716 3673 Schwingungsweite verhilft, in der sie sich ausleben
682 3647 1703 3734 kann. Er nimmt den Gedanken auf und gibt ihm
676 3710 1704 3771 erst sein Leben. Handlung und Ton fließen in¬
667 3760 1708 3832 einander, ein Verschmolzensein, in dem der Gebanke
668 3808 1705 3881 an Intensttät gewinnt und nachbrücklich zu uns
675 3852 1700 3919 spricht. Darin liegt der Reiz, das Geheimnis dieses
675 3902 1701 3992 großen Erfolges. Der Tonpoct hat seinen Dichter
668 3941 918 4005 gefunden.
1998 214 2426 302 box 27/5
2759 708 3138 798 Telephon 12.801.
2757 810 2930 905 Pa.
2219 839 2882 943 „ODSEIVER
2041 929 3129 995 1. österr. behördl. konz. Unternehmen für Zeitungs-Ausschnitte
2181 979 3012 1065 Wien, I., Concordiaplatz 4.
2363 1061 2796 1127 Vertretungen
2042 1113 3123 1174 in Berlin, Budapest, Cilicago, Christiania, Genf, Kopen¬
2041 1168 3125 1227 hagen. London, Madrid, Mailand, Minneapolis, New-Vork,
2085 1196 3073 1266 Paris, Rom, San Francisco, Stockholm, St. Petersburg.
2373 1234 2799 1303 (Quellenangabe ohne Gewähr).
2027 1286 2408 1368 Ausschnitt aus:
2371 1327 3163 1430 geciier Local Anzeiger
2269 1390 2378 1451 KNA1
2042 1398 2162 1451 vom;
2157 1414 2462 1491 ee
2047 1470 2935 1528 Ernst von Dohnanyi errang gestern,
2032 1502 2935 1559 eilem Privattelegramm zufolge, in der
2054 1548 2939 1605 Presdener Hofoper mit der Uraufführung
2029 1592 2938 1646 Keiner musikalischen Pantomime: „Der Schleier
2030 1617 2942 1679 der Pierrette“ einen glänzenden Sieg. Die tra¬
2033 1652 2943 1708 gische, durch feinsinnige Musik verklärte Hand¬
2031 1704 2945 1746 lung hat Artur Schnitzler nach seinem fünf¬
2540 1729 2934 1808 hleier der Beatrice“
2029 1744 2345 1813 altigen Du##
2019 1843 2940 1910 bearheitet. Zu dem Erfolge trug auch die aus¬
2027 1901 2935 1954 gczeichnete Darstellung unter Schuch mit Frl.
2038 1915 2962 1997 Tervani und den Herren Soote und Tred##
2020 1978 2234 2046 „viel bei.
1801 2275 2768 2366 Die Musit hat Geist und Gefühlswert, sie ist
1737 2359 2760 2423 schmiegsam, graziös, voller Leidenschaft, um dann
1739 2414 2755 2476 wieder in tiefe Wehmut zu versinken. Sie durch¬
1730 2469 2759 2517 sättigt die Handlung mit feinen Stimmungswerten
1729 2510 2757 2559 und mit geistvollen Details. Der erfahrene Tech¬
1737 2552 2619 2620 niker zeigt Erfindungsgabe und Farbensinn.
2652 2558 2760 2618 Es
1734 2598 2752 2651 kommt zu prächtigen Klangwirkungen. Klare
1722 2658 2753 2719 melodische Linien bauen die Gegensätze auf. Die
1733 2696 2754 2755 Regie setzte die szenischen Ereignisse in eine Summe
1736 2739 2328 2809 seiner Stimmungswerte um.
1794 2792 2757 2861 Das Orchester unter v. Schuchs Leitung schwelgte
1736 2832 2746 2906 in edlem Wohlklang. Der Wechsel und die Gegen¬
1726 2890 2746 2957 sätze von den allerfeinsten dynamischen und rhyth¬
1718 2931 2744 2996 mischen Schattierungen, das tiefe Erfassen aller
1724 2979 2742 3037 Nüancierungen und dann wieder die intuitive Art
1725 3029 2738 3107 riß fort. Der geniale Dirigent hatte einen Sonder¬
1726 3074 2459 3145 erfolg und wurde stürmisch gerufen.
1776 3119 2740 3182 Man hatte mit großer Sorgfalt das Werk ein¬
1720 3177 2745 3243 studiert. Die Darsteller, vor allem Frl. Tervani
1724 3220 2743 3293 als Pierrette und Herr Soot als Pierrot, sanden sich
1711 3269 2737 3321 überraschend gut in den Stil der Pantomime. Nach
1712 3315 2736 3378 der vorzüglichen Wiedergabe des Werkes zweifle ich
1711 3367 2734 3432 nicht, daß das Werk sich längere Zeit im Spielplan
1714 3403 2413 3479 der deutschen Bühnen halten wird.
3198 774 3305 846 PNN
