3392 4352
206 250 792 366 2. Cuttings
895 241 1353 347 box 37/1
2837 1206 3354 1299 amun aon An#uc
668 1214 1502 1301 sichl, und die uus „. Ptenpestgen.
2814 1259 3378 1353 machten, im Bunde mit dem
673 1262 1751 1366 bildete und unter dem Befehl des Generals Häseler
1858 1292 2714 1397 Politische Tagesgeschichte.
2850 1327 3378 1415 das gehört auch zu den 3
676 1345 1747 1402 stehende Westarmee werden in der Gegend von Hanau
2131 1378 2431 1456 Zur Lage.
671 1382 1759 1465 und Aschaffenburg gegen einander operiren; 143 Ba¬
2925 1396 3392 1490 Die französisch=rn
1839 1405 2823 1505 Der „Przeglond“ bringt einen Artikel, der mit
663 1430 1758 1510 taillone, 115 Schwadronen und 111 Feldbatterien
2901 1475 3391 1549 Auch der „Pester L##
1741 1486 2796 1547 den telegraphisch mitgetheilten Ausführungen des „Hlas“
668 1491 1752 1562 werden dabei in Action treten. Seit dem deutsch¬
2820 1517 3391 1601 Ausdruck, daß, wenn die Frc
1748 1503 2820 1614 in einigem Widerspruch steht und in dem er zunächst
666 1544 1744 1602 französischen Kriege find deutsche Streitkräfte nicht
2814 1575 3379 1650 hüllen, die russische Regiernn
1746 1586 2815 1640 darauf hinweist, daß der Zweck des gegenwärtigen
666 1588 1747 1658 mehr in solcher Stärke zur Aufstellung gelangt. Und
2817 1634 3395 1692 gierungen einigen Aufschluß
1738 1620 2819 1696 Cabinets, das ja einen nichtparlamentarischen Charakter
669 1630 1754 1699 dieser großartige Scheinkrieg, der Norddentschland und
2813 1738 3394 1800 („Die kleine Komödie“) die B
1743 1737 2811 1796 Winter in Berlin auf die Bühne gebracht, den feiner ge¬
826 1754 1612 1835 Arthur Schnitzler.
2812 1771 3377 1851 er in seinen Dramen und E
1760 1789 2807 1856 stimmten Kreisen des dortigen Theaterpublikums sehr ge¬
2814 1824 3389 1903 kleinbürgerlichen Kreise, oder
945 1821 1506 1905 Von Hermann Übell.
1754 1837 2493 1906 fiel, nicht vorenthalten werden dürfen.
2824 1880 3391 1944 einer Grisette, oder den Jarg##
1847 1869 2824 1946 Außer der „Liebelei“ sind von Schnitzler bisher
764 1859 1759 1942 Immer lebhafter beschäftigt sich die Aufmerksamkeit
2818 1931 3393 1998 rundet, wie glücklich zuges
1754 1920 2826 2009 erschienen: das dramatische Scenenbündel „Anatol“; ein
670 1940 1751 2001 des literarisch interessirten deutschen Publikums mit jenem
2826 1984 3408 2065 „Anatol“ — kein Wort, keine
1754 1988 2802 2047 Schauspiel „Märchen“; eine größere Novelle „Sterben“
667 1994 1752 2057 Kreise jungösterreichischer Autoren, der sich im Verlaufe
2812 2015 3380 2098 wenig. Und weiter. Jede
1762 2027 2819 2098 in Buchform und eine ganze Reihe größerer und kleinerer
673 2038 1758 2108 der letzten Jahre unter der Führung Hermann Bahr's
2816 2074 3370 2147 zeigt den bewußten Tact
1753 2087 2811 2150 Novellen und Dialoge in literarischen Zeitschriften ver¬
670 2092 1751 2162 in Wien zusammenfand, in der Wiener Wochenschrift
2822 2121 3406 2196 Achtsam belauscht er den Rhych
1758 2134 2823 2204 streut. Die Bücher hat der bekannte moderne Verlag
687 2144 1751 2210 „Die Zeit“ und in der Halbmonatschrift „Wiener Rund¬
2820 2174 3398 2251 um die Wahl des prägnante
1753 2177 2815 2254 S. Fischer in jener schlichtvornehmen Ausstattung
681 2186 1752 2262 schau“ sich eigene, angesehene Organe gegründet hat und
2815 2234 3386 2300 lichsten Bildes bemüht. Man
1749 2230 2814 2314 herausgebracht, die er seinen Publicationen mitzugeben
669 2235 1757 2309 durch eine gemeinsame Tradition, ein gemeinsames Milien
2829 2277 3387 2352 seiner letzten Novelle darauf h
1741 2283 1899 2370 pflegt.
676 2300 1757 2365 und gemeinsame künstlerische Gesinnungen zusammen¬
2811 2330 3385 2402 sich über seine so gepflegte,
1847 2308 2818 2399 Wir sehen: der Ruhm des allerdings verhältniß¬
680 2345 1755 2414 gebunden wird. Im Folgenden soll die Sonderart des
2810 2379 3399 2453 sagen; uns kam es nur dara#
1754 2374 2809 2454 mäßig noch jungen Dichters ruht auf einer — quantitativ
675 2393 1746 2466 ältesten und durch eines seiner Bühnenwerke den weitesten
2821 2426 3405 2501 viele, mühereiche Kunst, die S
1790 2430 2812 2501 schmalen Basis. Möglich, daß ihn die Ausübung
685 2425 1767 2516 Kreisen bekannten Dichters dieser Gruppe moderner Au¬
2819 2475 3394 2543 beiten wendet, um ihr den hö
1757 2488 2819 2550 seines ärztlichen Berufes an einer umfangreicheren Pro¬
675 2492 1441 2576 toren ausführlicher beschrieben werden.
2820 2523 3397 2599 der Vollkommenheit mitzugeben
1763 2533 2815 2597 duction gehindert hat; aber der tiefere Grund liegt wohl
2815 2581 3407 2653 Production, die sich womöglich
1765 2582 2816 2649 in dem besonderen Wesen seiner Kunst und Kunstübung
682 2534 1756 2657 eehn de denbuna Mien ugies und eiter Ant ven
2819 2617 3407 2701 dicken Bande einstellt, von vo
1754 2625 2822 2705 selbst versteckt. Es ist nämlich für diesen Dichter wie für
686 2649 1751 2712 Beruf, mußte, von einem selisamen Unstern verfolgt,
2814 2682 3405 2750 Bei Schnitzler von „reinem Kü
1754 2687 2816 2751 wenig Andere in der Gegenwart die eminente Ausbildung
678 2698 1749 2770 Jahre lang vergeblich um die Gunst des Erfolges freien,
2813 2725 3408 2811 wahrlich keine Phrasenhaftigkei
1755 2734 2827 2804 des formalen Elementes charakteristisch — formal im
683 2736 1758 2809 der erst seinem Wiener Schauspiel „Liebelei“ vor zwei
2909 2780 3406 2843 Wir wenden uns dem di
1753 2783 2832 2859 weitesten und höchsten Sinne genommen. Er beherrscht die
685 2793 1757 2860 Jahren in vollem Maße zutheil ward. Der Beifall, den
2824 2817 3405 2904 ler's zu, den Dialogen des „
1763 2844 2811 2901 dramatische wie die epische Technik meisterlich. Man er¬
687 2844 1756 2913 dieses Stück in allen Gauen Deutschlands und darüber
2829 2883 3400 2956 das Buch durch ein reizend
1764 2877 2818 2951 innere sich an die schlechthin classische Exposition der
683 2897 1751 2961 hinaus erzielte, hat, wie es zu gehen pflegt, das
2820 2928 3402 3001 Versen, von Loris. Mit wehmü
1754 2938 2819 3008 „Liebelei“; die nämlichen Tugenden werden dem ersten
686 2935 1765 3010 Interesse auch auf die so vornehmen und originellen
2817 2985 3395 3039 die Seele des Buches, das all
1751 2983 2816 3054 Acte des „Freiwilds“ nachgerühmt (das in Buchform
687 2977 1765 3062 Arbeiten seiner früheren Jahre hingelenkt. Auch in Graz
2827 3024 3406 3102 Jugend und doch auch schon all
1756 3044 2817 3101 noch nicht erschienen ist). Ueberhaupt wird diesem seinen
688 3052 1752 3109 ist dieser liebenswürdige Poet zu Worte gekommen, als
2822 3077 3373 3152 Resignation des Alters hat.
1757 3090 2825 3163 letzten Drama das feinste Raffinement der Mache all¬
686 3097 1751 3163 in der vorletzten Saison die „Liebelei“ mit vielem Glück
2826 3137 3404 3194 den verschiedenen Stücken vor
1767 3133 2818 3207 gemein zuerkannt. Wie glücklich handhabt er in seiner
696 3146 1758 3220 hier aufgeführt wurde. Im kommenden Theaterjahre wird
2818 3183 3402 3256 Reihe von erotischen Erlebniss
686 3161 2838 3262 uns wohl auch das Schauspiel „Freiwild“, das jüngsten Novelle größeren Umfanges („Die Frau des
686 3228 3405 3330 Schnitzler inzwischen geschrieben und das, im letzten] Weisen“) die Togebuchform, in einer älteren Geschichte] eine schöne Illusion nach de
3288 3570 3352 3655 8
