3344 4256
-5 2363 77 2429 189
1 2572 76 2629 liche
-1 2666 82 2747 velch
-2 2726 79 2781 iner
921 188 1370 281 box 37/1
212 187 815 292 2. Cuttings
441 1129 1497 1193 Schulbezirke Aflenz: die zweiclassige Volksschule in Thörl;
198 1162 419 1246 zessin Ar¬
442 1190 1498 1249 im Schulbezirke Birkfeld: die einclassige Volksschule in
208 1240 424 1296 0 Uhr mit
437 1239 1500 1288 St. Katharein am Hauenstein und in Miesenbach; im
205 1285 423 1350 dem Nach¬
439 1296 1498 1349 Schulbezirke Bruck a. M.: die einclassige Volksschule in
202 1328 429 1405 ML. Frei¬
450 1343 1495 1396 St. Katharein in der Laming; im Schulbezirke Umgebung
211 1387 424 1453 ngekommen.
437 1390 1503 1442 Cilli: die einclassige Volksschule in Ober=Ponigl; im
214 1434 423 1503 ist gestern
438 1442 1506 1502 Schulbezirke Deutsch=Landsberg: die einclassigen Volks¬
206 1486 421 1553 ngreß hier
448 1492 1490 1542 schulen in Gressenberg und in St. Jakob in Freiland;
207 1537 426 1603 meraufent¬
441 1535 1499 1599 im Schulbezirke Friedberg: die einclassige Volksschule in
224 1587 437 1645 v. leitete
433 1591 1503 1635 Sparberegg; im Schulbezirke St. Gallen: die einclassige
215 1687 422 1751 und sehnen
441 1692 1504 1755 will, bis er schließlich doch und mit ihm sein Lebens¬
246 1736 425 1806 früheren
438 1736 1500 1789 glück unter dem Vorurtheile zusammenbricht.... Ueber
440 1792 1501 1844 die „Liebelei“ dürsen wir rasch hinweggehen; ist doch
207 1831 420 1903 wa in der
437 1841 1494 1894 dieses Schauspiel auch hier zur Aufführung gelangt.
212 1890 416 1954 bstract und
446 1891 1494 1940 Wieder bewundern wir daran die Sicherheit, mit der der
209 1939 419 2004 ins Psycho¬
441 1942 1497 2004 Localton getroffen ist. Diese Menschen können in der
214 1993 422 2054 verhandelt:
432 1986 1496 2047 That nur in der Luft der Ringstraße und des Praters
225 2042 429 2106 modernen
442 2044 1212 2112 existiren, anderswo wären sie unmöglich.
208 2087 420 2153 die Dauer
525 2094 1498 2144 Von Schnitzler's Novellen ist leider eine erst in
214 2141 421 2202 dlung des
441 2145 1497 2204 Buchform erschienen, „Sterben“ (1895); sie wurde sofort
235 2185 411 2247 moderne
443 2199 1499 2256 nach ihrem Erscheinen ins Französische übersetzt. In
209 2233 416 2307 Die Haupt¬
435 2249 1496 2307 der That hat diese feine Seelenstudie mit den psycho¬
212 2287 416 2358 se moderne
430 2297 1496 2349 logischen Experimenten des Bourget und seiner Schüler
211 2342 423 2408 ller und
435 2340 1500 2403 Manches gemein. Auf diesem Buche lagern die Schatten
253 2389 420 2452 Beginn
443 2392 1496 2443 des Todes; es wird das Sterbejahr eines Schwind¬
216 2438 430 2516 ist wieder
433 2440 1500 2496 süchtigen entrollt, und gezeigt, welche Veränderungen in
213 2486 416 2557 rschaft be¬
438 2493 1496 2548 ihm und im Verhältniß zu seiner Geliebten während
209 2541 416 2602 benpersonen
435 2535 1498 2612 dieser Zeit vorgehen. Es wird gezeigt, wie sich all¬
206 2592 423 2656 Seelischen
439 2596 1498 2659 mählich und mit Nothwendigkeit ihre innig verchlungenen
213 2639 415 2710 wandtschaft
434 2653 1499 2709 Seelen lösen, bis sie sich zuletzt mit häßlicher Feind¬
213 2694 416 2757 zeigt schon
443 2690 1495 2756 seligkeit gegenüber stehen, die eine, die „den Pfad des
204 2745 416 2804 ssaute und
426 2746 1491 2810 Todes tritt“ die andere, die vom festen Ufer des Lebens
204 2791 413 2856 hm Wiener
437 2795 1498 2843 ihrem langsamen Scheiden zusieht ... Eine unsägliche
210 2844 416 2906 n. Ob die
443 2854 1498 2913 Schwermuth athmet diese Dichtung aus — die Schwer¬
215 2892 414 2955 ng, ob sie
430 2904 1493 2959 muth, die einen Satz in Jacobsen's „Niels Lhyne“ er¬
215 2942 424 3007 t mehr zu
441 2946 1495 2995 füllt: „Es war das große Traurige, daß eine Seele
215 2989 411 3057 Berlin eine
438 2997 1500 3050 stets allein ist. Es war eine Lüge, jeder Glaube an
238 3038 417 3109 ist „das
432 3046 1496 3099 die Verschmelzung von Seele und Seele. Nicht die
215 3101 1511 3141 s Denner Mutter, die uns auf den Schoß nimmt, nicht der Freund,
217 3143 1425 3205 ht glauben nicht das Weib, das an unserem Herzen ruhte“ ...
2170 1069 3036 1165 #rrad-bric., gt
1972 1141 3040 1227 die Auswechslung der Straßentafeln in der jetzigen
1978 1196 2902 1257 Kolisseumgasse, die nunmehr Pestalozzigasse heißt.
2111 1234 3041 1314 (Der Zweigverein „Graz“ für Bienen¬
1975 1302 3040 1371 zucht) hält heute um 8 Uhr Abends im Vereinslocale,
1984 1342 2896 1414 Heinrichstraße 35, eine Monatsversammlung ab.
2122 1383 3028 1442 (Vom Theater.) Im Theater am Fran¬
1970 1455 3041 1508 zensplatz geht heute „La Traviata“ mit der russischen
1976 1495 3039 1542 Hofopernsängerin Frau Alma Fohström in Scene.
1973 1536 3025 1610 Morgen kommt Offenbach's Operette „Die schöne Helena“
1970 1594 3034 1647 zur Aufführung. — Als zweite Gastrolle singt Frau
2068 1689 3041 1764 Studien und Beobachtungen zu diesem Buche mag:
1972 1729 3030 1814 Schnitzler in seiner ärztlichen Praxis reichlich gesammelt
1980 1791 3025 1855 haben. Aber sie sind ohne die Aufdringlichkeit des
1967 1842 3022 1895 Naturalisten verwerthet, wie denn überhaupt dem dunkeln
1969 1896 3022 1962 Stoff von einer weichen Künstlerhand alle verletzenden
1975 1947 3020 2028 Härten benommen sind. Wie anders hat uns erst jüngst
1966 1993 2848 2066 ein moderner Russe dieselbe Geschichte erzählt!
2072 2045 3016 2120 Und eine herbstliche Milde und Klarheit liegt auch
1968 2103 3024 2179 über der jüngsten größeren Novelle Schnitzler's: „Die
1973 2148 3024 2200 Frau des Weisen“. Die süße Reife, die abgeklärte Ruhe,
1961 2192 3022 2253 die hier die Kunst des Dichters erreicht hat, erinnert an
1961 2248 3023 2309 das goldene Behagen, mit dem die Novellen aus Keller's
1973 2294 3023 2351 mittlerer Schaffensperiode erzählt sind. Wieder wird
1969 2344 3024 2403 über das Sterben einer Liebe berichtet; doch entzieht sich
1961 2402 3026 2466 die psychologische Subtilität des Motivs einer knappen
1964 2450 3020 2511 Nacherzählung. Ein zarter Schleier von Melancholie
1970 2501 3028 2565 schwebt auch über dieser Dichtung, die uns berechtigt,
1972 2540 3024 2607 auch vom Epiker Schnitzler noch das Beste zu erwarten.
2073 2597 3025 2648 Hoffentlich gibt uns Schnitzler durch eine Samm¬
1960 2659 3024 2709 lung seiner kleineren dramatischen und novellistischen
1961 2708 3018 2765 Arbeiten bald Gelegenheit, auch diese zu beschreiben und
1973 2747 3024 2811 für die Charakteristik ihres Dichters auszunützen. Seine
1970 2800 3018 2859 literarische Habe umsaßt bis jetzt nur wenige schmale
1971 2848 3019 2901 Bände, aber in diesen ist keine Seite, die wir missen
1966 2902 3023 2952 oder anders haben möchten. Modern im besten Sinne
1970 2952 3031 3011 des Wortes, werden diese Schöpfungen eines Künstlers
1968 2998 3023 3054 späteren Geschlechtern von den Fragen und Zweifeln, die
1964 3050 3026 3105 diese blassen und müden Seelen der gegenwärtigen Men¬
1965 3097 3025 3165 schen beunruhigten und peinigten, die wehmüthige Historia
1969 3148 2168 3224 erzählen.
3043 1095 3353 1171 Tonroln 101 4
3045 1147 3351 1221 1874, weggezo
3054 1192 3339 1279 Reisenden belief
3181 1244 3350 1317 (Neub
3048 1277 3342 1366 Dem Herrn Sto
3056 1351 3346 1424 Bewilligung ert
3047 1392 3351 1478 Norden zu abzu
3058 1448 3334 1503 auf dem von
3053 1490 3347 1560 Grunde einen 2
3049 1539 3350 1611 zweistöckig mit
3058 1596 3319 1659 und wird in
3040 1638 3350 1721 Wohnungen ent
3197 1692 3352 1764 (Oest
3047 1730 3350 1814 freunde.) I
3047 1799 3351 1872 am 28. August
3050 1840 3340 1908 welcher der Sec
3043 1894 3342 1965 Vogelschutz hielt
3046 1950 3341 2012 auch von Fremd
3047 1998 3338 2061 an den interessat
3049 2050 3349 2120 gab durch große
3034 2101 3350 2176 von Herrn Ott
3047 2148 3349 2209 standen ist. Be
3048 2192 3343 2276 schon Mitglieder
3172 2247 3349 2314 (Der 2
3037 2281 3328 2368 hält Sonntag,
3049 2350 3323 2410 wilden Mann“
3034 2396 3350 2463 dungsliedertafel
3036 2443 3344 2515 kalischen Kreisen
3037 2493 3350 2568 Maly Unger¬
3032 2549 3329 2615 egger, sowie
3042 2589 3338 2670 reichhaltige wie
3039 2649 3343 2727 einen genußreiche
3185 2696 3350 2759 (Verste
3044 2738 3340 2814 Juli d. J. in u
3032 2802 3351 2866 209, worunter
3034 2853 3343 2914 3 Soldaten und
3034 2899 3350 2976 zuständigen Fried
3034 2952 3332 3014 nach auswärts
3046 2999 3350 3063 ferner wurden 5
3044 3045 3349 3110 im ersten Bezirk
3041 3098 3331 3159 im vierten 42
3030 3145 3349 3227 schieden aus d
3209 3197 3247 3259 4
