3484 4384
1300 207 1742 296 box 25/1
246 205 1142 303 20. Zuischenspiel
302 706 1557 809 „  en Ciccntrer Nescheleben orbei.
298 775 1543 847 als dieser Protest gegen die sinnbetörende Sinnlichkeit, diese
311 828 1550 890 seinpsychische Analyse edlen, weiblichen Empfindens. So hat sich
298 867 1544 949 der Verfasser des „Reigens“ und der Anatolstückchen doch nur
304 930 1539 983 über seine Intimen lustig gemacht. Er empfindet so fein, wie
306 966 1536 1025 es seine künstlerisch vollendete Skizze über den kleinen Leut¬
304 1009 1531 1098 nant allen sensiblen Gemütern verkündet? Es wird viel ge¬
307 1067 1531 1148 sprochen in dem Stücke, das ganze Stück kämpft ja fast nur mit
300 1128 1531 1189 Worten, denn in der Handlung selbst liegt nichts Ueberzeugen¬
295 1161 1536 1245 des, als die Tatsichen, welche sich aus der Logik des Wortes
299 1219 1530 1279 entwickeln. Aber diese Sprache selbst ist so feinsinnig, mit der
308 1270 1530 1344 Pinzette des Arztes so tief aus dem Seelenleben hervorgeholt,
303 1308 1529 1404 daß sie wie eine Handlung wirkt. So nur ist die Wahrheit des
290 1374 1532 1440 Lebens auf der Bühne darzustellen, eine andere Form macht
297 1402 1529 1497 sie ungenießbar, langweilig. Wir können das Leben nur
278 1474 1531 1543 hören, sehen können wir es nicht. Und alle Klügeleien, mit
297 1499 1527 1593 denen uns heute die verschiedenen Feuilletonisten überschüt¬
289 1569 1525 1647 ten, sind zwecklos und überflüssig. Entweder man hat erlebi,
288 1619 1528 1697 was der Dichter mit seinen, zart abgetönten Farben darstellt,
297 1663 1520 1744 dann wird man ohne Kommentar begreifen. Oder die Kom¬
302 1715 1528 1770 mentare werden einem das Verständnis nicht näher führen.
297 1769 1525 1829 Schnitzler macht sich ja in seinem feinen Humor über die Kom¬
284 1820 1523 1866 mentare im vorhinein lustig. Er läßt den Vorhang aufgehen
284 1877 1526 1922 und fallen, wie es ihm paßt. Und er hat recht damit. Das
295 1919 1529 1987 Stück ist nicht für alle geschrieben. „Zwischenspiele“ erleben
295 1963 1519 2031 nicht alle Menschen. Und gerade darum steht er weit über
294 2019 1522 2087 seiner verehrten Kollegenschaft, die zum Teil auch jetzt seine
288 2035 1529 2154 Richter sind. Sie schreiben zumeist, was sie nicht empfin¬
289 2107 479 2173 den...
384 2171 1528 2249 Die Darstellung? Ich kenne Kainz von seinem ersten
293 2216 1516 2296 Auftreten in Prag, bei den Meiningern, als Prinz Homburg.
287 2277 1518 2345 Damals war ich der erste, der, entgegen allen anderen Ansich¬
285 2303 1517 2393 ten, für sein Temperament, für den leichten Fluß seiner Rede
288 2376 1524 2431 eintrat. Seit der Zeit ist er ein ganz anderer geworden. Ein
287 2404 1532 2503 Meister, der immer nur Meister ist. Der Meister ist ihm in
285 2470 1516 2547 Fleisch und Blut übergegangen, er kann nichts anderes als
296 2519 1517 2570 Meister sein. Der Meister ist er auch als Amadeus. Er gibt
291 2568 1518 2649 jede Seelenregung dem Zuschauer in die Hand, jeden Gedau¬
291 2612 1519 2679 ken schreibt er auf die Stirne. Mir war es, als hätte er mit
288 2663 1519 2747 seinen großen, sprechenden Händen das zarte, feinhingehauchte
289 2724 1525 2782 Patina der poetischen Stimmung des Dichters weggewischt.
290 2754 1520 2832 Weniger wäre mir mehr gewesen. Und darum kann ich sein
295 2803 1511 2898 Spiel nicht meisterlich finden; der Kapellmeister gehört Kainz,
280 2864 1527 2946 nicht Schnitzler, und mich dünkt, Schnitzlers Meister ist kleiner,
279 2900 1524 2994 bescheidener, aber menschlicher als jener des Herrn Kainz.
287 2960 1511 3049 Darum protestiere ich im Interesse des Dichters gegen das
285 3007 1528 3096 überschwengliche Lob der Presse. Und ich möchte sehen, ob mir
282 3053 1526 3145 der Dichter ganz im Geheimen nicht recht gibt ... Dagegen
284 3118 1518 3172 spielt Frl. Witt mit ganzer Hingebung und feinem Emp¬
286 3157 1519 3228 finden. Wenn sie für viele Worte der Dichtung nicht die rech¬
290 3208 1515 3295 ten Töne findet, sind nur ihre begrenzten Mittel daran schuld.
279 3247 1523 3343 Warum diese Rolle nicht der Hohenfels, nach der sie schreit?
279 3324 1512 3395 Von den anderen können nur noch Korff genannt werden,
287 3367 1513 3432 der den jungen Fürsten in heiter=ernster Lage mit siegender
283 3403 1513 3479 Schlichtheit gab, und Herr Treßler, dessen köstliche humo¬
282 3452 1517 3527 ristische Kraft immer noch rostet, weil Herr Thiemig sich
276 3502 1516 3590 einbildet, komisch zu sein. Man sollte einmal diesen Herrn
284 3548 1502 3624 den Albertus spielen lassen, um Treßlers große Begabung in
274 3606 1526 3687 das rechte Licht zu stellen. Fr. Häberle scheint auch ihren.
275 3633 1524 3736 Wirkungskreis noch nicht zu haben; diese kleine verschüchterte¬
276 3693 1517 3779 Frau gab sie ganz reizend. Wie Fr. Kallina die kokette
281 3756 1520 3842 Sängerin ... Es wird im Burgtheater gut gespielt, wenn
273 3789 930 3892 gute Stück gegeben werden ...
627 3891 755 3979 92
547 3951 882 4045 Metrinng
2012 853 2313 930 B
2173 921 2882 1054 „OBSERVER“
1970 1036 3086 1113 I. österr. behördt. konz. Unternehmen für Zeilungs-Ausschnitte
2170 1110 2906 1196 Wien, I., Concordiaplatz 4.
2390 1169 2700 1240 Vertretungen
1974 1196 3100 1286 in Berlin, Budapest, Chicago, Christiania, Genf, Kopenhagen,
1976 1267 3100 1318 London, Madrid, Mailand, Minneapolis, New-Vork, Paris, Rom,
2158 1303 2942 1352 San Francisco, Stockholm, St. Petersburg.
2337 1345 2751 1394 (Quellenangabe ohne Gewähr.)
1967 1364 2997 1495 Ausschnitt Sacin- u Montags-Courier, Wien
1974 1514 2124 1575 vom:
2154 1527 2505 1627 B
2024 1653 3002 1722 Man ist im Burgtheater doch noch sehr
1940 1693 2988 1750 zimperlich — trotz der vielgerühmten Liberalität der
1933 1744 2979 1812 Hauszensur. Man denke nur was alles an dem
1933 1799 2976 1866 neuen Stück Schujßlens „Zwischenspiel“ ge¬
1930 1827 2380 1897 strichen worden ift.
2035 1877 2981 1943 Da geht in dem Stücke als Raisonneur ein
1941 1908 2980 1991 Schriftsteller herum, eine Art Opernlibrettist, Albertus
1932 1952 2970 2018 Rhon mit Namen, dargestellt von Herrn Treßler.
1935 2002 2983 2092 Der hat ein paar hübsche Sachen zu sagen. Er spricht
1937 2057 2842 2119 vor allem einige kernige Worte über die Ehe.
2020 2102 2988 2167 „Abenteuer?“ — sagte er + „die braucht man
1923 2147 2967 2200 gar nicht weit draußen im Leben zu suchen. Ein Mann,
1935 2189 2982 2257 der im Frieden seines Heims lebi, der kann auch
1931 2231 2987 2299 seine Abenteuer haben. Er erlebt sie geradeso wie ein
1922 2290 2977 2349 anderer, aber ohne Gefahr, und wenn er Phan¬
1923 2321 2980 2378 tasie hat, bringt ihm seine Gattin, ohne
1914 2359 2987 2449 daß sie esahnt, lauter uneheliche Kinder
1924 2408 2220 2470 zur Welt.“
2016 2436 2972 2520 Und diesen letzten Teil des Satzes, den wir in
1932 2499 2974 2566 gesperrten Lettern anführen, hat die Hauszensur ge¬
1928 2537 2167 2609 strichen!
2015 2570 2976 2639 Das ist gar nicht klug. Die Burgtheater=Abon¬
1916 2638 2986 2693 nenten werden doch von vornherein wissen, daß
1928 2677 2981 2747 Schnitzlers Stück keine Unterhaltung für junge
1926 2715 2211 2779 Mädchen ist
2291 2715 2970 2784 (wie überhaupt leider gar keine
1921 2771 2976 2814 Unterhaltung!) und die Erwachsenen wären durch den
1932 2818 2967 2876 Gedanken Schnitzlers auch nicht verdorben worden.
1922 2846 2996 2926 Der Ehebruch im Geiste, in der Phantasie — das ist
1919 2906 2987 2966 doch eine Sache, die auch hoftheaterfähig sein sollte.!
1934 2948 2986 3010 Umsomehr als schon eine wirkliche Exzellenz, ein ak¬
1922 2995 2978 3056 tiver Minister in diesem Gedanken ein großes
1930 3039 2980 3104 Werk hat kulminieren lassen. Seine Exzellenz der
1937 3084 2968 3136 Herr Staatsminister Wolfgang von Goethe in
1940 3124 2572 3198 Wahlverwandtschaften.
2004 3198 2988 3294 Da hatte übrigens Treßler, der Darsteller:
1930 3266 2971 3325 des Albertus Rohn, dem man die oben erwähnte
1924 3312 2981 3389 gute Pointe in Schnitzlers „Zwischenspiel“ wegnahm,
1930 3358 2974 3402 eine gute Idee. Er schlug dem Dichter scherzhaft vor,
1920 3402 2990 3463 ihn dafür den neuesten Ehewitz sprechen zu lassen, der
1930 3434 2984 3511 so ganz und gar in die skeptische Ehephilosophie des
1920 3480 2983 3559 „Zwischenspiels“ und in den Gedankengang des zwei¬
1943 3535 2971 3614 felnden Dichters Schnitzlers paßt, der Witz lautet:
2017 3574 2226 3636 Frage:
2017 3605 2685 3690 Wie heißt das elfte Gebot?
2017 3663 2303 3717 Antwort:
2057 3685 2991 3785 Du sollst die Kinder deiner Gattin
1916 3732 2639 3823 lieben wie deinen eigenen.
3032 2106 3077 2164 3
