3580 4352
1401 219 1851 309 box 25/2
322 226 1280 332 20. Zuischenspiel
566 1074 1409 1160 ung übersehen laßt, 6s9 „n„
570 1083 3084 1199 Weise zum Teil in einer besonderen Dienststelle des Kokonialamts, Wähler vermogen, wenn sie biesen die Wahl ems Gozintbemonmen;
3076 1110 3205 1184 ten,
554 1132 3083 1245 zum Teil beim Oberkommando der Schutztruppen von dort vorha denenauferlegen. Der Wahlvorstand der Freisinnigen Volkspartei beschloß
558 1167 3201 1271 Offizieren und Beamten wahrgenommen werden. Aus denselben noch ausdrücklich, den Wählern zu empfehlen, gegen den Antisemiten] Ver
839 1230 3056 1362 K
3074 1296 3199 1372 Ste
2189 1317 2695 1404 Theater des Westens.
573 1330 1851 1437 einmaliges Auftreten gestattenden Rolle des Prinzen Sigis¬
1941 1358 3206 1438 Der italienische Ziergesang hat nur dann Berechtigung, wenn Lad¬
3084 1402 3196 1451 Neu¬
571 1386 1861 1467 mund eine prächtige sympathische Gestalt. Dem Rhonschen
1829 1409 3084 1479 ier mit höchster Kunstfertigkeit und schöner Stimme ausgeführt wird.
573 1445 1834 1534 Ehepaare, Emanuel Reicher und Hedwig Pauly,
1829 1448 3093 1515 Ueber beide Eigenschaften verfügt Fränkein Yvonne de Tré¬
3086 1443 3200 1530 Wor
2479 1488 3090 1553 der Charlottenburger Oper ein
573 1487 1833 1557 schadete ihre gänzliche Ueberflüssigkeit im Stück, die sie nur
1833 1492 2495 1569 sville, die am Sonnabend in
3098 1519 3194 1563 011.
1845 1527 3089 1599 Gastspiel eröffnete, nicht. Nach ihrer Auftrittsarie im „Bar¬
579 1538 1474 1614 als retardierende Momente empfinden ließ.
3084 1554 3189 1603 Bi
1848 1572 3085 1641 bier von Sevilla“ konnte es keinem Zweifel unterliegen,
693 1567 1853 1650 Das Publikum folgte den Vorgängen alle drei Akte
3089 1587 3210 1648 Me
1839 1602 3087 1682 daß sie den ersten Vertreterinnen des Koloraturgesanges
584 1622 1839 1693 lang mit gespanntem Interesse, konnte sich aber mit dem
3083 1639 3187 1687 Jes
1836 1649 3087 1712 nicht beizuzählen ist. Ihr kleiner, in der Höhe scharfer und
1567 1660 1744 1731 M. Z.
3088 1675 3192 1730 Ha
590 1666 1333 1759 Schluß nicht einverstanden erklären.
1841 1687 3092 1766 spitzer Sopran weist weder die Geläufigkeit, noch die Geschmeidigkeit
3087 1713 3189 1763 aus
1830 1727 3090 1808 auf, die Rossinis Rosinchen verlangt, und in der Darstellung ließ sie
3089 1741 3197 1812 ver
1846 1760 3100 1842 ganz die liebenswürdige Koketterie vermissen, die man sonst an fran¬
1005 1774 1452 1861 Berliner Theater.
1849 1787 3103 1879 zösischen Vertreterinnen der Rolle bewundert. Sollte es wirklich der
3095 1826 3195 1899 ftr
703 1847 1853 1903 Mit rauschendem Beifall und einer Fülle von Kränzen
1843 1846 3107 1926 Fall sein, daß Fräulein Tréville als eiste Koloratursängerin der
2766 1870 3204 1939 so könnte man ster
1838 1890 2740 1951 „Opéra comique“ in Paris tätig ist,
586 1882 1853 1963 und Blumen ließ sich Herr Bonn am Sonnabend Dank ab¬
2971 1922 3099 1969 nach
1840 1917 2983 1992 dem altberühmten Institut nur raten, sich schleunigst
585 1919 1849 2013 statten für die Aufführung eines neuen Stückes, das sich in
3084 1959 3152 2032 b
1843 1951 3101 2036 einer besseren Kraft umzusehen. Für das Ensembie und
589 1968 1849 2032 seiner kläglichen Nichtigkeit ungebührlich breit macht. Es nennt
3105 1990 3192 2056 T#
2231 1986 3106 2068 für das Publikum des Westentheaters,
2061 2020 2238 2071 schien,
1851 2024 1965 2076 wie
600 2009 1848 2100 sich „Annemarie", Lustpiel in drei Akten nach Israel
3093 2031 3198 2085 Ei
1845 2037 3108 2123 mögen ihre Leistungen allenfalls genügen, feinere Ohren und ein ver¬
1385 2054 1850 2124 Die Heldin ist ein
3095 2076 3204 2135 buch
603 2072 1400 2137 Zangwill von Kurt Berus.
1855 2073 3106 2150 wöhnter Geschmack werden sich aber dagegen ablehnend verhalten.
3110 2118 3189 2170 We
592 2105 1850 2172 Dienstmädchen. Im ersten Akt putzt die arme Annemarie
1846 2111 3093 2193 Jedenfalls liegt keine Veranlassung vor, der deutsch sprechenden und
3097 2148 3208 2206 bas
603 2141 1858 2217 Stiefel und bekommt von einem ebenso armen Komponisten
1847 2152 3101 2228 italienisch singenden Dame eine Sonderstellung einzuräumen. Was
3106 2197 3202 2248 J0
1860 2192 3105 2274 sich aber die leichtsprudelnde Musik in dem Ensemble dieses Theaters
590 2190 1844 2277 ein Paar abgelegte Handschuhe und einen unschuldigen Kuß.
2865 2230 3042 2298 W. B.
1850 2246 2787 2324 gefallen lassen muß, das spottet jeder Beschreibung.
597 2217 1851 2311 Im zweiten Akt erbt Annemarie und wird von dem immer
603 2278 1802 2366 noch armen Musiker deshalb — denn er hat Ehrgefühl.
2175 2313 2784 2406 Berliner Zuschaner.
594 2318 1858 2391 verlassen. Im dritten Akt sitzt Annemarie in einem feinen
610 2367 1855 2437 Salon, er ist plötzlich berühmt geworden, und nun steht nichts
2226 2380 2736 2467 Berlin, 28. November.
3100 2407 3183 2480 S
596 2433 1361 2511 mehr im Wege, daß sie sich kriegen.
1959 2413 3118 2497 Augekommene Fremde. Hospiz am Brandenburger Tor:
725 2440 1862 2532 Selbst der Bescheidenste setzt von einem Lustspiele vor¬
1860 2473 3114 2546 v. Nostitz=Wallwitz, aus Dresden. v. Löbverke, aus Eisenach. v. Wal¬
3107 2510 3185 2564 pis
596 2498 1863 2571 aus, daß es mit Geist und Witz nicht allzu sparsam wirt¬
596 2507 3115 2619 schaftet, und verspricht sich eine heiter stimmende Wirkung.  beck, aus Brannschweig. Exzellenz Thomsen, Admiral à la suite des
3117 2539 3197 2604 als
1855 2553 3115 2628 Seeoffizierkorps, aus Kiel. Schulze, Pastor a. D. und Rgb., aus
598 2581 1864 2671 Aber die schüchternsten Erwartungen wurden getäuscht. Und
1855 2586 3118 2660 Nobitz S=A. Thomfen, Dir., aus Lehrte. Dr. Scheel, Stabsarzt,
2327 2631 3124 2698 Hospiz der Berliner Stadtmission:
598 2631 1865 2705 was der Verfasser an Witz mühsam für sein Stück zusammen¬
1858 2654 2241 2711 aus Brandenburg.
1863 2666 3114 2746 Zielke, Erster Bürgermstr., aus Stolp i. P. Albrecht, Just.=Rat. aus
602 2668 1863 2750 gesucht hatte, das wurde von den Darstellern in geschickter
1854 2704 3121 2792 Ueckermünde. Zielke, staatl. Gutsverwalter, aus Grabitz. Prüschenk
596 2721 1860 2807 Weise übergangen und unterdrückt. Sogar Herr Bonn als
3117 2722 3205 2797 99
2170 2755 2275 2797 711
1861 2755 3109 2824 v. Lindenhofen, M. d. R., aus Liebenwerda. Kritzinger, Superint.,
602 2757 1865 2837 Darsteller befand sich in Verlegenheit dem Stücke, dem
1852 2794 3038 2876 aus Wustermark. Dr. Göbel, Oberbürgermstr., aus Heilbronn.
3108 2812 3204 2876 bes
613 2807 1870 2879 Publikum und nicht zum wenigsten seiner Partnerin, Frau
601 2822 3119 2940 Vonn, gegenüber, die als Annemarie wieder einmal Hotel Windfor: Bunnemann, Oberbürgermstr., aus Bielefeld.
3121 2854 3214 2911 Ve¬
1869 2872 3119 2934 Graf Lamsdorff, Rgb. v. Stryk, Rgb., beide aus Kurland. v. Damm,
614 2900 1870 2983 mit ihren zaghaft ungeschickten Gesten und jedem
1863 2902 3129 2990 Rechtsanwalt, aus Wolfenbüttel. Graf v. der Schulenburg, Rittmstr.,
1040 2937 1860 3003 sagte; ohne sprechen zu können,
1865 2947 3128 3018 aus Weimar. Wieland, Bürgermstr., aus Heidelberg. Baron Klot¬
610 2960 970 3024 Worte, das
3110 2981 3208 3041 hes
1872 2974 3128 3055 Trantvetter, aus Sundhof. v. Randow, Rittmeister, aus Langensalza.
616 2964 1865 3053 bewies, daß sie selbst auf diese Bühne nicht gehört. Das
3134 3019 3207 3068 als
1871 3005 3134 3093 Baron Ungern=Sternberg, v. Helmersen, v. Pander, sämtlich Guts¬
606 3029 1843 3088 Machwerk kam dem ehrlichen Teile des Publikums so
3125 3059 3220 3126 eis
1876 3060 3130 3131 besitzer aus Rußland. Graf Medem, Gutsbes., aus Remten. Baron
601 3057 1874 3151 beispiellos dumm vor, — daß es ironisch klatschte und dem
2559 3098 3135 3167 Alliance=Hotel: Pollmann,
1867 3111 2514 3184 Fircks, Gutsbes., aus Gr. Wirben.
613 3111 1867 3204 dadurch hervorgelockten Antor seinen Hohn ins Gesicht lachte.
1868 3137 3136 3210 Erster Bürgermstr., aus Kattowitz. Woltersdorf, Ref., Spinzig,
728 3160 1865 3234 Das vorher aufgeführte Coppésche Drama „Der
2538 3166 3212 3241 Hotel Westfälischer Hof: ve
1870 3196 2490 3254 Affessor, beide aus Klanstal.
600 3200 1864 3270 Geigenmacher von Cremona“ gab Herrn Vonn in der
1874 3211 3213 3295 Sonnenberg, Bürgermstr., aus Meyenburg. Berg, Bürgermstr. a. D.,] be
611 3250 1869 3324 Gestalt des verkannten edelmütigen Filippo eine Rolle nach
1866 3256 3205 3322 aus Bremen. Dr. Caesar, Rgb., aus Rothenhoff. Hauptmann Tretz=Re
599 3285 1865 3372 seinem Geschmack und die Gelegenheit, sich als Meister im
1866 3291 3198 3360 dorff, Rgb., aus Zohlow. v. Grotthuß, Rab., aus Pampeln. Graf! un
1579 3328 1844 3399 F. Th. M.
1828 3337 3229 3413 1 Kayserling, Rgb., aus Kurland. Stahn, Bürgermstr., aus Nienburg. 1 UI
610 3352 1104 3435 Violinspiel zu zeigen.
