3484 4352
1302 252 1743 383 box 25/1
634 300 746 364 S C
232 279 1209 413 20. Zu1Insbiel
887 927 1014 1013 544
890 969 2611 1088 wärmer geworden und sie feiert Triumphe in Berlin. Es geht in der Zeitung die Rede,
899 1067 2619 1173 daß sie sich mit dem Fürsten Sigismund verheiraten wolle, was Amadeus, wenn es wahr
897 1123 2621 1200 wäre, als eine Entweihung des edelsten Verhältnisses, das zwischen den Kameraden
901 1196 2617 1256 besteht, empfinden würde. Eifersüchtig, man kann es nicht anders nennen, beobachtet er
908 1237 2619 1338 auch den Eindruck, den der berühmte Tenor in Berlin auf sie gemacht hat. Er will sie
910 1294 2623 1389 nicht an die Berliner Oper ziehen lassen; sie soll warten bis zum herbst, wo auch er
907 1347 2610 1451 frei ist und mit ihr gemeinschaftlich übersiedeln kann. Aber er findet in der Zurück¬
893 1404 2626 1496 gekehrten eine ganz andere, als die er hat gehen sehen. In der stolzen, ruhigen und
898 1478 2630 1563 guten Frau ist etwas erwacht, was sie als ein Fremdes über Leib und Seele gleiten
897 1529 2626 1625 fühlt. Ihre Stimme hat einen andern Klang, aus ihren Augen leuchtet ein feuriger
907 1586 2625 1671 Glanz und sie fühlt sich so wenig mehr als die herrin ihres Blutes und ihrer Sinne,
900 1639 2630 1732 daß sie sich selbst als Opfer eines Verführers denken könnte. Und dieser Verführer steht in
907 1711 2619 1787 dem Kameraden, dem früheren Gatten, vor ihr! Amadeus findet sie schöner als je, mehr
898 1766 2625 1840 geschaffen zu beglücken als je! Nicht mehr Kamerad und Gatte, ihr Geliebter will er sein
901 1823 2633 1906 und sein eheliches Recht als ein Abenteuer genießen. Und obwohl sie ihn warnt, daß es
905 1876 2636 1961 kein gefährlicheres geben könne, besteht er dieses Abenteuer, überrumpelt er ihre Sinne.
1005 1968 2633 2042 „Da habt ihr, was ihr wollt!“ hat wohl mancher Zuschauer nach dem Fallen des
900 2010 2633 2084 Vorhanges im zweiten Akte mit Shakespeare gesagt. Dieser Cäcilie, die ihren sie an¬
904 2087 2624 2139 betenden Mann so wenig zu fesseln wußte, scheint es doch auch an Temperament gefehlt zu
919 2127 2632 2209 haben — und das bringt sie nun von der Reise in der Stärke mit, wie sie der Liebhaber¬
917 2198 2633 2263 Gatte selber nicht besser wünschen kann. Und er sucht die Abenteuer nicht mehr außer
918 2246 2643 2337 dem hause, sondern in dem hause, bei der Frau, die er nie aufgehört hat zu verehren
922 2297 2636 2394 und die nun auch mächtig auf seine Sinne wirkt. So scheint dem Zuschauer die volle Ehe erst
918 2361 2647 2467 jetzt hergestellt. Aber der Dichter führt uns auf ganz andere Wege, die dicht an Ibsens
920 2439 1415 2522 „Nora“ vorüberführen.
999 2449 2639 2554 Amadeus, der sich die Sache ebenso vorstellt wie die Zuschauer, wird von der heftigsten
913 2541 2640 2621 Eifersucht gequält. Er fühlt sich wieder ganz im Recht des Gatten und will sich mit dem
909 2589 2640 2663 Fürsten Sigismund schlagen, weil er das Verhältnis mit seiner Frau für unehrbar hält.
921 2657 2636 2744 Ich gestehe, daß ich dieses Motiv für sehr unglücklich halte und ebenso wenig verstehe
923 2706 2642 2798 als der einfache Albertus. Der Fürst hat mit Cäcilie im Speisewagen des Expreßzuges
927 2774 2633 2856 mitten unter den andern Reisenden gespeist; er hat sie auf zwei Stunden in der Sommer¬
931 2824 2634 2917 frische besucht; es heißt, daß er sie heiraten wolle — ich finde in alledem nichts Kom¬
917 2892 2639 2972 promittierendes für eine Sängerin, auch wenn sie ihr Gatte nicht freigegeben hätte.
922 2940 2650 3025 Cäcilie hat dem Kameraden in der verflossenen Nacht mit einer Offenheit und Aufrichtigkeit,
928 3005 2648 3104 die man einer Frau nicht leicht zutrauen dürfte, die geheimsten Wallungen ihres Blutes
933 3070 2653 3151 gebeichtet, ohne einen Zweifel darüber zu lassen, daß sie sich noch keines Fehltrittes schuldig
937 3125 2653 3203 weiß. Ich finde kein Wort für die niedrige Seele dieses Amadeus, wenn er nach diesem
927 3181 2645 3275 Bekenntnis und nach dieser Nacht an ihrer Reinheit zweifeln kann; und ich würde es
938 3235 2649 3319 nur in der Ordnung finden, wenn Cäcilie, nachdem sie von dieser Uiedertracht erfahren
935 3300 2655 3399 hat, daraus die Veranlassung nähme, die „Nora“ zu spielen. Mir ist aber auch die
931 3364 2210 3447 folgende Szene mit dem Fürsten selbst vollkommen unverständlich.
1020 3421 2639 3505 Es ist ja wohl schon dagewesen, daß ein Freier bei der Mutter um die hand eines
933 3475 2655 3553 Mädchens angehalten hat, ohne sich vorher mit der Tochter zu verständigen; daß aber
937 3534 2661 3626 ein Mann aus der vornehmen Gesellschaft von dem ihm befreundeten Gatten verlangt,
