3484 4384
261 205 1779 313 20. Zuischenspiel box 25/1
482 974 870 1073 Telephon 12901.
667 1053 1366 1188 „OBSERVER‘
477 1154 1599 1258 I österr. behördl. konz. Unterhehmen für Zeitunge-Ausschaltte
665 1232 1421 1328 Wien, I., Concordiaplatz 4.
886 1298 1208 1367 Vertreiungen
479 1350 1609 1409 in Berlin, Budapest, Chicägo, Christiänia, Genf, Kopenhagen,
470 1403 1605 1450 London, Madrid, Mailand, Minneapolis, New-York, Paris, Rom.
652 1439 1425 1507 (San Feanciade, Stockholm, St. Pôterdburg.
842 1481 1259 1534 (Quolienangabe ohne Gewähr.)
883 1513 1570 1625 Die Wespen, Wien
473 1553 888 1633 Ausschnitt aus:
477 1632 1171 1753 vom; 18 Ukluben 1305
1226 1707 1428 1783 S0-
684 1813 1324 1923 Theater-Wespen.
1074 1986 1145 2131 9
1007 2058 1140 2136 —
659 2189 883 2276 RIN
1002 2260 1169 2360 8
1338 2331 1413 2384 0
1303 2353 1398 2404 3.1
1033 2355 1071 2400 4
1086 2330 1240 2416 8
940 2396 992 2427 4.
580 2391 1158 2460 n #egeerer emchegugeeherragunge  err gmswriht
563 2433 812 2500 P
496 2560 1554 2637 Herr Schnitzler hat sich mit dem Burgtheater
384 2620 1557 2683 ausgesöhnt, aber mit dem Publikum zerworfen. Das
389 2681 1554 2744 sind Tatsachen, die sich an die Ausführung seiner Ho¬
389 2735 1557 2818 mödie „Ein Zwischenspiel“ knüpfen. Und noch eine
386 2795 1561 2869 weitere Betrachtung könnte den verunglückten Dremieren¬
396 2850 1559 2926 abend am Franzensring begleiten, nämlich: daß jemand
387 2927 1553 2992 die ärgsten Dummheiten begeht, wenn er zu gescheit sein
392 2969 1559 3050 will. 0, über diese Probleindichter, die vor lauter
385 3021 1563 3110 Uebergeistreichelei zu Parodisten ihrer selbst werden.
387 3100 1551 3163 So geht es allen, wenn sie sich ein unmögliches Kunst¬
388 3136 1550 3216 gebilde aufstellen und mit allem Naffinement daran
388 3208 1570 3271 herum — schnitzlern. Dielleicht begegnen wir diesem
391 3271 1562 3345 Trübsal blasenden Kapellmeister, der mit seiner eigenen
384 3328 1551 3414 Gattin Ehebruch treibt, in der lustigen Beleuchtung der
394 3379 1552 3450 „Budapester“ mit Ulavierbegleitung und ungeniert
387 3449 1557 3517 nach außen getragenen Zoten. Dann w#rd es wenigstens
380 3500 1550 3570 im Lebemännerauditorium etwas zu lachen geben. Daß
390 3572 1556 3642 er im Burgtheater nicht ausgelacht wurde, ist lediglich
387 3612 1553 3699 Verdienst des Meisterspielers Kainz und des ge¬
391 3674 1565 3760 schmeidigen Korff, die zwischenspielende Lotte Witt;
375 3739 1558 3830 konnte bei diesem Rennen der künstlerischen FFortschritts¬
377 3801 1126 3871 beine nicht gleichen Schritt halten.
1911 1587 2103 1641 Telephon
1910 1619 1978 1669 —
2056 1598 2279 1686 12891.
2079 1681 2774 1800 „OBSERVER‘
1871 1781 3001 1879 I österr. behörd!. konz. Unternehmen für Zeilungs-Ausschnitte
2078 1844 2818 1932 Wien, I., Conoordiaplatz 4.
2289 1904 2610 1980 Verfretungen
1884 1947 2991 2019 In Berlin, Budapest, Chicago, Christiania, Genf, Kopenhagen.
1879 2014 2990 2067 London, Madrid, Mailand, Minneapolis, New-York, Paris, Rom,
2059 2055 2829 2125 San Francisco, Stockholm, St. Petersburg.
2230 2084 2660 2159 (Gsellenangsbe ahne Gewähr.)
1879 2150 2923 2270 Ausschnitt, ##geshote aus Mähren u. Schlesien
2312 2221 2672 2299 205 Brünn.
1882 2263 2035 2318 vom:
2033 2258 2692 2387 heiter und=Kunk.
1848 2363 2944 2438 Von fremden Bühnen. In der verflossenen Woche fand
1754 2425 2936 2467 im Wiener Burgtheater die erste Aufführung eines neuen drei¬
1755 2462 2988 2531 aktigen Stückes Artur. Schnitzlers, der seit dem bekannten Kon¬#
1756 2508 2991 2565 klikt durch Jahre an der Horouhne nicht gespielt wurde, unter ###
1756 2561 2957 2605 Zeichen starker, nur zum Schlusse durch einigen Widerspruch ge¬
1761 2577 2984 2641 trübter Stimmung statt. Schnitzlers „Zwischenspiel“, das #
1762 2627 2993 2673 sich Komödie nennt und harmlosen Theaterwirkungen diskret aus z.
1771 2663 2981 2725 dem Wege geht, spielt in Wiener, Musikerkreisen und behandeltss
1760 2697 2980 2755 ein Eheproblem in psychologischer, sehr subtiler, stellenweise wohl
1769 2748 2985 2800 langatmiger und überglühter, von Ibsen allzusehr üverhauchterss
1760 2779 2996 2831 Weise. Schnitzler wurde nach jedem Akte wiederholt gerufen. Die s¬
1768 2828 2971 2892 Darstellung war besonders durch Herrn Kainz und Fräulein F
1759 2862 2934 2913 Witt eine glänzende. —Aus Linz wird geschrieben: Der
1759 2896 2949 2957 Landesausschuß hat denVertrag mit der Theaterdirektion
1756 2939 2949 3016 Schramm und Wallner gekündigt. Diese Direktoren hatten seit
