3532 4096
1357 112 1802 202 box 25//6
280 141 1182 239 20. Zwischens1—
1119 294 2096 351 getroffen. Seine Heimar i edensaus Eurameriia
191 298 1052 381 sie Verhältnisse anders. Unser Heeres¬
1108 329 2182 395 lebhaft ichweselgelb gefärbte Vogel hat eine safrangelbe Stirn,
187 357 1066 419 rdert eine vermehrte Erzeugung von Faserstoffen,
1115 371 2174 419 von welchem Merkmal sein Name abzuleiten ist. Auch der
188 397 1060 460 sorgung der Bevölkerung einen stärkeren Anbau
1109 424 2182 461 Safranfink gehört zu den Sel enheiten des Vogelhandels,
191 453 1072 495 Pflanzen, die Erhaltung unseres Viehbestandes
1108 464 2178 501 weshalb die Ankunft die er beiden schönen Vögel manchen
205 472 1081 532 erhohte Gewinnung eines fett= und eiweiß¬
1104 492 2178 539 Vogelliebhaber interessieren dürfte. G'schenkt wurden: zwei
187 522 1078 577 ttermittels, wie es der Leinsame bietet. Alle
1113 524 2186 589 Wellensittiche (Frau Tenhalff), ein Bläßhuhn (Herren Nadge
196 549 1067 612 rungen erfüllt in hohem Maße der Flachs. Für
1119 563 2180 624 und Neffen). Am So#ntag beträgt der Entrutspreis zum
197 587 1066 658 gend eignet sich der Schließflachs, nicht der
1107 608 2006 670 Garten die Person 30 Pfg., für Kinder die Häfte.
190 634 1065 698 , am besten zum Anbau. Der Flachs bevorzugt
1167 640 2179 720 * Der Borgfelder Bürgerverein tagie im Borgfelder Ge¬
189 668 1072 720 keiteren, unkrautfreien Mittelboden. Eine gute
1123 695 2192 750 sellschaftshause. Herr Kiene überreichte Herrn Paul Schmidt
197 706 1078 764 bilden Kartoffeln, Steckrüben oder Klee. Die
1451 738 1482 767 —
1119 733 2188 784 das Zeichen für =5jährige Mitgliedschaft. Nun gab Herr
194 745 1066 811 folgt Ansang bis Ende April am besten mit
1122 784 2175 829 Ad. Petersen den Bericht aus dem Zentralausschuß. Den
191 773 1074 844 aschine, wobei Saatgut gespart und der Same
1120 816 2180 862 Jahresbericht für 1916 verlas Herr Hansmann. Ihm und
211 826 1067 892 in die Erde gebracht wird. Zur Erntezeit wird
1124 849 2180 905 dem Kassierer Herrn Rosenbrook dankte die Versammlung
205 857 1073 915 aufgezogen, zum Trocknen auf den Erdboden
1124 936 2176 1007 ganzen Stück, das eine vollkommene Einheit ist, nach
196 948 1060 1013 ner Depesche ist nichts zu sehen, noch zu hören;
1123 1007 2186 1037 allen Seiten des menschlichen Eheleids bewegt und schließ¬
193 995 1063 1047 Leien wir einfach in Vergessenheit geraten. All¬
1116 1036 2190 1077 lich mit folgerichtig durchschnittenen Drähten zu Zoden
197 1040 1066 1090 Aten sich trübe Ahnungen ein. Sollten wir et¬
1121 1064 2189 1130 gelegt. Das Stück spielt mit seinen zwei Menschen, bis sie
199 1071 1070 1123 #re an Bord haben oder womöglich gar den oder
1117 1120 2191 1162 im äußersten Augenblick — ganz außer sich geraten, wie
206 1112 1069 1173 n, um dessentwillen wir nun hier wochenlang
1114 1140 2181 1200 zerfaserie Puppen — erstaunt zu begreifen suchen, daß sie
200 1153 1078 1211 ten? Oder sollten sie etwa doch die Geschäfts¬
1122 1181 2187 1235 als übermenschlich kluge Geschöpfe fast kindlich verspielt
211 1196 1074 1247 eckt haben, die ich unter die Badewanne ge¬
1120 1214 2188 1273 haben. Das Stück spielt zugleich mit den feinsten Grenzen
207 1227 1073 1282 e? Man sieht argwöhnisch um sich und traut
1120 1260 2192 1306 der Kunst, mit den zartesten Wundern der Psychologie
224 1264 1074 1336 einem jeden zu, daß er womöglich auf irgend
1120 1300 2186 1354 und mit den schönferischen Lannen seines Dichters.
204 1317 575 1375 zen Liste steht
1125 1353 2190 1392 Es spielt sogar mit den Zuschauern. Ja, es spielt auch mit
227 1339 1068 1406 )geht die Depesche in einem Augenblick ein,
1124 1390 2184 1434 dem Spielleiter und in einem gewissen Sinne mit den
210 1392 1068 1447 überhaupt kaum mehr erwartet. Irgendwo im
2092 1409 2195 1466 Hut
1126 1422 2092 1467 Schauspielern. Somit müssen alle Beteiligten auf der
214 1425 1071 1494 r beginnt es plötzlich zu klingeln, die Maschinen
1126 1456 2195 1524 sein, daß sie nicht insgesamt (den vorantänzelnden zwei
206 1475 1079 1517 nurch das ganze Schiff läuft es wie ein ner¬
1136 1497 1935 1564 Menschen gleich) zu schlechter Letzt verspielen.
396 1505 1076 1571 wir fahren! Die Schiffskapelle in¬
208 1519 397 1570 n— —
1186 1536 2184 1601 „Ich habe mich stets für einen nahen Verwandten des
239 1538 1066 1607 amerikanische Nationalhymne, als wir am
1120 1579 2197 1625 Hanswursts gehalten", läßt Arthur Schnstzler den
210 1581 1076 1647 orbeikommen und schneller und schneller in das
1133 1618 2187 1668 dramatischen Dichter Albertus Rhon erklären. Da kommt
215 1618 1076 1679 #r hinausfliegen. An diesem Abend erschienen
1128 1657 2190 1709 der Goethesche Hanswurst, der dem Lear=Narren nicht sern
224 1660 1083 1721 esgrämigsten Seekranken mit strahlender Miene
1127 1696 2189 1756 steht, zu seinem allgemein menschlichen Recht. Er wird zu
221 1701 1084 1765 Salon zum Ball, und die Abstinenzler schrien
1135 1744 2195 1788 einem Opfer seiner Imaginatsonen. Balanziert die
231 1743 1082 1804 uvor, daß es eine moralische Verworfenheit sei,
1128 1776 2200 1831 schlüpfrigsten Rätsel des Seesenlebens wie Pfauen¬
230 1776 1079 1834 welcher Form auch, zu sich zu nehmen ... Ein
1128 1819 2202 1875 federn auf der Clown=Stirn. Foppt uns, muß
234 1835 1085 1896 uf seine Weise wieder einig mit sich und zu¬
1134 1872 2188 1907 uns foppen, weil er von seinen eigenen Trieben gefoppt wird.
1123 1893 2189 1944 Zeigt, daß wir vom Lehen genarrt werden, weil wir es immer
246 1896 1068 1948 Kinkwall eigentlich nur von der „friedlichen“
1125 1936 2192 1983 wieder aus unseren vermeintlich tahren und doch so falschen
237 1935 1088 1997 ildern versucht, dabei ist es bis jetzt der eigent¬
1142 1970 2203 2023 Instinkten heraus zum Narren halten. Oder: daß das Leben uns
223 1977 1092 2032 punkt in dem heißen Ringen um die Beyerr¬
1130 2009 2210 2067 selber zum Spielzeug macht, weil wir aus unseren vermeintlich
229 2012 1081 2069 Meere gewesen, das nun in ein noch erbitter¬
1131 2052 2196 2104 echten und doch so verlogenen Gefühlen heraus mit dem Leben
225 2052 1087 2107 um eingetreten ist. Das Meer um Kirkwall
1132 2087 2218 2142 spielen müssen. Und: daß wir gespielt werden, wo wit
242 2103 1086 2149 riesigen Friedhof der Schiffe geworden, so we¬
1129 2134 2203 2184 zu spielen glaubten, bis wir am Ende — verspielt und ver¬
226 2143 1080 2183 onunter Umstanden der einer Fährt über den
1136 2156 2203 2211 tan — wie ein abgelegter Hauswurst in das letzte Schubfach
243 2177 1078 2223 sehen mag. Gewiß, hier und da treibt eine
1144 2200 2202 2258 geraten und einer Auferstehung, die nie kommen kann, trost¬
235 2207 1084 2257 Mine vorüber, oder Wrackstücke schwimmen vor¬
1137 2248 1518 2313 los entgegenharren.
243 2247 1080 2298 chwinden irgendwo im Quirlen des Kielwassers,
244 2290 1092 2350 es ist eigentlich nicht die Hauptsaché, sondern
1180 2281 2192 2337 Solches geschieht mit den zwei Menschen. Beide glaubten:
232 2325 1090 2377 ch in der Kajüte des Telegraphisten ab, der
1131 2334 2197 2385 wahr zu sein. Gelobten einander: stets ehrlich zu bleiben
235 2367 1090 2415 dlich irgend eine Weisung oder Anfrage von
1145 2366 2202 2419 in ihren Empfindungen und Aeußerungen. Denn beide
228 2403 1082 2456 Englischen Kriegsschiffe erhält. Oder mitten in
1141 2403 2203 2465 fühlten sich als komplizierte Ausnahmenatuen. Aber
237 2444 1085 2491 klitzen plötzlich Lichtsignale auf und ein paar
1139 2441 2206 2500 beide sind doch nur (wie es bei Goethe heißt) ein Spiel
247 2488 1080 2540 elröcke steigen an Bord und verlangen in
1145 2495 2197 2537 von jedem Druck der Luft. Beide werden von wesens¬
252 2517 1088 2572 ie die Schiffspapiere zu sehen, während sie
1141 2527 2203 2584 fremden Elementen gekapert. Er von einer erotischen
246 2570 1088 2629 en mit den Amerikanerinnen in Balltoilette
1150 2556 2202 2621 Gräfin. Sie von einem galanten Fürsten. Beide ge¬
2123 2600 2197 2642 Er
1144 2606 2088 2660 raten in ungewohnte Daseinsformen hinein.
2093 2633 2208 2686 einer
247 2620 1086 2684 nter diesen Umständen nicht weiter verwunder¬
1143 2648 2081 2693 wird zu einem kseinen Hjalmar. Sie wird zu
2090 2676 2213 2725 Ver¬
245 2683 1084 2740 n jeder Kapitän heutzutage seinen Ehrgeiz dar¬
1144 2688 2074 2736 winzigen Nora. Beide glauben so zu wachsen.
251 2732 1092 2769 dwie an Kirkwall vorüberzuschlüpfen, und zwar
1148 2714 2214 2769 puppen sich aber im Grunde nar zu marionetkenhaften
247 2759 1086 2808 wegen der Scherereien und der Zeitversäumnis,
1144 2757 2214 2813 Figürchen. Gelangweilt von diesen unehelichen Irrungen,
266 2797 1084 2845 allem auch, weil einem jeden Kapitän die
1145 2812 2213 2848 treffen sie dann wieder auf einander. An der nämlichen
248 2841 1099 2893 ns Gesicht steigt, wenn er auf seiner eigenen
1150 2843 2204 2890 Stelle, da sie sich im ersten Alt ihrer geschlechtskalten
253 2866 1095 2943 frücke den Befehlen eines anderen gehorchen
1147 2869 2215 2935 Kameradschaft versichert haben, versichern sie sich im
2094 2908 2214 2962 Das
1158 2906 2094 2969 zweiten Akt ihrer geschlechtsheißen Leidenschaft.
262 2935 503 3004 e noch —??
1154 2947 2211 3014 Puppenspiel nimmt einen geistreich geführten Parallelis¬
260 2987 866 3051 ste Zukunft schon wird es lehren.
1145 3001 2206 3048 mus an... Aber der nächste Morgen, der mit dem
1140 3041 2209 3080 dritten Akt anhebt, bringt die naturgemäße Ernüchterung.
261 3037 1046 3098 (Deutsch von Werner Peter Larsen.)
1141 3068 2208 3118 Die scheinbar erkünstelte Epffode des Wiederfindens
480 3077 690 3142 EIPPEA
1145 3107 2208 3158 wird zur scheinbar natürlichen Katastrophe des Wieder¬
1153 3146 2210 3198 entschwindens. Die Versöhnung ist ein Abschied. Zwei
276 3142 885 3224 Deutsches Schau pielhaus.
1154 3180 2212 3239 Menschen verscherzen sich an der gleichen Stelle zum dritten
273 3212 1058 3289 Szene gesetzt: Zwischenspiel von Schnitzler.
1150 3220 2212 3276 und letzten Male ihr Glück, weil sie auch im hittersten
1146 3266 2224 3312 Augenblick des Schicksals aus einem diabolischis Zwang
258 3253 1109 3313 schenspiel und ein Zwei=Menschen=Spiel. Auch
1154 3307 2212 3363 heraus von ihrem unbewußten Lebensspieltrieb nicht lassen
275 3315 1109 3367 z sozwsagen. Aber ein Tanz Lebendig=Toter, die
1158 3341 1978 3401 können und darum endgültig verspielt werden.
275 3356 1104 3398 nitzler über Strindberg nach Goethes Puppen¬
1207 3384 2218 3435 Diese Komödie- ist also wie der Schatten eines Vogels
270 3392 1101 3449 prücksehnen. Also: Zwei Menschen, die (wie
1155 3416 2219 3475 im Flug. Ihre tiefste Weisheit geht auf Konsutses heute
281 3429 1103 3489 mit dem Leben spielen. Sie bewegen das
1099 3457 2220 3520 I noch zeitgemäße Menschen= und Lebens=Erkenntis zurück. An
306 3472 1098 3532 Oder vielmehr: sie werden von diesem
330 3600 775 3696 e TO
330 3839 875 3993 #1# ##/1.
2399 341 3097 453 Hafen und Schiffahrt.
2268 440 3297 499 0 Eisschaden. Im Hansahafen büt; gestern der auf¬
2231 483 3293 546 kommende Dampfer Jesticau im Eise einen Anker mit
2230 522 3296 601 15=Fadenkette ein. Ein Taucher ist mit dem auffischen be¬
2226 579 2503 627 traut worden.
2319 575 3283 653 ) Vertriebenes Boot In Köhlbrand wurde eine, im
2227 640 3294 698 Eise treibende Plattgattjolle geborgen, und am Strandamt
2227 690 2646 740 in Harburg abgebieiert.
2314 691 3291 775 Unglücke fall. Bei dem Bin der neuen Elbbrücke
2237 744 3287 816 stürzeeer Arbeiter A. Wiorzto von einem Gerüst ab und
2241 798 3286 857 erlitt einen Bruch des linken Fußes. Er fand Aufnahme
2238 847 2791 896 im Krankenhaus in Si. Georg.
2232 940 3291 991 chinesische Schattenspiele erinnert sie. Ja, man könnte sie
2233 979 3297 1036 als modernstes und feelisch intimstes Schattenspiel der Welt¬
2237 1007 3288 1070 literatur einschätzen. „Was weiß ein Menich vom andern
2230 1065 3294 1108 scheint sie mit Goethe (der ja für „Chinoiserien“ einen
2238 1085 3303 1146 besonderen Sinn hatte) insgeheim auszurufen. Was weiß der
2229 1125 3294 1182 Mensch von sich selbst! Das Leben wirft nur den starren Schatten
2234 1175 3297 1220 der flüchtigen Dinge und Schicksale an die ewig ieststehende
2238 1203 3295 1266 Wand. Der stumme Schatten ist das einzig Reale. Aber
2238 1240 3303 1301 Gefühle, Ideen, Vorsätze sind tragische Possen. Und Worte
2239 1283 2943 1349 werden zu einer „Komödie der Worte“.
2290 1299 3303 1370 Also: Ganz im Schaitenspiel=Eharakter ist diese Komödie
2236 1358 3309 1426 gehalten. Absichtlich reißt ihr mathematisch strenger Aufbau
2235 1398 3304 1458 wiederholt aus der Illusion. Von Zeit zu Zeit greift der
2242 1437 3314 1493 Dichter persönlich durch den Mund einer stellvertretenden
2232 1490 3311 1536 Puppo oder durch fingierte Monologe unmittelbar in das Spiel
2232 1515 3322 1584 hinein. Und nebenher schiebt er zwischen die Leidenschaften der
2250 1554 3303 1611 Großen ein kluges, kleines Kind, das mit beiden Handchen
2249 1592 3309 1655 symbolische Kasperlefiguren herbeischleppt und ahnungslos
2244 1653 3178 1705 den so kläglich Erwachsenen parodistische Winka gibt.
2287 1668 3315 1729 An diesen bedeutsamen Winken geht Erich Ziegel (als
2233 1717 3328 1784 Spielleiter und Schauspieler) achtlos vorüder. Die stili¬
2240 1757 3312 1825 sierten Vorgänge, die schematischen Reden, die sinnreich be¬
2242 1806 3306 1857 schwerten Worte sagen ihm und seiner Frau Mirjam
2242 1836 3309 1907 Horwitz gar nichts. Er packt die Bühne mit störenden
2236 1873 3318 1943 Philister=Möbeln und einer spießbürgerlichen Riesenpalme
2240 1919 3313 1986 voll. Läßt das ganze Stück just so spielen, wie man vor
2243 1965 3311 2020 zwanzig Jahren etwa Sudermanns „Ehre“ oder Hirsch¬
2248 2006 3308 2069 felds „Mütter“ erledigt hat. Erweist sich dabei selber mit
2246 2052 3314 2093 seiner trockenen Manier als durchaus belangloser Dar¬
2243 2064 3325 2135 stoller.Und spricht den zwetstündigen Dialog (der zwischen
2241 2114 3328 2164 ihm und seiner Partnerin hin und her geht) nicht mit dieser
2252 2157 3309 2222 Figur sondern an dieser Figur vorbei. Man hat selten,
2253 2207 3308 2253 sehr selten im Deutschen Schauspielhaus ein so gründlich
2245 2252 3312 2301 verfehltes Komödienspiel zum Besten gegeben. Peinliche
2250 2273 3304 2349 Fehlbesetzungen (neben Erich Ziegel und Mirjam Horwi##
2252 2315 3317 2382 auch Anna Westhoven und Konrad Gebhandt, die schon vor
2250 2356 3316 2414 zehn Jahren in diesen widerstrebenden Rollen versagt
2250 2393 3313 2448 haben) greifen verhängnisvoll ein. Nur Hermann Wlach
2257 2434 3313 2495 als wortführender Deuter und Paula Silten als verlockende
2262 2473 3316 2529 Gräfin bringen kunstwürdige Eindrücke. Hermann Wlach
2257 2520 3325 2573 fungiert geradezu als Reiter des Abends. Und man kann
2253 2551 3325 2605 das Deutsche Schauspielhaus zu diesem seltsam erstarkten
2263 2594 2935 2671 Meister von Herzen beglückwünschen.
2860 2615 3268 2698 Anton Lindner.
2415 2735 3158 2845 Kunst und Wissenschaft.
2358 2834 3327 2896 Kleine Rundschau. Das Deutsche Theater
2248 2891 3322 2945 wird, einer Einladung des kaiserlichen Generalgouverne¬
2266 2918 3320 2980 ments in Bukarest folgend, im April ein zehntägiges Ge¬
2271 2958 3330 3027 samtgastspiel im Bukarester Nationaltheater ver¬
2258 3013 2452 3064 anstalten.
2302 3024 3326 3097 Der Bund deutscher Gelehrter und Künsiler hat Frei¬
2259 3085 3319 3142 herrn Georg v. Ompteda, der an der Sommeschlacht
2258 3125 3329 3173 teilnahm, gebeten, im großen Saal der Berliner Phil¬
2262 3156 3325 3210 harmonie über diese Eindrücke vorzutragen. Ompteda wird
2266 3197 3331 3255 in seiner bekannten spannenden Art ein Gesamtbild der
2268 3245 2839 3305 größten aller Schlachten geben.
2314 3276 3327 3332 Ein seit langer Zeit an der Sommefront stehendes
2264 3331 3331 3373 Reservekorps gibt jetzt in einem Bande, der in dem
2620 3356 3335 3414 in Bapaume erscheint, die
2260 3362 2609 3422 Korpsverlag
2274 3392 3336 3449 Pastellporträts des De la Tou# heraus. Alle
2240 3451 3342 3504 diese Werke besitzt die Vaterstadt des Künstlers St.
