3532 4224
1306 94 1760 191 box 25/4
243 113 1149 205 20. Zuischensbiel
1143 455 1502 549 Telephon 12.501.
637 609 1340 716 „CLOERTER
447 685 1553 770 I. österr. behördl. konz. Unternehmen für Zeltungs-Ausschnltte
646 725 1384 825 Wien, I., Concordiaplatz 4.
861 800 1174 863 Vertretungen
455 825 1567 911 in Berlin, Basel, Budapest, Chicago, Cleveland, Christianla,
464 867 1559 945 Geni, Kopenhagen, London, Madrid, Mailand, Minneapolis,
465 921 1560 996 New-Vork, Paris, Rom, San Francisco, Stockholm, St. Peters¬
871 963 1169 1027 burg, Toronto.
789 1000 1245 1079 (Quellenaugabe ohae Gewähr.
472 1070 1431 1176 Ausschnistremdenblatt, Wier
769 1143 991 1218 A00. 1506
468 1183 675 1250 vom:
486 1225 1734 1298 „Im Hamburger Schauspielhause begemete die
334 1285 1735 1339 Premiere von Schnitzlers „Zwischenspiel“ lebhaftem Interesse.
333 1319 1747 1404 Die Aufführung unter=Baron Bergers feinsinniger Regie tat alles,
336 1370 1749 1450 um allen, die Verständnis für das Werk zeigten, einen vollkommenen
333 1404 1753 1484 Genuß zu bereiten. Unübertrefflich war Nelly Hönigswald als Cäcilie.
338 1447 1749 1530 Da war nicht eine Spur von Theaterspiel, da war alles blühendes,
347 1518 1748 1576 quellendes Leben. Den würdigsten Partner fand sie in Karl Wagner,
348 1533 1753 1622 der dem genialen Schwächling Amadeus Züge der Wahrheit lieh. Er gab
339 1572 1753 1664 den Kapellmeister mit der verträumten, zerflatterten Psyche ganz vor¬
340 1621 1761 1716 bildlich: lebenswarm als Figur, bedeutsam als Typus. Die großen
346 1666 1755 1747 Leistungen der beiden auch in Wien bestens bekannten Künstler wurden
338 1741 1087 1816 vom Publikum wärmstens gewürdigt.
346 1798 395 1851 2200
1179 2312 1541 2411 Telephon 12.301.
658 2469 1396 2591 „CDSENTER
493 2516 1591 2635 I. österr. behördi konz. Unternehmen für Zeitungs-Ausschaltte
694 2587 1430 2674 Wien, I., Concordiaplatz 4.
908 2658 1232 2729 Vertretungen
514 2675 1625 2791 in Berlin, Basel, Budapest, Chicago, Cleveland, Christiania,
522 2732 1624 2823 Genf, Kopenhagen, London, Madrid, Mailand, Minneapolis,
522 2767 1619 2888 New-Vörk, Paris, Rom, San Francisco, Stockholm, St. Peters¬
923 2829 1218 2893 burg, Toronto.
842 2864 1276 2947 (Quellenungabe ohne Gewähr.
849 2936 939 3007 aug
518 2954 933 3047 Ausschapne
941 2951 1550 3053 reie Prosse, Wien
837 3026 1013 3097 1906
532 3056 712 3124 vom:
1271 3066 1645 3158 Stuck lses—von
736 3070 1128 3155 M
459 3113 809 3174 OsrarEiseschig
810 3131 1636 3186 für die deutsche Bühne übersetzt. — Aus
458 3153 1637 3246 Hamburg wird uns berichtet: In Arthur Schniplers
468 3207 1636 3253 „Zwischenspiel“, das vor kurzem im Deutschen Schau¬
463 3253 1636 3318 spielhause mit großem Erfolge aufgeführt wurde, boten
464 3285 1632 3349 zwei Wiener Künstler, Fräulein Nelly Hönigsvald als
456 3329 1643 3397 Cäcilie und Herr Karl Wagner als Amadeus, vortreffliche,
456 3378 1636 3432 von der Kritit und dem Publikum mit größter Anerkennung
448 3415 1637 3495 gewürdigte Leistungen, die beiden Künstlern viele Ehren
457 3453 659 3523 brachten
2620 1242 2962 1341 Telephon 12.801.
2099 1385 2828 1505 „JDOERTER
1937 1435 3038 1554 I. österr. bebördl. konz. Unternehmen für Zeitungs-Ausschaltte
2124 1510 2869 1616 Wien, I., Concordiaplatz 4.
2336 1574 2647 1655 Vertretungen
1940 1593 3043 1712 In Berlin, Basel, Budapest, Chicago, Cleveland, Christiania,
1960 1657 3046 1738 Genf, Kopenhagen, London, Madrid, Mailand, Minneapolis,
1956 1690 3044 1803 New-Vork, Paris, Rom, San Francisco, Stockholm, St. Peters¬
2343 1752 2648 1811 burg, Toronto.
2265 1775 2724 1864 (Quellenangabe ohne Gewähr.)
2399 1845 3038 1941 Lener Extrablatt, Wien
1955 1862 2488 1986 Ausschnitt### ##
1969 1980 2142 2039 vom:
2166 2010 3001 2101 W eh Zwischeniozer¬
2010 2068 2991 2150 erzielte im DeutschenSchauspielhaus in Ham¬
2009 2104 3001 2190 burg einen ansehnlichen Erfolg. Inscenirung
2023 2150 2997 2231 und Darstellung finden in den dortigen Zeitungen
2019 2183 3005 2265 uneingeschränktes Lob. Ueber die beiden Haupt¬
2412 2223 3003 2282 „Frl. Hönigsvald war
2019 2246 2418 2313 darsteller lesen wir:
2028 2260 3007 2345 eine geradezu ibeale Verkörperung der Cäcilie. In
2018 2307 3008 2384 überzeugendster Charakteristik brachte sie die inter¬
2023 2340 3002 2415 essante pinchologische Entwicklung zur Anschauung.
2023 2383 2989 2451 Da sehlte es auch am Letzten und Feinsten nich
2030 2408 2994 2503 Und in Herrn Wagner hatte Frl. Hönigsvald
2030 2454 3002 2531 einen congenialen Gegenspieler, dem man den
2032 2496 3016 2582 sonderbaren Kau; Amadeus bis in's feinste Detail!
2023 2537 2709 2630 seiner seelischen Regungen alaubte.“
