3532 4128
1362 86 1807 181 box 25/6
300 116 1206 212 20. Zwischensniel
501 350 1670 445 OO Theater im Reich. Aus Frankfurt a. M. schreibt
424 413 1667 484 unser Korrespondent: Das Schauspielhaus hat Arthur Schnitz¬
430 453 1660 519 lers Komödie „Zwischenspiel“, die wir längst begraben und
435 488 1673 565 vergessen wähnten, in seinem Spielplan neu ausgenommen. Der Fall
433 543 1664 605 des Kapellmeisters Amadeus Adams und seiner singenden Gattin
434 574 1664 643 Cäcilie mutet uns heute fremd und völlig gleichgültig an. Auf die
440 620 1669 693 Aufführung unter Georg Lengbachs Spiekleitung war sichtlich
449 672 1664 736 Mühe verwendet worden. — Aus dem Verband des Leipziger
443 703 1675 784 Schauspielhauses sind Julius Donat und seine Gattin Paula
441 765 1673 819 Wirth ausgeschieden. — Die Leipziger Oper bringt in der kom¬
448 789 1680 861 menden Spielzeit als Erstaufführung „Die letzte Maske“ von
441 830 1680 899 Wilhelm Manke und „Eugen Onegin“ von Tschaikowsky. — Das
435 876 1680 951 Bautzener Stadttheater wird in der Spielzeit 1918/19 auch Opern
444 911 1688 1001 zur Aufführung bringen. Es wurden zu diesem Zwecke Mitglieder
436 958 1672 1033 der Dresdener Hosoper gewonnen. — Im königlichen Theater
444 1002 1827 1079 zu Hannover soll demnächst der alte Rambergsche Vorhang, der ##
441 1044 1671 1129 noch aus der Welfenzeit stammt, wieder aufgehängt werden. Durch
1679 1051 1795 1113 (5)
441 1079 1684 1159 den Brand, der im vergangenen Jahre im Theater ausbrach, wurde
433 1118 1681 1185 der neue, vom Kaiser geschenkte Vorhang vernichtet. Man behalf sich
446 1175 1683 1246 mit einem Ersatzvorhang, der künstlerisch wertlos ist. Inzwischen wurde
436 1230 1684 1287 das prachtvolle Werk Rambergs, das bereits in einem Museum unter¬
450 1254 1688 1336 gebracht worden war, wieder ans Licht gezogen und von dem Theater¬
443 1319 1004 1385 Maler Knauerhase renoviert.
495 1350 1685 1419 Theaterchronik. Die Komische Oper veranstaltet am nächsten
445 1394 1685 1455 Sonntag, nachmittag 3½ Uhr eine Sondervorstellung von „Schwarz¬
463 1442 1062 1512 waldmädel“ mit ersten Kräften.
488 1439 1670 1527 Das National=Theater beginnt seine Winterspielzeit am
477 1497 1685 1554 * September mit der Operettenneuheit „Prinzenliebe“ von Schätzler¬
465 1541 1679 1601 Perasini, Gesangstexte von Will Steinberg. Die Musik ist von Walter
464 1603 644 1651 Bromme.
507 1609 1687 1676 Im Walhalla=Theater werden die Aufführungen der Operette
454 1646 1543 1717 „Donauliebchen“ vom 30. August ab wieder ausgenommen.
491 1676 1679 1746 Käthe Dorsch wurde von Direktor Iran Kren vom Neuen
471 1705 1706 1782 Operettenhaus von neuem auf mehrere Jahre für sein Theater ver¬
450 1773 634 1836 pflichtet.
1492 2557 1561 2647 0
677 2657 1700 2780 Boersen-Courier, Berlin
1132 2849 1581 2973 „TAudle
735 2960 1643 3036 Holländisches Gastspiel der Hamburger
665 3024 1624 3079 Kammerspiele. Die Hamburger Kammerspiele
677 3060 1615 3118 eröffneten, unter der Leuung Erich Ziegels,
672 3102 1619 3161 Sonnabend, den 5. August in der König¬
676 3152 1620 3200 lichen Schauburg im Haag ein Gast¬
1307 3181 1623 3239 „Zwischen¬
1230 3187 1297 3245 4
681 3186 1086 3246 spiel mit Arthur
695 3200 1627 3293 spiel' dem am Sonlläß, dem 6. Jugust, als
692 3282 1585 3333 Uraufführung für Holland „Reigen folgte.
738 3295 1618 3377 Beide Aufführungen hatten bei Bublikum
681 3331 1626 3409 und Presse unwidersprochenen Erfolg. Die
673 3378 1632 3441 holländischen Zeitungen würdigen „Reigen“ nicht
679 3427 1623 3486 als stoffliche Sensation, sondern als Kunst um
677 3485 1624 3534 der Kunst willen. Dem Ensemble gehören u. a.
679 3510 1627 3575 anz die Damen Halicz, Horwitz, v. Mahr, sowie:
690 3557 1633 3615 Anpi Reiter und Mela Schwartz vom Neuen
686 3587 1622 3651 Theater in Frankfurt a. M., die Herren Beneken¬
685 3627 1595 3723 dorft, Fernau, Sondinger, Wesolowsky, Ziegel,
2294 1258 3008 1394 geote sennhahhresden
2193 1486 3093 1578 endarres asursenet Terrones aussenntrr-scae
2204 1556 3051 1643 BERLIN SO 16, RUNGESTRASSE 22-24
2145 1628 3139 1724 Stitltutänscheaentecthnstentachectsndtacgtntahstechtasceantactchtnchtaceuntchnshtactschertnachachtulg
2214 1789 3087 1905 Hamburger Nachrichten
2366 1900 3022 1998 Ausschnift aus der Nümmer“—
2156 1955 3115 2045 S vom: Morgen-Ausg., vom: Abend-Ausg.
2943 2029 3027 2110 Gulin
2473 2033 2681 2119 Hingung
2121 2046 2432 2125 Arihimmmmmmmmnminnan
2443 2228 2975 2326 Theater and Musik.
2089 2274 3337 2425 0 Die Hamburger Kammerspiele gastieren, wie wir erfahren,
2111 2322 3329 2453 zurzeit mit einem Teil ihrer Künstler in Holland. Sie haben
2119 2367 3343 2485 mit Schnitzlers „Zwisschenspiel“ im Haag begonnen und, nach
2115 2407 3328 2521 den dorligen retimmen zu urteilen, recht gut gefollen. Jotz¬
2116 2447 3333 2571 wollen sie den „Reigen aufführen, aber es scheint, daß die dor¬
2115 2475 3359 2610 tigen Behörden Schwierigkeiten machen. Unter den Mitwirkenden
2132 2524 3349 2649 befinden sich Direktor Ziegel, Mirjam Horwitz sowie die
2125 2589 3065 2710 Derren Beneckendorff und Sondinger.—
