3484 4352
991 233 2380 348 Von den Wiener Theatern 1905 06.
1639 327 1736 402 II.
979 375 2528 443 Lirektor Schleuther scheint den Dorwurf, daß er die Wiener Literatur heimatlos mache
842 469 2533 517 4% und nach Berlin vertreibe, endlich entkriften zu wollen. Schnitzler, Bahr, Schönherr
911 494 2536 562 2 rücken im Novitätenplan hintereinander auf, und es scheint fast, als würde die Kunst
842 561 2536 614 von den Wienern bestritten werden. indes das Geschäft von auswärts bezegen wird. Ich glaube
849 598 2532 668 aber, daß man sich im Burgtheater bald überzeuge wird, daß die Kunst auch ein Geschäft sein
849 653 2534 720 kann, und daß es durchaus nicht absolut notwemig ist, unliterarische Stücke zu gebe mn die
850 694 2537 756 Kassen zu füllen. Einstweilen nämlich macht Schntzlers „Zwischenspiel“*) ebenso sehr aus¬
836 759 2534 808 verkaufte Häuser wie Schönthans „Klein Dorrit“, Mich über dieses letztere Theaterstück zu
845 798 2530 862 äußern, enthebt mich gottlob der angenehme Umstand, daß darüber in diesen Blättern anläßlich
831 844 2529 897 der Dresdner Premiere bereits alles Nötige (VIII. Jahrgang. Heft 2, Dag. 85) gesagt wurde.
833 889 2527 957 Die Aufführung am Wiener Burgtheater war zu unserm Heile mehr im Geiste Dickens ge¬
838 950 2538 1013 halten, als im Sinne Schönthans. Thimig war als Dorrit sehr ergötzlich, wenngleich ich mir
835 990 2542 1041 diese Rolle von Hartmann noch ganz anders gespielt denken kann. Das Seigneuriale Hart¬
847 1043 2525 1104 manns geht Thimig völlig ab, und gerade der Kontrast zwischen der Würde, die Dorrit sich gibt,
838 1081 2540 1162 und die er hat, und dem Milien des Schuldgefängnisses, in dem er sich bewegt, ist die reichste
978 1162 1821 1247 *) Buchausgabe, Verlag S. Fischer, Berlin 005.
882 1260 2572 1351 Quelle der Komik im Roman wie im Stück. Dafür aber schwamm Thimig im letzten Akte, der
873 1328 2575 1403 unverfälschter Schönthan ist, im lustigsten Possenelement und man konnte viel und herzlich über
865 1392 2578 1448 ihn lachen. In diesem Akte kommt auch kein ganz kleines, sehr putziges Negerlein vor, das
866 1429 2573 1477 hinter der kleinen Dorrit, die nun ein millionenreiches Fräulein geworden ist, einhertrabt, den
875 1469 2584 1546 Parasol trägt, ganz wie das Negerlein im „Struwwelpeter“, und in unsagbar komischer Weise
877 1529 2582 1577 den Zplinderhut abnimmt. Wer über das Kerlchen nicht lacht, ist ein Griesgram, den man gar
877 1572 2586 1647 nicht ins Theater lassen sollte. Wenn ich Direktor wäre, ich hätte mir diesen Treffer nicht ent¬
874 1625 2585 1699 gehen lassen. Daß man aber drei Akte lang auf das Negerlein warten muß, ist bitter. Diese
880 1690 2573 1741 Wartezeit werde ich Schönthan lange nicht vergessen. Fran Rettp war als Alein Vorrit aller¬
881 1725 2583 1772 liebst. Mie Paganini auf einer Saite, so weiß sie mit einem Ton zu spielen. Aber er hat so
877 1770 2043 1843 üßen Klang, daß man sich manchmal sogar der Monotonie freut.
1007 1823 2582 1891 Ich muß Axtkur=Schnitzler um Entschuldigung bitten, daß ich sein Stück abermals in
887 1889 2581 1943 einem Atem mit Schönthans „#Vorrit“ nenne. Aber der Erfolg der beiden Werke bei der
870 1939 2583 2001 Premiere war sehr ähnlich. Das Publikum blieb beide Male unentschieden. Erst die späteren
884 1981 2586 2040 Aufführungen trugen die Signatur des Sieges. Es scheint also, daß es in Wien ebensoviel un¬
879 2026 2592 2083 literarische wie literarische Menschen gibt und daß beide Parteien einige Zeit brauchen, bis sie
876 2081 1476 2150 ihre eigene Meinung erkennen.
996 2122 2591 2196 Man hat in den letzten Tagen Schnitzler sehr oft den stärlsten Wiener Dramatiker genannt.
873 2174 2583 2234 Das ist er gewiß. Aber damit ist noch nicht gesagt, daß er ein starker Dramatiker=ist. Er ist
876 2224 2600 2275 kein Mann mit dramatischem Biceps, ja es scheint beinahe, als ob ihm der kräftige dramatische
881 2273 2590 2334 Zug, der Effekt (man muß ja mit Effekt nicht immer einen bösen Tadel verbinden) unsympathisch
881 2322 2590 2379 wären. Seiner zarten, verträumten Ar###uspricht derbes Zufassen und Zupacken nicht. Und je mehr
889 2380 2582 2438 er sich zum Lebensweisen läutert, deste mehr weicht er dem, was man im guten oder im schlechten
883 2408 2589 2480 Sinne Theater“ nennt, aus. Er schiebt es mit vornehmer, lässiger Gebärde bei Seite. Seine
879 2470 2592 2540 Kunst mit den leise mitklingenden melancholischen Untertönen, mit der Sordine der Resignation,
888 2520 2596 2583 durchzittert von Zweifel und Fragen, aufgelöst in einer Lebensscheu, die im Grunde genommen
874 2572 2589 2636 doch nur der Sehnsucht nach Leben entspringt, ist weicher Anmut vall. Aber es ist stets eine
876 2622 2591 2662 Anmut in Moll. Der Durakkord des Dramatikers wird immer seltener bei ihm. Es ist, als
877 2670 2590 2735 würde der Philosoph, der träumend seine Themen variiert, den Bühnenmann immer heftiger ver¬
875 2730 2584 2784 drängen. Schnitzlers Philosophie aber ist Liebesphilosophie. Don der Frau geht seine ganze
876 2763 2589 2805 Kunst aus, von ihr sprie sie unaufhörlich, von ihrem Duft ist sie durchtränkt, ihr Herz regelt
891 2814 2589 2876 seines Herzens Schlag. Schnitzler ist der geistvollste Erotiker, den Wien je hervorgebracht hat.
888 2870 2595 2927 Und wenn Speidel von Bauernfeld gesagt hat, daß Wien sich in ihm einen Schnabel wachsen
876 2912 2583 2971 ließ, so kann man von Schnitzler sagen, daß aus seinem Munde die Wienerstadt spricht, wie sie
888 2960 2197 3014 liebt und küßt. Unsere ganze Titeratur hat keinen größeren Liebesdichter.
1003 2995 2584 3070 Eines ist seltsam: Schnitzler ist mit seinem Witz und seinem Humor zum Lustspieldichter
890 3054 2588 3132 geboren. Er möchte sich aber zum Tragiker erziehen. So ist auch das Problem des „Zwischen¬
890 3123 2593 3176 spiel“ eine glänzende Lustspielidee. Der Dichter aber will den Scherz seines Einfalles nicht gelten
885 3163 2594 3223 lassen und bemüht sich eifrig, schweren Ernst in einen Fall zu legen, über den wir am liebsten
888 3224 2590 3273 mit dem weltüberlegenen Doeten herzhaft lachen möchten. Der Kapellmeister Amadeus Adams
890 3256 2586 3319 ist mit der Opernsängerin Cäcilie Ortenberg vermählt. Die Ehe lockert sich. Amadeus hat eine
888 3306 2601 3369 kleine Liebelei mit einer Schülerin, einer pikanten Gräfin, die gewiß mehr Calent zur Geliebten:
882 3356 2589 3413 als zur Sängerin hat, und Frau Cäcilie läßt sich von einem Fürsten Sigismund den Hof machen.
893 3414 2593 3473 Da beschließen die beiden Ehegatten, die ihren Bund auf Wahrheit begründet haben, einander
891 3471 2589 3527 völlige Freiheit zu gewähren. Sie knoten das Eheband auf, sie trennen sich als Mann und
884 3512 2577 3572 Weib — aber die Kameradschaft zwischen den mehr künstlerisch als menschlich verwandten Na¬
893 3557 2585 3621 turen soll bestehen bleiben. Und was geschieht nun? Amadeus hat das kleine Abenteuer mit
894 3619 2590 3679 der Gräfin so rasch überwunden und verwunden wie auch andere Abenteuer gleichen Kalibers.
887 3660 2595 3720 Das sind Erlebnisse, die nur seine Haut berühren und kaum seine Seele streifen. Cäcilie aber er¬
882 3703 2586 3772 lebt in Berlin, wo sie gastiert, feelische Berührungen, ohne sich körperlich etwas zu vergeben.
898 3753 2596 3817 Sie ahnt Kommendes; eine Liebe, die versinken, eine, die aufsteigen könnte. Sie entfernt sich,
886 3798 2591 3857 der Freiheit wiedergegeben, viel mehr von ihrem Gatten, als er von ihr, der seine Freiheit als
895 3847 2597 3916 Mannchen und nicht als Persönlichkeit genießt. Und als Cäcilie nach Wien zurückkehrt, treibt
896 3910 2596 3971 die Eifersucht, die Cäcilie mit phpsischem, nicht mit pfrchischem Maße mißt, Amadeus in eine
893 3944 2596 4020 neue Phase des Ehelebens. Er betrügt seinen Kameraden Cäcilie mit der Frau Cäcilie. Er
885 3999 2596 4065 bricht mit der eigenen Frau die Ehe, eben die Wahrheitsehe, auf die beide so stolz waren. Und
