3484 4384
1328 149 1783 241 box 25/3
257 151 1162 245 20. Zuischensniel
745 782 865 853 282
759 897 1798 958 In einem horizontal befestigten Glasröhrchen befindet
760 947 1797 1014 sich ein Pulver, bestehend aus einem Radiumpräparat
765 991 1793 1060 und pulverisierter Zinkblende, die durch die Radium¬
762 1059 1803 1108 strahlen ein dauerndes, verhältnismäßig kräftiges Phos¬
755 1093 1796 1148 phoreszenzlicht erhält. Wir haben also hier ein indirektes
752 1140 1798 1209 Radiumlicht. Schon nach 24 Stunden zeigten die vor
755 1190 1799 1252 dem Röhrchen stehenden, ursprünglich vertikalen Stengel
759 1236 1811 1306 der Wickenkeimlinge eine deutliche Krümmung, die nach
759 1284 1800 1348 3 Tagen so stark wurde, daß die früher vertikale Wachs¬
766 1337 1812 1390 tumsrichtung in eine horizontale umgewandelt wurde.
756 1397 1805 1445 Überzieht man das Glasröhrchen mit einer dreifachen
766 1435 1811 1501 Lage schwarzen Papiers, so unterbleibt die Krümmung
773 1491 985 1549 vollständig.
812 1537 1806 1600 Molisch vermutete mit Recht, daß ein stärker wirk¬
774 1587 1805 1646 sames Radiumpräparat, als es ihm zur Verfügung stand,
770 1630 1810 1690 höchst wahrscheinlich direkt, also ohne Vermischung mit
774 1698 1801 1745 gepulverter Zinkblende, jene Krümmungen junger Pflanzen¬
774 1743 1811 1798 stengel hervorrufen könne, was auch bald darauf durch
764 1793 1811 1849 Koernicke bestätigt wurde. Dieser benützte für seine
768 1832 1807 1900 heliotropischen Versuche ein Radiumpräparat, dessen mattes
767 1892 1806 1940 Licht schon kurze Zeit nach dem Eintreten in die Dunkel¬
779 1937 1809 1983 kammer wahrgenommen werden konnte. Im Dunkeln
772 1975 1807 2046 gezogene Wickenkeimlinge zeigen, diesen Lichtstrahlen aus¬
770 2036 1803 2092 gesetzt, schon nach kurzer Zeit deutliche Krümmungen.
783 2082 1810 2145 Ein junger Sproß jedoch, der aus einem mit Radium¬
777 2131 1809 2187 strahlen behandelten Samen hervorgegangen ist und
773 2183 1812 2235 später, wie wir bereits kennen gelernt haben, sein Wachs¬
780 2221 1826 2274 tum eingestellt hak, kann weder durch das Tageslicht
764 2273 1818 2331 noch durch das Licht eines Radiumpräparates zu einer
766 2323 1826 2370 Krümmung veranlaßt werden; er befindet sich in einem
779 2464 1248 2538 Prager Schauspiel.
781 2528 1699 2628 Zwischenipiel, Klein Doritt, Stein unter Steinen.
1090 2613 1790 2670 Gebt dem Dichter, was des Dichters ist!
837 2670 1817 2738 Einstmals galt es für ausgemacht, daß jedes Künstler¬
780 2724 1559 2792 drama drei Klippen zu umschiffen hätte:
834 2766 1818 2830 Fürs erste ist es schwer, die überragende Künstler¬
786 2820 1825 2884 schaft des Helden glaubhaft zu machen, besonders wenn
793 2879 1820 2929 er Maler oder Bildhauer ist. Schon leichter führt
791 2929 1828 2980 man den Dichter ein. Am günstigsten aber präsentiert
790 2968 1830 3030 sich der Musiker, dessen Schöpfung unmittelbar ans Herz
787 3014 1821 3079 greift, ohne Umweg durch den Verstand, ohne notwen¬
786 3063 1818 3117 dige ästhetische Kenntnisse oder Schulung des Betrach¬
786 3120 1251 3184 teus, voraussetzungslos.
840 3165 1825 3228 Fürs zweite ist das mimosenhafte Seelenleben künst¬
790 3227 1832 3272 lerischer Naturen, die Reizbarkeit, das sofortige Rea¬
788 3269 1826 3323 gieren auch auf den geringsten Anstoß, von außen oder
781 3322 1834 3372 innen vielen unverständlich. Das geht weit. So
788 3358 1831 3421 weit, daß Konflikte auftauchen und ausgetragen werden,
788 3405 1837 3471 die für den Großteil der Zuschauer keine Konflikte sind.
843 3465 1825 3520 Folgt drittens, daß das Mitleiden oder sagen wir
786 3509 1838 3572 das Einfühlen, sich nicht oder in schiefer Bahn ein¬
781 3556 1485 3644 stellt. Wie steht es heute damit?
2624 765 2859 836 Rundschau.
1819 880 2868 945 Zustande, der sehr gut als Radiumstarre bezeichnet
1822 944 2100 996 werden kann.
1857 975 2861 1047 Dieser Starrezustand zeigt sich auch sehr schön in
1824 1037 2176 1100 folgender Weise:
1868 1075 2869 1131 Wenn man ein normales Keimpflänzchen so legt, daß
1820 1142 2870 1191 Wurzel und Stengel horizontal sich befinden, so krümmt
1828 1194 2865 1239 sich bekanntlich nach kurzer Zeit durch den Einfluß der
1824 1231 2861 1289 Schwerkraft der Stengel nach aufwärts, die Wurzel
1816 1290 2875 1336 dagegen der Erde zu. Solche Krümmungen bezeichnen
1830 1327 2871 1392 wir als „Geotropismus“ Waren jedoch Stengel und
1831 1387 2861 1435 Wurzel jenes Pflänzchens aus einem vorher mit Radium¬
1829 1423 2876 1493 strahlen behandelten Samen, z. B. einer Saubohne,
1831 1487 2861 1534 hervorgegangen und hatten nach einer gewissen Zeit in¬
1836 1534 2866 1589 folge dieser Bestrahlung ihr Wachstum eingestellt, dann
1838 1568 2873 1626 kann auch die Schwerkraft keinen Reiz auf sie ausüben,
1839 1624 2475 1691 daher jede Krümmung unterbleibt.
1878 1676 2865 1736 Wir stehen hier am Anfange von Versuchen, welche
1834 1736 2873 1776 wegen der großen Schwierigkeit der Gewinnung von
1837 1768 2878 1836 kräftigen Radiumpräparaten bisher nur vereinzelt an¬
1826 1814 2876 1868 gestellt werden konnten. Sollte es jedoch gelingen, größere
1827 1880 2873 1932 Mengen von reinen, radioaktiven Substanzen auf billige
1839 1927 2879 1988 Weise herzustellen, dann dürften möglicherweise Erfolge
1837 1965 2888 2019 erzielt werden, von denen wir uns heute noch nichts
1826 2010 2888 2064 träumen lassen. Wenn wir bedenken, von welch kleinen
1829 2070 2874 2128 Anfängen seinerzeit die Elektrizität, die heute die Welt
1835 2119 2885 2167 beherrscht, ihren Ausgangspunkt nahm, dann können wir
1827 2162 2884 2231 (nach dem, was wir bereits heute wissen, auch den ge¬
1837 2215 2884 2274 heimnisvollen Radiumstrahlen eine große Zukunft vor¬
1845 2270 2038 2337 hersagen.
1887 2602 2874 2681 Es sind in unseren Tagen allerorts die Herzen vieler
1841 2670 2878 2719 voll der Sehnsucht „das Leben mit Kunst zu durch¬
1834 2719 2883 2768 dringen“ und in dieser Zeit der Reizsamkeit treten auch
1836 2766 2887 2831 bei gewöhnlichen Sterblichen Empfindungen und Vor¬
1844 2818 2879 2875 stellungen über die Schwelle des Bewußtseins, von
1844 2856 2884 2922 denen bislang nur die fein organisierten Künstlerseelen
1846 2909 2221 2972 heimgesucht wurden.
1890 2955 2879 3021 So konnte es kommen, daß man sagte: das Thema
1838 3027 2875 3077 des Zwischenspiels ist die Ehe. Nicht ganz. Jene
1851 3066 2884 3119 neuen ästhetischen Menschen möchte ich vergleichen den
1851 3114 2890 3181 Bürgern mit bloß aktivem Wahlrecht, während die
1844 3153 2888 3224 wahrhaften Künstler auch das passive Wahlrecht hätten.
1841 3209 2894 3281 Und so ist das Thema nicht die Ehe schlechthin, sondern
1842 3260 2554 3334 die Künstlerehe und die Künstlerliebe.
1900 3328 2890 3392 Das Künstlerdrama überhaupt, stieg es aus der No¬
1859 3388 2658 3451 velle empor? kehrt es zur Novelle zurück?
1904 3448 2894 3513 Zu Zeiten, wo das Ich der meistgeglaubte Gott ist,
1860 3493 2894 3554 hebt sich jedesmal der Heroenkult; in der Renaissance,
1860 3546 2894 3624 im Sturm und Drang, in der Romantik und jetzt, wo
