3484 4352
1224 281 1772 395 box 25/1
259 295 1175 400 20. Zuischensniel
1555 1215 1670 1296 —
625 1243 3203 1345 sdie Gedanken. Beide Gatten führen ein rein geistiges Eheleben, Schnitzlerischen Menschen aber sprechen, ist oft sehr graziös und
634 1317 3200 1409 sie vertrauen sich ihre geheimen Gedanken, tauschen die Phanta=geistreich, immer sehr elegant und nicht ohne weltmännische Ironie.
168 1211 609 1421 Pir.—
650 1365 3193 1442 sien ihrer Sinne, die sie aus der ehelichen Gemeinschaft fort= Keines ihrer Worte aber klingt bedeutend oder tief, keines wirkt
652 1407 3199 1498 führen, aus, ihre Ehe ist auf vollkommene Aufrichtigkeit ge= durch Kraft und Masse des Gedankenstoffes. Weder Amadeus
147 1450 3196 1545 Aten von Artur Schnitzler. gründet. Allmählich haben sie sich ganz von einander gelöst ohne noch Cäcilie sind charakteristisch genug gestaltet, um sie als Aus¬
634 1519 3200 1568 Kampf, ohne Szenen, ohne Feindseligkeit. Das abstrakte Rechen= nahmsmenschen gelten zu lassen, aber nicht jedem komponierenden
161 1542 415 1606 tober 1905.)
161 1570 3192 1650 t Arthur Schnitzler wieder exempel: eine Seele plus einer zweiten Seele minus zwei Körper Kapellmeister und nicht jeder Primadonna traut man Ausnahms¬
170 1618 2173 1706 spielt im Ehebett und in geht fast ganz rein und ohne Rest auf. Die Mathematiker nennen schicksale zu.
2002 1638 3197 1733 In der Exposition schon ist der ganze Boden schwankend
658 1662 1275 1739 so etwas eine elegante Lösung.
175 1684 668 1764 aufgedeckt. Im Notfalle
746 1713 3188 1792 Der Zuschauer findet sich in dieser psychologischen Seelen= und nur mit den seltsamsten Körperverdrehungen erhält sich der
224 1723 675 1806 den eine Platane be¬
659 1788 3188 1837 mathematik weniger zurecht. Er kennt gewiß Verhältnisse dieser Dichter weiter in der Balance.... Amadeus und Cäcilie haben
163 1781 659 1856 Echseln ihre Plätze wie bei
663 1798 3207 1889 Art. Aber er weiß auch, daß ohne große Erschütterungen diese einander Kameradschaft gelobt; Wahrheit, rückhaltslose Wahrheit ist
176 1832 661 1898 e vertauscht; der Ehemann
173 1882 3189 1956 Courmacher hält beim Trennung zweier Menschen nicht vor sich geht. Es fehlen nicht ihre Parole. Ihre unbeschäftigten Körper, welche die theoretischen
176 1909 3184 1994 „Bitte, sprechen Sie mit die Stunden der Verzweiflung, des Rüttelns an den Banden Zwiegespräche der Seelen vermutlich recht langweilig finden, gehen
156 1963 3199 2040 ariante der alten Formel: gemeinschaftlicher Erlebnisse, es sehlen nicht die Explosionen auf=getrennt auf Abenteuer aus. Amadeus genießt bei der pikanten
313 2031 3197 2095 Wie man sieht, gehäufter Feindseligkeit, es fehlen nicht alle Krisen des Abschied= Sängerin Gräfin Friederike Moosheim Liebesstunden, Liebeswochen,
164 2062 3199 2138 ngefüllt mit Lustspiel- nehmens. Stärker als die Gedanken, die sich doch vom Blute und und Cäcilie läßt sich auf ihrer Gastspieltournée nach Berlin vom
172 2103 3203 2183 Männlein und Weiblein, der Leidenschaft der Menschen nähren, binden die Körper an=jungen Fürsten Sigismund begleiten. Wohl schreckt sie als Frau
152 2179 3198 2240 wischenspiele, führen die einander, und wenn die Gedanken schon bereit sind, zu gehen, vor dem letzten Schritte zurück, aber das Leben lockt sie, ihr Leib
162 2194 3201 2285 en französischen Conteurs, halten noch immer die in den Körperzellen aufbewahrten Er= erglüht und aus der stillen, gütigen Frau von einst ist ein ver¬
668 2247 3197 2324 innerungen an Zärtlichkeiten zurück. Tiefsinnig gebraucht die Bibel langendes Weib geworden. So kehrt sie nach mehrmonatlicher
166 2278 678 2344 , von diesen zu — Artur
664 2324 3200 2377 für das Ineinanderwachsen der Körper das Wort: erkennen, weil Abwesenheit in das Haus ihres Gatten zurück, dieselbe und doch
150 2313 672 2389 Flicherweise hat Schnitzler
154 2346 3200 2421 psychologisch zerzupft und die letzte Erkenntnis zweier Menschen durch die Körper und nicht eine andere. Amadeus fühlt sich von der Hitze, die von ihr
159 2425 3202 2474 #fhörlich in ihr Inneres, durch die Seelen vermittelt wird und weil es seelische Geheimnisse ausgeht, entzündet, er will nicht mehr nur der Kamerad unde
159 2451 3201 2527 sche Scheinwerfer sind in gibt, zu denen nur in Liebesnächten die Türen offen stehen. „Wir geistige Freund seiner Frau sein, aus dem Gatten wird ein Lieb¬
164 2492 3194 2576 entsteht eine verwirrende gehören doch schließlich immer zusammen (meint Amadeus), auch haber, der um die Geliebte wirbt und sie verführt, gewinnt.
169 2552 3192 2625 und einem Ibsen=Stück, wenn von hundert Fäden, die uns verknüpfen, einer gerissen ist.“ Diese Liebesszene, welche wie alle Dialogszenen zwischen Amadeus
149 2598 3195 2693 wird geschildert. Amadeuser ist in dieser Ehe wirklich nur ein Faden gerissen, ist und Cäcilie mit großer Kunst geführt ist, ist dramatisch der
170 2634 3212 2720 Gegenwärtig ist er damit# nicht ein ganzes Fadenbündel und ein mächtiges noch dazu? . .. kräftigste Moment des Theaterabends und eigentlich der einzige
146 2692 3203 2780 omponieren, eine modernef Vielleicht wäre der Zuschauer bereit, auf diese Voraussetzungen dramatische Moment desselben. Bis zu diesem Augenblicke hate
146 2765 3207 2829 essen Choralmelodie einer einzugehen, wenn die beiden Menschen groß, eigentümlich dastehen psychologisches Klügeln und dialektisches Reden Blut, Leben,
149 2789 3202 2875 ranstimme ist die Stimme und mit dem Haupte, etwa wie die Ibsenschen Menschen, in Leidenschaft unterdrückt. Diese Menschen, Künstlermenschen noch
151 2832 3197 2913 hrer Stimme tönt ihm bei kühlere, geistigere Regionen reichen würden. Dazu genügt nicht dazu, schienen menschlichen Affekten nicht unterworfen, alle Em¬
158 2882 3207 2965 ihn zu seiner Frau zieht, daß sie voneinander versichern, sie seien besondere Menschen und pfindungen wurden psychologisch zersetzt, und wo andere Menschen:
157 2962 3200 3030 r verehrt in ihr die große über das Alltagsgetriebe erhoben, oder daß von ihnen gesagt gerast, getobt, geweint, gefiebert hätten, gaben sie fein zu¬
172 2986 3203 3067 und künstlerischen Ge= wird, sie seien feine Menschen. Das geistige Gewicht beider müßte geschliffene Aperaus von sich. Wenn man einen Naturschrei
201 3048 3198 3109 diese beiden Menschen auch der Zuschauer spüren, es müßte auf ihren Worten lasten, der Leidenschaft erwartete, boten sie einem spöttisch oder überlegen
193 3097 3209 3158 der auch ein Kind ent= auf ihrem Reden und auf ihrem Schweigen, wie bei der Gestalt lächelnd eine kunstvoll geflochteae Sentenz. Jetzt endlich weicht
161 3149 3207 3230 fehr zu sagen, desto mehr eines Rosmer oder Solneß oder Allmers. Was die beiden für kurze Zeit die Psychologie der Physiologie. Das Blut rührt
