3436 4256
-13 3504 54 3554 nd
-17 3548 52 3621 eiff
180 2834 288 2898 poll,
172 2879 278 2945 nen
1292 127 1746 227 box 25/4
222 137 1137 254 20. Zuischensniel
2859 355 3031 448 2#er
2520 367 2787 440 Mohen und
2888 423 3039 472 „zwei
1953 402 2854 479 „ueri sprochen ist, hat nur eine Geltungsdauen.
816 415 899 491 DE
252 425 670 498 4onnen, vuf Juge*
2080 447 3015 519 E
1861 438 2009 528 S
2113 504 3031 562 Güte und Energie, Charakterstärke und edles
1170 524 2103 568 Standhaftigkeit gehalten werden dar“. Inler¬
238 529 1168 584 deus Adams, lebt in schönster Harmonie mit
151 539 245 593 keit
2107 546 3030 614 weibliches Empfinden lag in wundervollem Ge¬
1178 566 2097 623 essant im dichterischen Sinne bleibt aber meiner
250 568 1159 644 seiner Gattin Cäcilie, der hervorragenden
2121 595 3037 654 misch in ihrer Sprache, ihren Gesten und ihren
1187 603 2094 663 Meinung nach immer nur die Frage, was die
251 609 1172 678 Opernsängerin. Nach und nach drängt sich ihm
2107 642 3042 694 Zügen. Mit unübertrefflicher Feinheit führie sie
1183 653 2099 716 Menschen, die einander sympathisch sind, auch
260 657 1167 723 die Überzeugung auf, daß es eigentlich keine Ehe
2110 682 3033 747 den seelischen Vorgang der Rolle vor Augen und
1180 698 2098 761 körperlich zu einander zieht, und nicht, was sie
265 700 1172 773 in wirklichem Sinne ist, die sie führen, sondern
2107 748 3035 798 machte jedes Stadium ihrer Empfindungen klar,
1185 738 2109 815 trennt. Und so kann ich auch das Stück nicht
264 748 1175 809 vielmehr eine treue Kameradschaft. Er glaubt,
2175 778 3038 843 Neben diesen beiden Hauptsiauren tritt noch
1190 779 2104 842 anders beurteilen, als daß es mich mehr erkältet
254 800 1170 864 bei seiner Frau Neigung zu dem jungen, künst¬
2115 827 3031 882 eine dritte Person auf: ein Schriftsteller, der als
1181 840 2107 902 als gefesselt hat. Es steckt zu viel Klü¬
255 843 1176 913 lerisch veranlagten Fürsten Sigismund zu ent¬
147 858 241 923 Hin¬
2117 874 3040 934 Vertrauter und Freund des Gatten manche Reds
1182 874 2103 945 gelei und auch Unwahrheit in den Reden
260 886 1174 956 decken, und ihn selber zieht es immer wieder in
181 910 228 964 zu
2127 917 3033 972 ermöglicht, die sonst auch zum Monolog gewor¬
1182 914 2100 977 des Haupthelden, um ihm sonderlich ge.
250 938 1174 990 die Nähe einer musikalisch begabten Gräfin, die
156 953 245 1005 er¬
2118 968 3034 1017 den wure, wie ihn Schnitzler, dieser moderne
1183 964 2102 1027 wogen zu sein; er spintisiert, statt zu empfin¬
252 976 1171 1041 am Theater wirkt. A's er sich über den Stand
2117 1006 3043 1069 Dichter, merkwürdiger Weise wiederholt ver¬
1180 1016 2115 1086 den, er philosophiert, statt zu küssen, und im
256 1025 1173 1088 der Dinge klar ist, spricht er sich offen darüber
149 1043 258 1118 her
2120 1049 3038 1114 wendet. Dieser Schriftsteller sprüht von witzigen
1189 1060 2098 1131 Grunde seines Herzens ist er nicht einmal ehrlich
264 1067 1173 1139 aus und schlägt eine freundschaftliche Trennung
2127 1099 3043 1165 Bemerkungen und weltklugen Ratschlägen; wahr¬
1188 1104 2107 1171 gegen sich selbst, denn ihm ist nur die eheliche
255 1126 1179 1184 vor. Die Frau scheint von der Notwendigkeit
2133 1136 3049 1200 scheinlich hat der Dichter in diese Rolle viel von
1183 1145 2107 1221 Fessel langweilig, er will gern frei und unge¬
260 1172 1176 1226 der Trennung keineswegs überzeugt zu sein, aber
2120 1188 3049 1258 seiner eigenen Meinung und Überzeugung gelegt.
1196 1195 2109 1258 straft Liebesabenteuern nachjagen können, ohne
265 1208 1174 1268 ihr Stolz läßt sie keinen Einspruch erheben und
2117 1236 3047 1299 Leider war Herr Keller=Nebri zu nüchtern
1181 1243 2112 1304 die verständnisvolle geistige Hilfe seiner Gattin
271 1245 1183 1327 schließlich erscheint ihr der Gedanke auch an¬
153 1280 256 1336 ö9-
2112 1284 3047 1339 und trocken; hier hätie ein frischer, kecker und
1199 1289 2110 1346 einzubüßen. Er ist ein seelsch unbedeutender
268 1297 1184 1366 nehmbar. Nun handelt es sich darum, wie wird
151 1328 248 1390 fin¬
2120 1329 3041 1390 lustiger Ton nendlich viel bewirken können, das
1197 1334 2114 1396 Schwätzer, dem man auch schwer größere Kunst¬
258 1345 1174 1410 sich das Verhältnis der Gatten die ja ihre
190 1357 261 1425 er
2129 1377 3042 1437 ganze Stück wesentlich dem Inleresse des großen
1187 1395 2110 1451 schöpfungen zutrauen kann, und dessen Frau man
263 1378 1178 1462 Freundschaft zu einander nicht einbüßen, sondern
2122 1410 3048 1486 Publikums zu nähern. Fräu'ein Westhoven
1188 1431 2112 1487 beglückwünschen darf, als sie sich endlich von ihm
263 1436 1184 1511 sie durch Loslösung von der Ehe gerade retten und
2119 1459 3057 1524 als die kleine Frau des Schriftstellers traf diesen
1186 1465 2112 1534 bfreit, um vermutlich an der Seite des Fürsten
272 1479 1176 1546 rein erhalten wollen, in Zukunft gestallen?
2134 1503 3050 1560 urwüchsigen Ton so gut, daß man seine Freude
1182 1530 2118 1572 zärtlichere, wärmere Liebe zu finden. Die ersten
255 1523 1186 1601 Amadeus findet auch hier einen Rat. Sie bleiben
151 1554 247 1607 bei¬
2137 1538 3055 1613 an dem liebenswürdigen Persönchen haben
1194 1558 2115 1626 beiden Akte sind daher auch nichts weniger als
276 1570 1180 1639 nach wie vor bei einander, nur daß sie getrennte
152 1595 257 1652 ris
2126 1582 3049 1664 konnte. — Herr Gebhardt sprach die kurze
1198 1607 2111 1666 interessant; Gespräche und immer wieder Ge¬
262 1623 1180 1690 Gemächer beziehen; jeder von Beiden hat völlige
171 1644 258 1694 den
2135 1635 3063 1707 Szene, die dem Fürsten Sigismund gegönnt ist,
1203 1651 2108 1717 spräche ersetzen die Handlung, die fast ganz fehlt.
272 1674 1187 1730 Freiheit, zu tun, was ihm beliebt, aber das offene
167 1687 260 1751 dem
2127 1684 3060 1749 mit vornehmer Würde, und Fräulein Kühnert
1209 1700 2125 1762 Zum Schluß aber, in den letzten Szenen, regt
276 1718 1185 1778 Aussprechen tiefster, geheimster Empfindungen
2120 1722 3062 1802 wußte die Gräfin sehr anziehend zu gestalten;
1197 1744 2118 1819 sich ehrliches Temperament, und von der Glut,
273 1753 1183 1821 soll auch ferner dem Kameradschaftsverhältnis,
2124 1779 3050 1841 in der Behandlung der Stimme muß die sym¬
161 1762 268 1846 arte
1209 1783 2117 1851 die aus den Gefühlsausbrüchen hervorleuchtet,
277 1800 1189 1869 dem alle Störung durch sinnliche Nebengedanken
2122 1820 3053 1890 pathische junge Dame aber vorsichtiger sein und
165 1832 260 1895 ner
1206 1833 2118 1901 fühlt man sich hingerissen. Hier findet nämlich
268 1850 1189 1927 genommen ist, aufgespart bleiben. Der Plan
2125 1857 3061 1936 der Versuchung widerstehen, die sie immer wie¬
173 1879 261 1937 da¬
1197 1880 2121 1952 die große Abrechnung zwischen den Gatten statt.
276 1891 1183 1956 wird mit ehrlichster überzeugung von seiner
2126 1920 2794 1995 der anlockt, im Falset zu sprechen.
177 1920 263 1994 und
1195 1927 2119 1995 Cäcilie wirft ihm in erregten Worten seinen
275 1939 1192 2008 Durchführbarkeit entworfen und scheint auch zu¬
2173 1953 3048 2030 Das Publikum stand offenbar dem Stück nicht
1199 1953 2130 2033 schweren Fehler vor, der sie geistig trennte, und
287 1983 1191 2057 nächst trefflich zu gelingen. Cäciliens bester
2141 2009 3055 2075 ganz verständnisvoll gegenüber. Man spürte wohl
1194 2017 2125 2088 der sie jetzt zu Fremden statt zu Freunden werden
280 2024 1189 2100 Führer und Lehrer ist und bleibt Amadeus, und
2131 2063 3064 2117 die Geistesblitze des Autors, aber der Dialog, der
1195 2053 2118 2122 ließ, und die Konsequenz seines Handelns lastet
288 2071 1190 2139 er geht ganz in seinen Schöpfungen auf, die er,
2138 2101 3064 2171 gar zu sein behandelt ist, verhindert ein schnelles
1191 2111 2115 2170 wie ein ernstes Schicksal auf dem törichten Mann.
284 2118 1196 2197 durch ihre Anerkennung und ihr künstlerisches
2144 2158 3055 2210 Erfassen aller Situationen, und der krankhafte,
1200 2152 2121 2212 Hier sind wahrhaft ergreifende Momente, aber
271 2164 1197 2245 Verständnis angespornt, zur Reife bringt. Als
2148 2189 3057 2254 ich möchte sagen: hysterische Grundgedanke der
1213 2194 2134 2267 sie kommen zu spät und retten das Stück nicht
277 2198 1199 2279 aber die sommerliche Ferienruhe und die darauf
2140 2244 3061 2302 Komödie berührt nicht jeden angenehm. Den
1211 2251 2120 2308 mehr, dessen übrige Handlung in furchtbarer
283 2257 1195 2333 folgende Theaterkampagne die Gatten=Freunde
2142 2280 3051 2346 Beifall darf man also, ohne den Wert der Dich¬
1199 2282 2130 2371 Breite dahin zieht. Der Dialog ist oft von reiz¬
285 2303 1196 2368 auseinander reißt, da beginnen sich die Fäden,
2138 2335 3054 2393 lung herabzusetzen, mehr der Darstellung zu¬
1206 2332 2127 2398 vollster Feinheit, die Hin= und Her=Reden über¬
291 2344 1198 2430 die sie so stark zu vereinigen schienen, bedenklich
2139 2371 3068 2452 schreiben, und die hatte ihn rechtschaffen verdient.
1213 2376 2122 2465 raschen durch ihren hohen geistigen Gehalt, aber
286 2406 1207 2471 zu lockern, und ihr erstes Wiedersehen im ge¬
1217 2422 2135 2484 alles das entschädigt nicht für den Mangel an
2803 2424 3036 2504 P. Al. K.
292 2439 1195 2508 meinsamen Heim zeigt unverkennbar den Riß,
1209 2471 2131 2544 szenischer Bewegungsfülle, an dramatischen Ge¬
293 2487 1195 2554 den ihre Kameradschaft erlitten. Cäcilie, die sich
1217 2531 1437 2592 schehnissen.
285 2526 1207 2598 inzwischen noch rein erhalten hat, sehnt sich nach
2152 2549 3051 2644 II. Abonnement=Konzert.
1254 2551 2127 2627 Die Inszenierung dieses Stückes ist ganz her¬
285 2577 1204 2646 schrankenloser, nicht klüglich abwägender Man¬
1207 2608 2129 2687 vorragend schwer, gerade weil hier das Gewicht
290 2625 1200 2700 nesliebe, und Amadeus ist — nun, da er sich
2436 2631 2772 2705 Programm:
1215 2655 2141 2739 auf dem Dialog ruht. In die dunkelsten Winkel
290 2666 1209 2752 selber aller Rechte auf seine Ehefrau begeben hat
2145 2669 3033 2765 A. Bruckner: Symphonie Nr. VIII C-moll; —
1216 2703 2127 2765 konversationeller Irrgänge ist Licht zu bringen;
326 2719 1201 2789 — eifersüchtig auf seinen vermutlichen Nachfolger
2185 2714 3072 2787 E. Grieg: Klavierkonzert;— F. Schubert:
1211 2764 2130 2826 je seiner und geistreicher die Sprache ist, um so
285 2762 1204 2835 in ihrer Gunst. In dieser Stimmung gelingt es
2183 2777 3070 2828 Zwischenakismusik aus „Rosamunde"; — F.
1213 2794 2129 2859 mehr muß jedes Wort erwogen, geprüft nud
292 2806 1209 2872 ihm, sie scheinbar für sich zurückzugewinnen, aber
2194 2815 2790 2889 Liszt: Ungarische Rhapsodie.
1211 2837 2130 2913 zum Ganzen abgestimmt werden, und es bedarf
2268 2856 2744 2917 Solist: Alice Ripper.
302 2846 1204 2925 schon der nächste Morgen klärt ihn über seinen
1214 2883 2145 2964 wohl keiner besonderen Versicherung, daß Herr
2276 2882 2824 2972 Dirigent: Arthur Nikisch.
297 2889 1213 2966 Irrtum auf: sie hat sich ihm nur aus Liebes¬
1211 2925 2143 2995 Baron von Berger sich hierbei als Meister
305 2940 1207 3010 hunger noch einmal ergeben, wie sie auch anderer
2186 2926 3062 3025 Bruckners Achte Symphonie — dem Kaiser
1220 2976 2145 3039 zeigte. Unter seiner seinsinnigen und zartfüh¬
297 2989 1206 3053 Versuchung in diesem Augenblick vielleicht er¬
2146 2995 3068 3075 Franz Josef gewidmet — ist ein Werk von un¬
1229 3021 2141 3090 lenden Regie wurde vortrefflich gespielt. Herr
289 3020 1211 3094 legen wäre, und nun steht ihr die Notwendigkeit
2141 3038 3065 3114 gewöhnlicher Bedeutung. Seine Entwicklungs¬
1230 3068 2135 3144 Wagner war so sympathisch wie es der wenig
290 3077 1214 3157 gänzlicher Trennung erst recht klar vor der
2161 3085 3067 3163 linie führt in fast ununterbrochener Steigerung
1230 3111 2127 3180 anziehende Charakter des recht zerfahrenen und
306 3109 1211 3186 Seele. Das Zwischenspiel ist aus, und das Le¬
2142 3135 3067 3210 zur idealen Höhe des Menschentums empor und
1223 3155 2135 3231 wenig selbstsicheren Amadeus nur zuläßt. Viel
294 3167 1216 3236 bensdrama nimmt seinen Fortgang. Sie gehen
2151 3168 3065 3245 mit ihren Gipfeln ragt diese Symphonie in den
1239 3197 2143 3273 feste Männlichkeit läßt sich dem schwächlichen
295 3215 1209 3282 auseinander, mit blutendem Herzen zwar, aber
2153 3222 3074 3303 Himmel hinein. Im Schaffen Bruckners be¬
1224 3250 2135 3311 Meuschen nicht einhauchen, aber er erschien doch
303 3257 1176 3342 machtlos, den tragischen Ausgang zu ändern.
2153 3265 3065 3344 zeichnet sie jenen Punkt, in dem das Genie dieses
1225 3297 2141 3360 in dieser Darstellung erträglich und allenfalls
333 3316 1214 3387 Ich halte es, wie schon gesagt, für völlig
2148 3309 3081 3379 in den Spannungsgegensätzen seines Wesens so
1225 3345 2142 3404 begreiflich, was schon sehr viel Verdienst des
310 3355 1212 3429 aussichtslos, über das angeschlagene Thema nach¬
2154 3361 3079 3421 tragischen Musikers die Belastung einer subalter.
1229 3403 2143 3468 Künstlers in sich schließt. Fräulein Hönigs¬
311 3398 1216 3479 zugrübeln. Es wird stets ein krasser Ausnahme¬
2146 3403 3080 3476 nen Bildung, den engen Schulstubenhorizont, die
1222 3434 2146 3499 vald gab die Cäcilie, die in jeder Hinsicht im
314 3446 1209 3532 fall bleiben, und dann wird die Seeienreinheit
2141 3449 3080 3532 trockene Lehrhaftigkeit des Kontrapunktprofessors
1234 3476 2141 3548 Stück besser davongekommen ist als der Mann,
301 3494 1215 3575 und Geistesklarheit der beteiligten Personen ent.
2146 3497 3075 3569 und die Trivialität einer in engen Verhältnissen
1232 3526 2141 3592 mit eindrucksvollster Kraft und Wärme. Ihre
302 3523 1222 3616 scheiden, wie weit sie in ihrer Freundschaft zu¬
2157 3543 3079 3610 verkümmerten Weltanschauung überwunden und
1229 3554 2151 3641 explosive Rede am Schlusse war eine vorzügliche
2136 3565 3096 3684 abgestreift hat, in dem frei und dennoch gebän¬
304 3584 1219 3651 einander aufgehen. Dabei ist nicht zu übersehen,
196 3606 309 3664 deu¬
196 3616 2147 3720 ma= daß Gefühlskälte im Punkte der Liebe nicht für] Leistung, die überzeugte und hinriß. Klugheit,
2012 3717 2157 3846 7
612 3696 1802 3911 seen
2056 3732 2565 3960 Iob.
1765 4030 1927 4129 1
