3484 4352
1315 224 1762 316 box 25/1
260 232 1280 331 20. Zuischensniel
1860 1218 2904 1289 meine, was den Geist betrifft — wie der Kapellmeister
1860 1268 2910 1328 Amadeus und seine Frau, die Opernsängerin, scheitern
1037 1276 1602 1359 Theatena
1863 1318 2906 1369 an dem Widerspiel ihres eigenen Ich. Fleisch und
919 1331 1059 1417 82
1045 1325 1646 1418 Re Wusik
1850 1352 2902 1396 Sinnen, Leben und Fabulieren verweben sich so eigen
1848 1396 2906 1445 dran und drum. Künstlerstreben und Menschengröhlen
901 1383 1812 1479 manianaanisze h
1859 1430 2912 1497 mischen sich so lachhaft trauervoll hinein. Sie geben
1858 1482 2908 1524 sich frei. Sie geben die Leiber frei, heißt das, auf daß
1130 1481 1484 1548 ere NC0.
1889 1496 2915 1568 sie ihre Herzen halten können. Sie wollen Freunde
895 1516 1837 1582 Burgtheater. Ich habe in meinem Kasten
1851 1551 2914 1617 sein. Sie wollen miteinander schaffen, streben. Und sie
794 1577 1836 1623 irgendwo einen alten kostbaren und schier ungeheuren
1861 1603 2912 1651 straucheln drüber, sie kommen drüber nicht hinweg.
797 1614 1837 1668 Schleier, den eine dunkle Trödlerecke mir einstmals be¬
1860 1633 2907 1676 Das Tierchen revoltiert in ihnen. In ihm zum min¬
799 1645 1839 1700 schert. Er ist mit wunderlichen Arabesken, stilisierten
1866 1676 2908 1727 desten. Die alte traurige Geschichte vom „Märchen“.
806 1694 1839 1741 Bäumen und träumenden Kurven ganz bedeckt, so daß
1861 1720 2916 1764 variiert ein wenig und doch auch dieselbe. Die tägliche
800 1731 1837 1786 das Licht ihn bald nur halb, bald, wenn auch selten,
1855 1749 2911 1806 Fleischkost jahrtausendalten Gewöhnens. Und den wohl¬
805 1773 1842 1823 ganz zu durchscheinen vermag. Und es ist eine alte und
1864 1786 2910 1853 frisierten Kopf Arturs über dem ollen empfindet man
804 1813 1839 1875 vielleicht ein wenig schrullenhafte Gewohnheit von mir,
1856 1820 2926 1871 auch über diesem Zwischenspiel. Er steckt in den Wolken
805 1846 1832 1911 ihn unter einem Vorwand all denen — und insbe¬
1864 1879 2910 1924 und hält die Drähte; und läßt die Purpen tanzen, die
803 1894 1849 1943 sondere den Frauen — anzupassen, die zu mir kommen
1865 1912 2917 1953 er gedrechselt; und lächelt traurig und frisiert dazu:
798 1937 1844 1982 und in meinem Haß und meiner Liebe groß sind.
1862 1947 2897 1998 Das ist das Leben. Das seid ihr. Das seid ihr Lächer¬
806 1970 1835 2012 Dann seh' ich, wie der Shawl sich ihnen anschmiegt und
1855 1983 2913 2047 lichen. Das seid ihr Schwachen. Und das der Ausklang
800 2002 1844 2055 die Dinge blässer und stiller werden in dem rosigen
1861 2031 2909 2083 aller eurer großen Gesten. Die Darstellung über alles
803 2049 1843 2093 Strahlenschlaf, der sie umsängt. Und es breitet sich ein
1855 2076 2909 2127 Lob erhaben. Herr Kainz hat die ein wenig gefähr¬
801 2081 1836 2132 sachtes Träumen über alles, das den Frieden bringt.
1860 2110 2906 2154 liche Rolle des Amadeus, meisterhaft erfaßt, gegeben.
799 2126 1803 2182 Die Welt, die Arthur Schnitzler uns erschließt, i
1857 2144 2930 2185 Daß ich ein paar Nuancen stärker, schwächer gebracht
801 2175 1841 2215 eine solche. Eine Schleierwekt. D Personen wandeln
1857 2190 2909 2233 hätte, ist schließlich Privatsache. Fräulein Witt und
796 2208 1842 2259 hinter einem Nebel, der sie nur wie Schemen ahnen
1866 2228 2912 2276 Heer Treßler. Herr Korff, trefflich diskret und
799 2251 1847 2301 läßt Es ist nicht Blut von unserm Blut in ihnen.
1865 2272 2913 2319 elegant wie immer, und Fräulein Häberle waren,
805 2286 1836 2326 Geschöpfe einer stillen Stube, Kinder eines zarten und
1859 2313 2898 2366 jedes in seiner Art, absolut erstklassig. Das Ensemble
794 2326 1837 2380 abgekehrten Geistes, kommen sie und kehren sie ein,
1853 2333 2913 2406 von gestern abend wird keine deutsche Bühne über¬
804 2360 1846 2413 kaum daß ein grell vom Sonnlicht erhellter Riß im
1860 2382 2928 2441 treffen können. Der Beifall war dementsprechend, und##
812 2405 1845 2456 Schleier sie uns in all ihren guten und schlechten Ex¬
1858 2429 2957 2496 Herr Schnitzler konnte sich zu diversen Malen nor#
811 2443 1853 2506 tasen einmal als unseresgleichen gezeigt hat. Schnitzler
809 2457 2382 2532 hat den Doktor nie vergessen können. So machte er ###ot#t ie qual“ verbeugen.
808 2529 1849 2581 immer neue Experimente am lebenden Fleisch der Lei¬
808 2565 1852 2622 ber und der Seelen. Ob das in drei Akten oder in
814 2604 1857 2660 fünfen geschieht, ist irrelevant. Daher der stete und
806 2650 1858 2694 auch heutige Beigeschmack des Buchdramas, soviel
810 2677 1855 2730 krasses und gedämpftes Leben sich auch bieten mag.
803 2722 1846 2772 Zierlich und zielbewußt konstruierte Szenen und Mensch¬
811 2754 1857 2818 lichkeiten, die sich selbst in subtilster Weise psychologisch
809 2802 1857 2842 zerlegen oder zerlegen lassen. Daher die zeitweisen
801 2842 1857 2885 Längen und das Unvermögen des Publikums, dem
796 2871 1847 2923 wie stets meisterhaften Dialog zu folgen. Schnitzler'sche
800 2915 1862 2959 Prosa muß wie ein Praliné, es sei gestattet, langsam
809 2944 1856 3007 im Mund zerfließen, um den köstlichen Kern in rechter
801 2992 1850 3049 Art zu zeigen. Die krasse Prägnanz des Bühnenspiels
809 3032 1855 3081 verlangt ein Schlucken, das den Clou der Chose mit
806 3075 1859 3123 sich in die Tiefe trägt. Eine Komödie nennt sich das
810 3119 1852 3164 Ganze. Und doch kaum flammt ein heiteres Wörtchen
809 3156 1856 3207 hier und dorten auf. In einem schluchzenden Zwie¬
808 3191 1864 3247 licht gehen die Gestalten, und das Ende ist ein
808 3233 1868 3291 stöhnend schriller Mißakkord. Komödie! Jawohl. Eine
797 3271 1861 3320 Komödie ist es trotz allem. Eine Komödie der mensch¬
811 3314 1859 3361 lichen Impotenz, jenes kläglichen Nichtkönnens, das
808 3352 1864 3400 am Lächerlichsten und drum auch an Tragischesten
804 3376 1868 3441 hängen bleibt. Zwei so hochstehende Menschen — ich
