3436 4256
273 115 1198 224 20. Zuischenspier
1338 118 1795 210 box 25/5
595 934 3357 1027 eichterstatter Burden nlcht zugelassen. Eine= Kome Feitung nahe bevorsteht. Bulgarische Aeroplane sindder Balkanstaaten über die Türk
3231 944 3328 1011 Tiint
590 967 2119 1058 pagnie Redifs, 50 Mann, unter dem Kommandomehrfach aufgestiegen.
2670 1007 3352 1067 des italienischen Volkes mitberau
579 1002 1671 1075 eines Hauptmanns gaben die Todessalve ab. Dem
2670 1043 3359 1111 lunter dem Eindruck der auch hier
580 1095 1649 1164 Dazu ist weder das Organ, noch die Modulation, noch
584 1143 1660 1204 sind die übrigen Mittel der klugen und begabten Dar¬
2669 1123 3354 1204 mußte wiederholt werden. Ein ##
1775 1031 2580 1216 Kleines Feulleron.
2684 1171 3314 1240 virtnoses Stück gelang dem
573 1170 1663 1244 stellerin hierzu geschaffen. Was Frau Körner machte,
1732 1184 2677 1266 = Programm für Dienstag. Kgl. Oper: „Der
2676 1213 3361 1283 Jannequins „Schlacht, von Marig
584 1203 1646 1288 war etwa eine Nora, die etwas spät aus der Taran¬
1643 1215 2025 1295 Rosenkapalier“, 7.
2085 1240 2673 1303 Kgl. Schauspiel: „Zwischen¬
2684 1250 3338 1316 feinbeobachteten Dynamik nur
582 1250 1641 1318 tella erwacht ist und der Pralinés entraten lernte.
1638 1277 2686 1335 spiel“, ½28. — Residenztheater: „Das Leutnantslieb¬
2681 1286 3359 1362 stellen noch derber, tosender hätt
580 1289 1646 1363 Cäcilie aber geht nicht aus einem Puppenheim. Und
1640 1309 1855 1361 chen“ 8. —
1854 1314 2678 1381 Zentraltheater: „Die Dame in Rot“, 8.
2676 1313 3337 1395 können und mit sorgfältigerer
579 1325 1645 1394 sie geht aus fast entgegengesetzten Motiven, wie Nora.
1702 1345 2484 1412 Palmengarten: Emil Sauer, ½8. —
2676 1361 3327 1426 sprache. Man darf nicht ror
584 1367 1642 1430 Denn bei Amadeus könnte eine Nora bleiben. Cäcilie
1641 1358 2679 1449 haus: Männergesangverein „Tannhäufer“ —
2472 1406 2577 1448 8.
2670 1392 3348 1468 Françoa hören. Zwischen den C
573 1405 1638 1464 ist nur möglich schön, mit edlem Organ, stolz. Mit
1757 1418 2677 1494 Mitteilung aus dem Bureau der Kgl. Hof¬
2674 1438 3332 1502 [Tangel=Strik mit feinem
579 1441 1631 1509 einem Zug von Größe. Nebenbei fiel der Geschmack
1635 1439 2670 1530 theater. Im Kal. Opernhause geht morgen Diens¬
2680 1470 3362 1543 ihrer delikaten Technik vier musik
581 1476 1642 1546 dieser Cäcilie auf, die im Pelzmantel am klaren
1635 1500 2676 1555 tag, den 5. November „Der Rosenkavalier“
2672 1507 3357 1582 von Couperin und Rameau und
582 1516 1630 1589 Oktobertag reist, wenn ihr Kind im Garten spielt
1635 1529 2290 1602 von Richard Strauß in Szene.
2268 1540 2670 1607 Die Hauptpartien
2665 1547 3363 1613 Beifall. Als Liederbegleiterin n
584 1555 1639 1626 und die man sich auf dem Weg von Berlin nach
1640 1572 2674 1638 werden gesungen von den Damen Siems, Bender¬
2678 1601 3339 1660 Strik noch mehr mit dem Tont
571 1589 1637 1674 Wien in hellseidener Gesellschaftstoilette (in der sie
1630 1613 2675 1683 Schäfer und Nast sowie von den Herren Ermold
2672 1629 3357 1696 hinter die Sängerin zurücktrete
572 1639 1627 1699 glücklich und sauber eintraf) vorzustellen hat. Das
1631 1652 2673 1718 und Trede. — Die nächste Aufführung des Dramas
2666 1671 3358 1721 Frau Luise Ottermann, war
589 1681 1633 1757 ist so unmöglich, wie der Bub im Schlafgewand von
1630 1691 2664 1768 „Gabriel Schillings Flucht“ von Gerhart
2668 1712 3361 1767 niert und sang auch einige Arien
580 1714 1155 1774 himmelblauer Moireeseide.
1635 1731 2673 1801 Hauptmann findet nach der Rückkunft des Herrn
2672 1740 3337 1799 terlingslied des André Campra,
662 1752 1631 1824 Herr Becker, der schwerblütige Othello und
1629 1766 2663 1836 Wiecke von seinem Gastspielurlaub Donnerstag den
2665 1779 3354 1840 bereits zu unbequem liegen. Auch
577 1785 1636 1857 Holofernes, überraschte dagegen durch die frische,
1627 1802 2665 1879 7. November außer Abonnement statt. — Montag und
2663 1816 3366 1888 des d'Astorga, die lebhaftestem In
572 1830 1634 1892 naive und auf den Höhepunkten leidenschaftliche
1631 1848 2665 1906 Mittwoch gastiert Herr Helgers (Baß) vom Stadt¬
2666 1850 3351 1920 stellen zu hohe Anforderungen au
568 1861 1633 1931 Art seines Kapellmeisters. Man kann das vielleicht
1630 1872 2661 1959 theater in Aachen als Sarnstro und Mephisto auf
2665 1897 3339 1957 keit der Kehle; Frau Ottermann 1
580 1907 1632 1990 mehr im Komödienstil und graziler gestalten, aber
1624 1920 1911 1981 Engagement.
2656 1943 3355 1989 Aufgaben ihre begabtesten Schü
575 1945 1004 2008 kaum interessanter.
1734 1949 2666 2030 * Der Dresdner Chorgesangverein hat die Er¬
2664 1974 3360 2031 und vortreten lassen. Es soll sch
648 1981 1619 2054 Mehnert gab äußerlich einen ins Blonde
1620 1993 2665 2072 wartungen, die sich an sein erstes Auftreten im ver¬
2658 2007 3364 2088 erwähnt bleiben, welch Musterbild
572 2024 1624 2090 und Blaßrundliche transponierten Schnitzler. Ab¬
1630 2038 2668 2114 flossenen Frühjahr knüpften, nicht enttäuscht. Wird
2663 2049 3345 2115 schmacks das gesamte Programm
576 2067 1628 2128 gesehen von dieser für das Theater zweifellos er¬
1622 2076 2625 2143 er weiterhin so sorgfältig arbeiten, wird er i
2660 2088 3342 2166 stellte; man wird es wohl Herrn
570 2107 1629 2170 laubten Vergröberung bleibt doch zu sagen, daß die
2659 2120 2820 2189 haben.
1627 2119 2658 2183 wenigen Jahren seinen Ruf und seine Tradition
572 2143 1627 2213 Einwände und Meinungen des Albertus Rhon
1620 2148 2661 2226 haben können; ein zahlreiches interessiertes Publi¬
2789 2146 3361 2233 Herbert Eulenberg wurde,
566 2171 1631 2253 nicht die Schnitzlers, vielmehr die von Schnitzler
1617 2187 2652 2263 kum hat er heute schon. Dessen Beifallslust möge
2649 2209 3331 2265 in Bestätigung unsrer früheren
565 2210 1627 2290 erwarteten sind. Sonst war das aber eine humor¬
1625 2228 2656 2300 ihn nicht zum Mangel an Selbstkritik verleiten.
2656 2242 3341 2300 wird, mit dem Volks=Schill
567 2256 1625 2321 volle, lebendige Charakterstudie die der Komödie
1617 2262 2662 2339 Denn in manchen Fällen galt die besonders herz¬
2656 2281 3352 2337 zeichnet. Er empfängt diesen Pr
562 2300 1635 2384 ebenso zustatten kam, wie das seine, bis ins kleinste
1613 2303 2651 2383 liche Wärme des Applauses mindestens zum gleichen
2655 2307 3361 2384 beträgt und von den deutschen Go
563 2327 1622 2406 reizvoll abschattierte Portrait eines Wiener Hoch¬
1621 2341 2659 2414 Teile den erlesenen Kleinodien Palestrinas, Vitto¬
2657 2362 3356 2413 wird, für sein jüngstes, in Dresd
1617 2384 2659 2456 rias, Scandellis, die in unsern vielen Musikabenden
2650 2394 3345 2448 rung gelangtes Drama „Belind
559 2388 2658 2450 aristokraten, das Herr Wierth wirklich entzückend zoch nur so selten aufgezeigt werden. Aber gerade
564 2411 1626 2487 herausbrachte. Ihm galt ein in diesem Dialog ge¬
2657 2440 3349 2495 mit Genugtuung begrüßen, daß auf
552 2449 1614 2527 wiß nicht erwarteter, spontauer Beifall bei offener
1617 2458 2648 2531 darin eine weitere Spezialität neben der wirklich
2645 2467 3362 2540 Dichter, der eigene Wege geht und
550 2495 1619 2563 Scene. Auch Alice Verden zeigte wieder, wie
1615 2493 2657 2572 künstlerischen a-cappella-Gesanges auszubilden,
2653 2511 3359 2578 hartem Widerstand zu kämpfen he
554 2530 1609 2608 frisch und vielseitig begabt sie ist. Frau Salbach
1610 2537 2644 2601 zeigte ich schon im Frühjahr dem Vereine und sei¬
2648 2547 3354 2616 Preisrichter fiel. Das Preisgerich
1613 2579 2658 2632 nem sympathischen Dirigenten Otto Winter als
569 2560 1616 2654 blieb, wie es Schnitzler gewollt hat, bescheiden im
2650 2589 3352 2652 in engere Wahl gekommenen Drau
560 2601 802 2674 Schatten.
1608 2609 2650 2683 die Hauptaufgabe des Vereins. Es wird nicht feh¬
2645 2631 3358 2685 richs Heimkehr“ von Hans Frau
1606 2655 2648 2722 len, daß dem jungen Verein so manche Sangeslustige
631 2648 1610 2723 Die Aufführung, für die man durch Milderung
2651 2664 3349 2736 Achilles“ von Wilhelm Schmid
1611 2691 2646 2761 nun beitreten wollen, weil sie seine schönen Erfolge
556 2676 1614 2761 des elektrischen Lampenlichts und eines allzu bunten
2639 2702 3349 2767 Schweizer Volksdrama „Marign
1608 2711 3348 2802 erlebt haben. Möge Herr Winter da nur das Gesetz! Friedrich Wiegand ehrend zu er
561 2729 1610 2798 Zuviels an dem einzigen Ort des Geschehens noch
1604 2767 3357 2832 streuger Auslese walten lassen und die Vereins=deutschen Bühnen zur Aufführung 2
552 2765 1610 2838 einiges tun könnte, ließ unter der Regie Lewingers
1614 2794 3329 2872 leitung ihn hierbei unterstützen. Gut wäre es auch, bezug auf das Drama „Gabriel
551 2803 1603 2874 alle Feinheiten Schnitzlerscher Dialogkunst voll auf¬
1599 2837 2643 2912 einigen Tenören in Spezialsingübungen, am besten
555 2854 1614 2912 blühen. Man fühlte, was hinter den Worten lauert
2647 2863 3350 2919 wurde hervorgehoben, daß Gerhart
1594 2868 3350 2954 vom Sprechton aus, die Stimme zurechtzusetzen. bei der Verteilung des Volks¬
561 2891 1613 2952 und hofft und trauert. Und durch Wierth kam
1600 2911 3359 3014 Jeder einzelne Halsklang stört den Wohllaut eines gekrönt wurde, außerhalb des Wet
557 2919 1602 3000 etwas leise Wienerisches herein... Es war wirk¬
1605 2956 2661 3034 so vorzüglich angelegten Chores. Den tiefsten Ein=
552 2966 1620 3045 lich ein capriccio doloroso, wenn auch die große,
2751 2979 3339 3039 Anton v. Perfall †. Wie
1599 2994 3357 3072 druck machte wohl Palestrinas Madrigal „o, süßerstelegramm aus München meld
545 2983 3346 3052 stolze, blühende Altistin fehlte. Aber die sollen ja! Tod“ in seiner monumentalen Einfachheit; ein Ur= Romanschriftsteller Anton Freiherr
555 3037 1247 3122 fast ausgestorben sein, sagt man.
1593 3053 3357 3163 brunnen der Empfindung schien da entsiegelt. Sean= Nacht auf Sonntag an Nierenblutt
1016 3109 3356 3207 Julius Ferdinand Wollf. dellis lustiges Sätzchen von der eterlegenden Henne Anton v. Perfall hat sein Bestes
2791 3205 2957 3321 307
