3532 4384
1377 144 1827 234 box 25/3
304 155 1216 249 20. Zuischensniel
2056 571 2580 637 21. November 1905.
1117 565 1365 637 Seite 5.
771 666 1690 728 kannt. Eine Expedition wird über das Eis nach
1716 671 2634 728 wie zwitterhaft er dem komödienhaften Verlauf
770 701 1458 775 dem Orte des Unglückes abgesendet.
1709 715 2641 770 der Handlung durch einen psychologisch ungeklärten
1718 760 2649 813 Wechsel von schweren und leichten Stimmungen
1714 795 2098 864 beizukommen sucht.
851 813 1700 880 Wien, 22. Nov. Ministerpräsident Freih.
770 868 1700 917 v. Gautsch wurde heute vom Kaiser in
1792 861 2642 931 Der Titel des Stückes „Zwischenspiel“ will
780 912 1628 950 nahezu zweistündiger Andienz empfangen.
1723 913 2646 968 symbolisch genommen sein etwa so wie die bilder¬
859 959 1689 1007 Paris, 22. Nov. Der König von Por¬
1715 953 2642 1009 reichen Namen der dramatischen Arbeiten Ibsens,
776 996 1691 1041 tugal ist um 3 Uhr hier eingetroffen und
1722 1002 2636 1045 die ihre poetische Vignette aus einem reizvollen
773 1040 1698 1091 wurde im Bahnhofe vom Präsidenten Loubet,
1718 1037 2645 1101 Detail des Dialoges hervorholen und sie bei
783 1075 1695 1120 von den Ministern und den Vertretern der Be¬
1713 1083 2640 1142 jeder entscheidenden Szene bedeutsam hervorflim¬
772 1121 1694 1167 hörden empfangen. Um 5 Uhr begab sich der
1716 1133 2641 1177 mern lassen. Der Kapellmeister Amadeus Adams
762 1158 1686 1219 König in das Palais Elysée, um dem Präsidenten
1720 1172 2641 1214 hat ein Capriccio komponiert, das er ein „Zwischen¬
784 1204 1274 1256 einen Besuch abzustatten.
1723 1215 2643 1256 spiel“ nennt, und als ihn die beste Interpretation
848 1246 1688 1299 Madrid, 22. Nov. König Alphons
1719 1255 2650 1308 seiner Schöpfungen, seine Gattin, die Opernsän¬
768 1287 1697 1341 ist nachmittags hieher zurückgekehrt. Die
1711 1305 2646 1352 gerin Cäzilie Adams Ortenburg auf eine heim¬
769 1333 1639 1388 Bevölkerung bereitete ihm lebhafte Ovationen.
1721 1339 2641 1392 liche Traurigkeit in dem heiteren Tonstücke auf¬
1707 1373 2643 1439 merksam macht, tauft er es Capriccio doloroso.
1708 1430 2644 1477 Diese verborgene Melancholie hat sich in sein Werk
903 1427 1585 1508 Kabel-Telegramme:
1714 1470 2645 1513 vielleicht nur darum hineingeschlichen, weil seine
834 1507 1690 1559 New-York. 22 Nov. Getreide- und
1703 1522 2646 1570 persönliche Stimmung sich nicht von Beklem¬
778 1548 1684 1594 Fondsbörse. (New-Torker Börse von hente.)
1710 1553 2642 1603 mungen frei weiß. Nach siebenjähriger Ehe, die
781 1584 1639 1635 Tendenz des Getreidemarktes: Stetig.
1708 1590 2645 1642 mit einem prächtigen Kinde gesegnet ist, fühlt
787 1620 1317 1671 Weizen per Dez. 90.62.
1409 1619 1692 1674 Weizen per
1712 1642 2649 1698 sich Adams bei aller Wertschätzung für seine
774 1658 1685 1702 Mai 9062.— Mais per Dezember 54.—.
1708 1687 2642 1734 Frau zu seiner gräflichen Schülerin, der
772 1692 1620 1737 Zucker (Fair. Rei. Mascovados) 2 15/16 —.
1718 1713 2649 1778 Opernsängerin von Moosheim hingezogen,
768 1724 1179 1782 Baumwolle 11.65.
1266 1735 1690 1785 Schlußtendenz der
1706 1757 2637 1827 welche es freilich an Verführungskünsten nicht
776 1774 1692 1822 Fonds-Börse: Unregelmäß. Aktienumsatz:
772 1810 1694 1858 1,470.000 Stüch. Union - Pacific 134 25,
1710 1805 2644 1851 fehlen läßt. Da auch die vielgefeierte Gattin
773 1858 1694 1903 Kanada-Paciflo 178 12, Wechsel auf Lon¬
1710 1846 2638 1900 ihre Liaison mit dem Fürsten Lohsenstein hat,
772 1880 1342 1934 don 48270, Silber 64.37.
1714 1886 2648 1953 kommt es zwischen dem Ehepaare zu einer fried¬
799 1925 1697 1975 Glasgow, 22.Nov. Roheisen. (Schluß.) Mixed
1707 1938 2638 1989 lichen Aussprache. Beide halten es sich etwas
767 1964 1686 2007 numbers warrants — sh. 0 d. Middles borough
1713 1981 2643 2034 darauf zu Gute, gegeneinander höchst freimütig
765 1992 1005 2059 53 sh. 4 d.
1715 2022 2637 2070 vorgegangen zu sein; sie hatten niemals ein Ge¬
1712 2062 2641 2103 heimnis voreinander und darum scheint alle
833 2064 1654 2137 Stimmungsbericht vom amerika¬
1708 2113 2638 2160 Hoffnung vorhanden, daß aus der brüchig ge¬
909 2125 1571 2189 nischen Baumwollmarkte.
1716 2147 2650 2185 wordenen Ehe eine gute Freundschaft werden
1240 2179 1660 2251 New=York, 22. Nov.
1710 2185 2641 2247 könnte. Nur scheinen sie gerade in diesem fol¬
1705 2232 2644 2282 genschweren Entschlusse, nebeneinander und nicht
826 2226 1692 2294 Die Baumwollbörse verkehrte bei Eröffnung auf
1706 2266 2256 2329 mehr miteinander leben
2358 2270 2639 2328 wollen, von
758 2277 1690 2340 enttäuschende Kabelnachrichten und Abgaben, die in
1714 2303 2635 2376 der so gerühmten Ehrlichkeit nicht den
760 2336 1681 2384 der Annahme eines bevorstehenden Tendenzumschwungs
1711 2347 2147 2415 vollen Gebrauch zu
2150 2355 2646 2417 machen. Der Kapell¬
773 2368 1680 2438 vorgenommen wurden, niedriger, zumal auch Reali¬
1704 2398 1851 2452 meister
1889 2397 2011 2459 gibt
2157 2395 2648 2459 dem vorübergehenden
778 2422 1690 2472 sationslust in Erscheinung trat. Späterhin zeigten
1712 2441 2642 2506 Reize einer Liebschaft gefangen und hält die
776 2468 1691 2529 sich vorübergehend Erhöhungen, veranlaßt durch hausse¬
1713 2482 2643 2538 Neigung, die ihn trotz alledem an die Gattin
764 2519 1688 2569 lautende Ernteschätzungen und günstigere Konjunktur¬
1705 2523 2639 2576 fesselt, für ein bloßes Bedürfnis des Künstlers,
770 2555 1695 2625 berichte von den südlichen Märkten. Die Hauffiers
1716 2568 2635 2621 der von der verständnisvollen Kennerin seiner
764 2613 1685 2669 waren bemüht, das Kursniveau zu halten, und auch
1704 2608 2641 2659 Werke nicht lassen, will. Und Zäzilie treibt ein
1717 2655 2646 2702 noch frivoleres Spiel, da sie den zum Freunde
760 2656 1686 2712 die Wallstreet=Spekulanten beteiligten sich als lebhafte
1703 2699 2642 2743 degradierten Gatten, viel juniger liebt als den
763 2710 1683 2754 Käufer, da aber zuletzt Liquidationen vorgenommen
1711 2731 2634 2794 jungen Fürsten, um dessentwillen sie auf die ge¬
761 2744 1686 2809 wurden und dies das aggressive Vorgehen der Baisse¬
1702 2777 2638 2831 fährlichen Freundschaftsexperimente eingeht. Die
764 2791 1680 2856 partei förderte, zeigten sich allgemeine Kursabbröcklun¬
1710 2821 2648 2869 Eheepisode der Beiden hat ein vorläufiges Ende
754 2844 1686 2907 gen. Man schloß in stetiger Tendenz. Wetter: Golf
1758 2861 2639 2923 das Zwischenspiel neuer Liebesromantik kann
745 2884 1221 2951 klar 53, Atlantik klar 55.
1703 2908 2638 2957 beginnen. Doch es ist von recht kurzer Dauer.
1708 2951 2644 2988 Nach wenigen Monaten hat Amadens der ver¬
1717 2987 2636 3049 führerischen Gräfin bereits den Abschiedsbrief
1096 2997 1379 3084 Theater.
1708 3031 2638 3071 geschrieben, und der Roman seiner Gattin
1712 3072 2623 3126 hat sich noch in bescheideneren Formen gehalten.
1031 3079 1426 3149 Zwischenspiel.
1714 3114 2637 3157 Sie hat dem verliebten Fürsten die Rolle eines
788 3129 1672 3203 Komödie in drei Akten von Arthur=Schnitter
1702 3160 2635 3207 schmachtenden Liebhabers zugedacht und kehrt
776 3188 1686 3253 (Erstaufführung am 22. November 1905 im Neuen
1708 3205 2635 3246 unberührt von den Flammen der Leidenschaft
1055 3226 1399 3287 deutschen Theater.)
1704 3239 2645 3299 von einer Berliner Gastspielreise in ihr Wiener
835 3262 1675 3333 Der Begriff der Komödie ist viel freier und
1706 3285 2629 3338 Heim zurück. Dort wird sie von Amadens, der
754 3317 1684 3370 luftiger als uns Schnitzler mit seinem neuen
1700 3331 2628 3389 sich noch nicht eingesteht, daß seine Freundschaft
758 3355 1682 3414 Stücke glauben machen will. Vor allem hat er
1706 3368 2625 3415 für Zäzilie längst wieder Liebe geworden ist,
763 3402 1686 3448 eine stärkere Ueberlegenheit des Dichters seinem
1703 3414 2633 3454 sehnsüchtig erwartet, und als sie schöner und be¬
764 3440 1680 3501 Stoffe gegenüber zur Voraussetzung und bedingt
1700 3457 2635 3497 gehrenswerter als je vor ihm erscheint, da entzündet
769 3496 1684 3546 eine klare Erkenntnis der Seelenzustände aller
1699 3498 2551 3550 sich die Flamme der Leidenschaft
765 3528 1686 3577 Gestalten, mit deren inneren und äußeren Erleb¬
1708 3530 2230 3590 mächtig, daß beide in
2236 3535 2643 3592 ihrem Glutstrom
764 3573 1684 3623 nissen wir vertraut werden sollen. Erst dann
1705 3579 2633 3622 versinken. Das Erwachen der Ehegatten nach
764 3615 1676 3665 kann sich jene athmosphärische Wirkung ergeben,
1706 3617 2631 3673 dieser eigentümlichen Liebesnacht ist ein ganz ver¬
760 3655 1688 3712 die den Zuschauer so heiter stimmt, daß er selbst
1700 3664 2633 3706 schiedenes. Amadens ist am nächsten Morgen der
760 3693 1684 3745 den ernsten Vorgängen auf der Bühne mit der
1711 3709 2629 3759 eifersüchtige Liebhaber, der sogar den Fürsten
759 3738 1682 3793 wohl temperierten Wärme des eingeweihten Un¬
1705 3751 2627 3792 Lohsenstein zum Duell herausfordert und sich erst
762 3781 1682 3830 beteiligten begegnet, daß er sich für die Konflikte
1698 3784 2624 3846 beruhigt, als er ihm die Reinheit seiner Bezie¬
764 3825 1686 3868 der handelnden Personen lebhaft interessiert, ohne
1701 3831 2632 3870 hungen und den Willen zur Resignation kund¬
762 3866 1684 3925 an ihnen zu leiden. Arthur Schnitzler ist diesen
1711 3874 2630 3930 gibt. Zäzilie aber steht diesen Regungen ver¬
769 3908 1680 3967 Gesetzen des Komödienstiles nur in der Figur
1704 3921 2621 3964 jüngter Gattenliebe als eine Verwandelte gegen¬
766 3948 1685 4010 des Schriftstellers Albertus Rhon gerecht gewor¬
1701 3959 2625 4010 über. Das Erlebnis der Nacht, die sie zur Ge¬
758 3991 1684 4032 den, dem die Rolle zufällt, das bunte Spiel mit
1699 4001 2627 4042 liebten des Mannes machte, dessen Ehefrau sie
760 4034 1678 4079 Gefühlen und Gefühlchen, das den Hauptinhalt
1700 4048 2625 4081 gewesen, hat in ihr einen Sinneurausch emzün¬
758 4069 1687 4127 des Stückes ausmacht, mit literarisch verfärbten
1703 4082 2609 4128 det, der über alle Grenzen hinausstrebt. Vor dem
756 4107 1680 4158 Glossen zu begleiten, und gleichsam das kritische
1695 4123 2609 4169 Gatten will sie flüchten bevor sie noch de# ###fel
