3436 4352
1361 176 1833 297 box 25/2
292 181 1215 305 20. Zuischensniel
1989 775 3278 889 Arthur Schnitzler, welcher lange Zeit von der Hofbühne ferngehalten
672 785 1927 862 Ein Theaterstück war es nicht. Es war eben viel mehr. Es war
1925 840 3259 939 wurde, ist heute wieder mit einem neuen Stück dort erschienen, einer
587 853 1921 928 eine jener feinsten Wahrheiten, bei denen es ganz gleich ist, ob sie in
1929 908 3275 979 „Komödie“ in drei Akten: „Zwischenspiel“. Sie behandelt das alte
591 913 1916 976 lyrischer, evischer oder dramatischer Form gesagt werden; eine jener aller¬
1928 970 3253 1044 Thema von der schiffbrüchigen Ehe in einer eigenartigen, aber halsbreche
592 968 1923 1043 geheimsten Wahrheiten, die man sich selbst nur mit Zögern eingesteht, und
1928 1023 3254 1092 risch gewagten Weise. Die Ehegatten trennen sich im ersten Akt — „ein¬
1268 1023 1924 1116 Der Beifall zwang Schnitzler nach
591 1035 1227 1098 meist — wenn es zu spät ist...
1919 1075 3259 1143 verständlich“ wie die Juristen sagen — doch indem sie auseinandergehen,
581 1078 1291 1167 jedem Akt, vor die Rampe zu treten.
1262 1103 1891 1203 „Berliner Neueste Nachrichten“.
1920 1133 3271 1191 bleiben sie erst recht beieinander. Der gemeinschaftliche Haushalt wird
1927 1176 3264 1241 fortgeführt, nur soll jeder Teil vollkommene Bewegungsfreiheit genießen.
1925 1233 3271 1315 Der Mann macht von diesem Rechte ausgiebig Gebrauch, die Frau nur
678 1224 1924 1318 Es ist ein stilles, nachdenkliches Stück, dieses „Zwischenspiel“, das
1931 1292 3257 1363 scheinbar, und am Ende des zweiten Akts, in einem Augenblick der wieder¬
593 1299 1930 1393 Arthur Schnitzler diesmal geschrieben hat. Für das Laute. Polternde,
1926 1346 3274 1420 aufflammenden Liebe, kommen beide wieder ehelich zusammen. Es ist
591 1365 1925 1453 Leidenschaftliche hat er nie die Neigung gehabt und nie den Ausdruck
1928 1401 3274 1456 sozusagen ihre zweite Hochzeit. Und nachdem sie sich also wiedergefunden,
589 1413 795 1508 gefunden.
1926 1453 3266 1536 trennen sie sich abermals im dritten Akt. Der Scheidungsgrund bleibt
677 1437 1923 1545 Der Erfolg der Komödie war der im „Lessing=Theater“ übliche. Am
1936 1507 3273 1584 zum Teil das Geheimnis des Dichters. Man errät nur, daß die Frau
592 1498 1929 1609 Schlusse heftig wogender Kampf zwischen denen, die sich mehr als drei geist¬
1939 1564 3276 1639 sich entschieden weigert, mit dem Manne, dem sie sich soeben hingegeben,
596 1592 1930 1649 reiche Dialoge über Künstlerehen und Zwischenspiele erwartet hatten, und den
1940 1618 3263 1695 weiterzuleben. Es war nur ein Zwischenspiel gewesen, ihre ganze Ehe
585 1643 1922 1705 anderen, die den klugen Planderer mit all seinem weichen Wienertum, seiner
1931 1662 3274 1741 nur ein Intermezzo. Kaum ist jedoch der Gatte endgiltig fortgegangen.
592 1689 1929 1771 heimlichen Sentimentalität und seiner ein bißchen koketten Ironie auch in
1926 1721 3275 1817 so bricht die Frau weinend zusammen, ohne Zweifel, weil sie ihn sich
606 1741 1932 1809 diesem etwas sophistisch konstruierten Problem dankbar wiederfanden.
1933 1781 2212 1864 zurückwünscht.
598 1806 1927 1869 Nach dem zweiten Akt aber hatte Schnitzler mehrfach, ohne Widerspruch
1994 1807 3260 1909 Der Dichter hat ungemein viel Kunst an dieses Bauwerk verschwendet.
1481 1852 1899 1941 „Die Post“, Berlin.
601 1854 1414 1944 zu wecken, an der Rampe erscheinen dürfen.
1924 1880 3276 1947 darunter allerfeinste Kunst. Er bleibt durchwegs interessant, und sein
1936 1942 3278 2011 Dialog blitzt von Geist. Schon nach dem ersten Akt konnte der Regisseur
682 1955 1915 2050 Im „Lessing=Theater“ wurde gestern Arthur Schnitzlers „Zwischen¬
1941 1997 3281 2067 erscheinen, um den „Dank Arthur Schnitzlers“ auszusprechen, und dieser
596 2048 1879 2112 spiel“ mit lebhaftem, erst zum Schluß bestrittenem Beifall begrüßt..
1931 2053 3078 2143 selbst wurde im Verlaufe des Abends vielfach hervorgerufen.
671 2096 1938 2170 Die subtile, psychologische Feinheit, die Arthur Schnitzler in die erste
2688 2097 3236 2192 Neue Freie Presse, Wien.
589 2160 1934 2229 Reihe der deutschen Poeten stellt, feiert auch hier ihre Triumphe. Geist¬
597 2201 1937 2272 reiche Worte und Wendungen über Frauentreue und Männerwankelmut,
2004 2238 3281 2326 Ein genußreicher Abend. Es gelangte Schnitzlers dreiaktige Komödie
604 2257 1938 2310 über Freundschaft und Duell blitzen auf. Ein reifer kluger Kenner be¬
1939 2312 3276 2383 „Zwischenspiel“ zur ersten Aufführung. Ein reizendes Stück, das nur
600 2310 1926 2383 leuchtet in einem entzückend pointierten Dialog den Krieg zwischen Adam
1915 2367 3275 2431 am Schlusse schlechterdings nicht weiß, wo es hinaus will. Eine
1446 2365 1892 2442 „Berliner Tageblatt“.
594 2370 1344 2458 und Eva, der so alt wie die Welt ist.
1922 2416 3276 2476 feingesponnene Sache, die dann nicht recht an die Sonnen kommt. Der
1931 2474 3254 2559 große Erfolg des Abends, der nach dem zweiten Akte in vielen Hervor¬
683 2474 1932 2565 Nun hat aber Arthur Schnitzler so viel Geist und Geschmack, daß
1930 2528 3083 2615 rufen des Dichters gipfelte, schlug zuletzt in Widerspruch um.
594 2556 1940 2629 er sein Thema, abgesehen von seiner grotesken Unwahrscheinlichkeit, nicht
2787 2552 3233 2646 Fremdenblatt, Wien.
598 2605 1929 2691 nur konsequent und folgerichtig entwickelt, sondern ihm auch eine Fülle
594 2654 1341 2750 von amüsanten Variationen abgewinnt.
1997 2690 3263 2795 Arthur Schnitzler ist wieder burgtheaterfähig. Er mußte dafür
1259 2704 1910 2794 „Die Zeit am Montag“, Berlin.
1924 2766 3264 2843 einige Bemerkungen über Gott und den deutschen Kaiser opfern. Die
1933 2826 3270 2903 sind ihm nämlich aus seiner neuesten Komödie „Zwischenspiel“ von der
660 2819 1929 2924 Der Beifall war wohlverdient, wenn man die Komödie reinlitera¬
1928 2868 3269 2965 Hauszensur gestrichen worden. Das Stück wurde gestern zum ersten
592 2890 1912 2971 risch und nicht durch die Kassiererbrille des Zugstückjägers betrachtet. ..
1927 2933 3267 3019 Male gespielt. Das Publikum rief den Dichter nach allen Aktschlüssen.
593 2959 1933 3027 Vor allem aber fesselt uns das sichere Gefühl, hier von der Hand eines
2581 2981 3239 3072 Illustriertes Wiener Extrablatt.
586 3008 1928 3082 vornehmen Künstlers auf so absonderliche Nebenpfade der Dramatik ge¬
586 3054 1935 3139 leitet zu werden, eines Künstlers, der jedes Mittel alter Routine, jeden
588 3129 1934 3194 ausgetretenen Pfad, jeden abgenutzten Steg, jeden Überrumpelungsversuch
2005 3091 3265 3194 Hier wandeln Menschen am äußersten, fernsten Gelände der Wirk¬
588 3169 1928 3226 unserer Empfindung nach plumper Sudermannsart — stolz verschmäht
1919 3176 3277 3256 lichkeit; abseits am Saum des Lebensgebietes, wohin nur selten einer sich
596 3223 1238 3312 Wir waren in guter Gesellschaft.
1334 3216 1914 3313 „Tägl. Rundschau“, Berlin.
1920 3232 3268 3306 verirrt; einsam, weit draußen am schmalen Rand feinster, haardünner
1931 3276 3277 3345 Möglichkeiten, wo ein Fuß im Seiltänzerschritt vor den andern gesetzt
1932 3341 3272 3407 werden muß, wo ein Fehltritt den Absturz ins bodenlos Groteske zur Folge
689 3328 1921 3430 Es ist einem Deutschen oder vielmehr einem Österreicher, der wenig¬
1937 3399 3272 3470 hätte. Und dort balanciert Arthur Schnitzler seine Gestalten, ohne daß
590 3411 1921 3479 stens mit seinen modernen Krisenstücken immer näher an Bauernfeld her¬
1944 3444 3267 3518 man ein einziges Mal nur empfinden würde: sie gleiten ab. Zwar spürt
596 3468 1924 3539 anrückt, gelungen, ein Konservationsstück zu schreiben, ein stilles elegantes
1932 3502 3272 3574 man den Hauch, der aus der Tiefe kommt, spürt diese Menschen, diese
599 3511 1928 3580 Salondrama, dem so viel Geist mitgegeben ist, daß es auf den Witz ver¬
1931 3558 3260 3634 Worte, von dem Wehen des Grotesken umwittert, aber man bleibt sicher
1339 3578 1901 3657 „Vossische Zeitung“, Berlin.
589 3576 877 3661 zichten kann.
2858 3611 3221 3701 Die Zeit, Wien.
1921 3615 2628 3702 im Gefühl: es kann nichts passieren.
789 3945 3088 4044 Richard Beer-hofmann: der Graf von Charolais.
2462 4043 3261 4149 Repertoirestück der wichtigsten Bühnen.
589 4052 1402 4151 Repertoirestück der wichtigsten Bühnen.
1569 4054 2294 4152 Trauerspiel in fünf Akten.
