3484 4224
1315 101 1770 193 box 25/4
256 110 1158 216 20. Zuischens1.12—
2720 651 3345 717 nnder. Und eine „Privatabma#
1631 659 2697 732 höchsten und letzten Sinn, der sich nüchternen Menschen
732 675 1381 768 Deutsches Schauspielhaus.
2715 708 3336 760 bisherige Gattenliebe fortan ein
1629 718 2695 767 nicht mundgerecht machen läßt, will der Dichter auch
2712 743 3345 802 „Kameradschaft“ zu weichen habe
1636 757 2706 805 tatsächlich foppen. „Ich habe mich stets für einen
673 754 1456 830 Zwischenspiel von Arthur Schnitzler.
2717 787 3338 839 Eifer sieht und hört man den M
1628 787 2694 841 nahen Verwandten des Hanswursts gehalten“ läßt er
2709 826 3347 876 Vortrefflichkeit solch eines gesch
1633 823 2703 879 eine programmatische Figur seines „Zwischenspiels“
743 818 1343 888 Wer mit den Frauen spielt,
2709 866 3348 919 plaidieren. Er nimmt die Mitt
1634 878 2698 920 freimütig bekennen. Viel intuitive Tiefe liegt in diesem
750 873 1313 935 Kommt nie zu Recht ...
2724 892 3359 953 Händen, Füßen und Lippen sprich
1628 916 2695 957 spielerisch hingehauchten und doch sehr ernst gemeinten
574 912 1610 975 Diese Goethe=Variante, die mir just durch den
2723 944 3354 999 samen Betrachtern entgeht es nich
1629 954 2700 1004 Bekenntnis. Es gibt nämlich Augenblicke, da der Künstler
519 961 1605 1017 Kopf klingt, erträgt auch einen zweiten Wandel. Etwa
2712 983 3335 1039 Betrüger mit dem Dünkel einer
1630 991 2697 1041 notgedrungen zum Gaukler, zum weltweisen Clown, zum
1512 1007 1599 1070 die
520 1007 1520 1061 nach der Pendant=Seite hin. In einer Fassung,
2720 1022 3327 1078 daß dieser Poseur wider Absicht
1628 1037 2700 1075 Lear=Narren werden muß. Das sind die Augenblicke,
519 1049 1517 1113 für Spielerinnen gilt. Dann müßte sie lauten:
2721 1058 3346 1111 Hjalmar en miniature allmählich
1619 1071 2699 1121 da er als Opfer seiner Imaginationen mit forschendem
2715 1101 3354 1158 lichen Formen eines Puppenspiele
765 1087 1356 1169 Wer mit den Männern spielt,
1626 1103 2705 1155 Instinkt in das grenzenlose Reich seelischer Möglich¬
2759 1134 3362 1197 Er geht also zu seiner dirnenhaft
1633 1138 2703 1190 keiten hineintorkelt. Augenblicke, da er mit tändelnder
750 1150 1295 1212 Kommt nie zu Recht ...
1627 1183 2711 1227 Sicherheit auf der Messerschneide feinster Unbegreiflich¬
2723 1188 3350 1228 Frau kommt der Fürst. Er und sie
580 1175 1598 1245 Woraus sich dann auf der neutralen Basis einer
1625 1228 2709 1276 keiten tanzt und die schlüpfrigsten Rätsel des Seelen¬
2729 1225 3348 1271 der Freiheit aber erstarken die Inst
506 1235 1609 1304 reineren und reiferen Empfindungswelt, die zwischen
1629 1269 2702 1326 lebens wie Pfauenfedern auf der Stirn balanziert.
2712 1267 3349 1330 sinnen sich die Instinkte auf sich
1485 1280 1604 1330 nicht
505 1280 1395 1322 weiblicher und männlicher Geschlechtsmoral
1387 1286 1434 1332 9
2717 1311 3355 1361 Klarheit. Bringt intellektuelle und
1626 1303 2697 1357 Er foppt uns, muß uns soppen, weil er von seinen
515 1318 1603 1388 mehr unterscheiden will, das eigentliche Goethe=Wort
1633 1343 2695 1389 eigenen Trieben gefoppt wird. So ist er selber ein
2769 1341 3357 1409 Was dann geschehen muß
519 1356 814 1427 ergeben mag:
1625 1378 2702 1432 Symbol all dessen, was er sagen oder beweisen will
2724 1390 3358 1451 sich bald von seiner dirne
1626 1422 2704 1471 (wenn Künstler überhaupt etwas beweisen wollen). Er
754 1405 1359 1476 Wer mit dem Leben spielt,
3059 1420 3322 1485 fühlt sich
2727 1422 3050 1482 gestoßen. Sie
758 1453 1192 1511 Kommt nie zurecht:
1631 1449 2700 1517 zeigt, daß wir vom Leben gefoppt werden, weil wir
2715 1457 3335 1530 ohrigen Fürsten ennuyiert. Er
1617 1492 2698 1544 es immer wieder (aus unseren vermeintlich=wahren und
757 1488 1383 1563 Wer sich nicht selbst befiehlt,
2715 1498 3363 1570 auf einander. Und nun zeigt es si
1623 1533 2697 1588 doch so falschen Instinkten heraus) foppen müssen.
751 1538 1174 1603 Bleibt ewig Knecht.
2714 1546 3353 1598 seitigen Instinkte gewachsen. Sie
1616 1571 2703 1625 Daß das Leben uns selber zum Spielzeug macht, weil
2712 1589 3357 1643 tischen Gewalten, die von außen her
565 1573 1611 1650 Zwei, die mit dem Leben spielen, fängt Schnitzler
1617 1609 2702 1661 wir (aus vermeintlich=echten und doch verlogenen
2718 1626 3367 1680 lich selbständiger, klarer, stärker ges
509 1632 1607 1680 in seiner zartgesponnenen Komödie ein. Zwei, die in
1611 1644 2695 1714 Trieben heraus) mit dem Leben spielen müssen. Und
2709 1668 3347 1714 hat sie sich besonnen. Und jener
512 1672 1606 1727 eine Künstler=Ehe verstrickt sind und mit dem Leben
1623 1697 2695 1747 daß wir gespielt werden, wo wir zu spielen glaubten
2709 1707 3356 1758 ihr festgesetzt, den man etwa das
516 1713 1604 1763 spielen. Einen Mann, der mit dem Leben spielt. Eine
1747 1730 2697 1793 bis wir am Ende, verspielt und vertan, auf
2704 1743 3361 1805 Geruch der großen Welt, die Pilc
520 1750 1609 1802 Frau, die mit dem Leben spielt. Und es ist nun ein
1617 1753 2709 1831 dem Boden liegen, wie ein ausrangierter Hanswurst,
2715 1777 3373 1831 Damenhaftigkeit nennen darf. Dure
521 1796 1607 1842 geistvoller Trie dieser Charakterstudie, daß Spieler und
1619 1807 2692 1883 dem das Seegras aus der wollenen Hirnschale dringt.
2709 1819 3370 1875 ist sie gegangen. Kein Wunder, da
519 1821 1599 1879 Spielerin erst im letzten Augenblicke, da sie verspielt
1665 1847 2699 1910 Seepras dringt (symbölisch gesprochen) auch aus der
2707 1860 3352 1905 licher erscheint. Begehrlicher denn
510 1867 1602 1923 haben, ihre Verluste erkennen. Es ist weiterhin ein
2711 1891 3371 1954 Fesseln der theoretischen „Privatah
1608 1898 2701 1954 wollenen Hirnschale des „Zwischenspiel"=Ehepaars, das am
509 1923 1609 1963 geistvoller Tric des „Zwischenspiels“, ein unbewußt
1614 1941 2700 1985 Ende des letzten Aufzugs mit verrenkter und ausgefaserter
2717 1930 3365 1995 Er wirft sich ihr zu Füßen. Er
516 1950 1604 2001 erwachsener und bewußt geduldeter Tric, daß es selber
1617 1978 2699 2028 Seele wie abgetanes Spielzeug auf den Brettern bleibt. Sie
2711 1975 3358 2032 langer, langer Entbehrungsfrist ein
514 1983 1601 2031 mit den feinsten Grenzen der Kunst, mit den zartesten
1608 2019 2696 2079 glaubten beide: wahr zu sein. Gelobten einander: stets
2715 2017 3367 2065 hindurch. Die „Kameradin“ ist wi
516 2030 1604 2084 Zipfeln der Psychologie und zuguterletzt mit dem
1623 2052 2704 2103 ehrlich zu bleiben in ihren Gefühlen, in ihren Aeußerungen.
2707 2063 3370 2109 liebten geworden. Und wieder sehel
515 2059 1604 2110 mimosenhaften Verfasser dieser Komödie svielt. Sehen
1604 2107 2694 2154 Wollten keinerlei Geheimnistucrei kennen. Daß der Ehe¬
2718 2095 3368 2159 versteifte, zwei bitterlich gefoppte M
506 2101 1506 2154 wir zu, daß wir als Zuschauer nicht verspielen.
2719 2140 3371 2179 die vonihren Instinktenge
1621 2131 2703 2183 mann seiner Frau nicht alles sagen dürfe, schien diesem
574 2121 1598 2195 Man hat nämlich als Zuschauer die ästhetische Pflicht,
2715 2168 3340 2217 Menschen, die wahr, heroisch wahr
1615 2173 2699 2220 Ehemann ein Unding. Daß die Ehefrau einen kleinen Rest
517 2182 1601 2223 gelegentlich mit sich selber spielen zu lassen. Man muß
3297 2207 3353 2251 tlic
2702 2206 3288 2266 doch im Grunde nur unwissen
1613 2217 2703 2267 privater Heimlichkeiten vor ihrem Gatten verbergen dürfe,
510 2216 1597 2267 bisweilen mit willigem Behagen in den Würfelbecher
2707 2242 3373 2305 Menschen, die unbewußt ihr tagikom
1621 2244 2696 2303 schien dieser Ehefrau eine Ungeheuerlichkeit. So ließen sie
515 2256 1595 2300 des Autors kriechen und zufehen, wie man wieder
2722 2296 3346 2338 mit einander treiben. Und
1611 2291 2705 2342 sich also gegenseitig bis in die gleichgiltigste Karte blicken.
518 2284 1596 2332 herauskommt. Man muß sich schütteln lassen, hin¬
2712 2310 3341 2375 Stelle, da sie sich im ersten
1616 2338 2698 2384 Der Pakt bestand zu Recht. Energisch hielten sie daran fest.
524 2332 1605 2388 werfen lassen, bloßlegen lassen ——: nicht anders als
2718 2355 3370 2406 kalten Kameradschaft versichert, versich
1616 2364 2705 2416 Denn beide fühlten sich als Ausnahme=Naturen. Beide
513 2388 1607 2427 ein ganz kleiner Würfel in der Zauberhand eines vor¬
2704 2402 3376 2464 Akt ihrer geschlechtsheißen Leidensch
1608 2402 2695 2460 wähnten sich auf dem Gipfel innerer Vorurteilslosigkeit,
517 2406 1599 2478 nehmen Prestidigitateurs. Man darf selber gespannt
2701 2440 3365 2502 nimmt einen geistreich geführten P
1612 2444 1955 2501 innerer Freiheit.
511 2452 1603 2501 sein, was für Augen man machen wird, wenn man
2713 2474 3345 2531 parallele Anlage verblüfft. Sie
1666 2458 2698 2537 Beide sind Künstler. Er Komponist, sie Opernsängerin.
511 2493 1591 2541 aus dieser Taschenspielerhand herausgefallen. Man darf
2705 2530 3144 2581 auch umso drastischer.
1614 2519 2693 2573 Er liebt sie, spielt aber mit ihr, ohne es zu wissen. Sie
514 2532 1594 2579 neugierig abwarten, ob man als so ein willenloser
2768 2547 3371 2615 Aber der nächste Morgen, der mi
1608 2561 2690 2610 liebt ihn, spielt aber mit ihm, ohne es zu wissen. Das macht:
505 2571 1595 2625 kleiner Würfel im Schüttelbecher des Autors mit zwei
2707 2596 3378 2655 ginnt bringt die Ernüchterung. De¬
1616 2603 2688 2650 sie sind beide noch nicht reif. Intellektuell haben sie zwar
513 2619 1589 2659 Augen, mit neun Augen oder mit einem einzigen
2711 2636 3370 2687 genossene Nacht, diese zweite Hochzei
1610 2639 2693 2688 die normale Unabhängigkeit der sogenannten „komplizierten“
509 2647 1595 2700 blauen Auge davonkommen mag. Man muß manchmal
2709 2681 3378 2726 Erstarkung seiner Instinkte gebracht
1611 2677 2696 2735 Naturen erreicht. Die Normalhöhe des sogenannten „mo¬
516 2688 1601 2738 seine traditionelle Zuschauer=Schwere verwinden und alle
2715 2712 3383 2760 „moderner“ Mensch liebt er jetzt seine
1605 2716 2695 2766 dernen" Menschen. Aber ihren Instinkten fehlt die Ent¬
507 2726 1595 2780 Wurfbewegungen des Dichters mitmachen —— als wäre
3313 2752 3368 2798 Sel
2710 2751 3298 2809 merischer, eifersüchtig werbender
1608 2754 2698 2808 wickelung. Fehlt jene letzte, entscheidende Reife, jene Edel¬
513 2761 1602 2809 man aus zierlichstem Elfenbein oder Milchglas oder
2708 2791 3343 2851 ausgesetzt um ihre Liebe. Ganz nach
1614 2807 2698 2847 fäule sozusagen, die vor Selbstbetrug Unsicherheit und ähn¬
506 2809 1602 2851 Hollundermark geschnitten. Dies vorausgesetzt — er¬
2720 2836 3383 2881 Schule. Die Frau aber hat inzwischen
1603 2836 2698 2886 lichen Gefahren bewahrt. Ihre Instinkte schwanken, schweben,
511 2836 1602 2894 übrigt sich nur noch die leise Frage, ob der Dichter¬
2713 2874 3380 2930 zur Reife gebracht. Sie erkennt die
1613 2876 2699 2927 hängen gleichsam an gedanklichen Konstruktionen. Klammern
506 2880 1600 2944 laune das Spiel mit ihren Figuren, das Spiel mit den
2712 2906 3388 2972 Nacht. Erkennt die Schmach ihrer Hil
1613 2915 2629 2969 sich an Prinzipe. Wurzeln noch nicht im Innersten.
514 2915 1596 2978 Instinkten des schöpferischen Augenblicks, das Spiel mit
2707 2943 3384 2998 weder geschaffen, uns ewig in Treu
1666 2937 2712 3005 Die Instinkte müssen sich also entwickeln. Noch ist sie,
510 2959 1028 3026 den Zuschauern gelungen.
2711 2985 3381 3046 genug, um unsere Freundschaft rein z
1605 2990 2689 3040 die Frau, nur eine künstlerisch übertünchte Gaus. Noch ist er,
568 2998 1594 3053 Arthur Schnitzler hat einen kuriosen Wurf gemacht.
2698 3020 3388 3083 möglichen Schicksalen können wir eh
1603 3024 2701 3090 der Mann, ungefähr das, was man einen künstlerisch über¬
503 3038 1587 3096 Keinen sonderlich kühnen, keinen bezwingenden, keinen
2698 3057 3387 3113 als aus dem Abenteuer dieser Nacht
1604 3075 2688 3122 tünchten „junger Hund“ nennen könnte. „Sind wir ein
513 3080 1591 3129 starken und runden Wurf, der wie die Tat eines Meister¬
2699 3107 3395 3155 rischen Stunde... Wir sind einand
1616 3114 2688 3157 Spiel von jedem Hauch der Luft?“ heißt es bei Goethe.
508 3108 1599 3181 spielers imponieren müßte. Aber einen durchaus
2707 3139 3387 3195 wir uns die Erinnerung daran erh
1613 3152 2695 3202 Sie sind beide noch ein „Spiel von jedem Hauch der Luft.“
517 3154 1586 3215 aparten Wurf. Einen Wurf, der die Hokuspokus=Linien
2704 3179 3384 3237 das ein Abenteuer war, so sind
1608 3187 2698 3239 So geschieht es, daß ihn eine dirnenhafte Gräfin kapert.
520 3193 1597 3249 einer findigen Grazie durch die Lüfte zieht, ehe er
2709 3226 3391 3273 gangenes Glück nicht wert. War es e
1622 3222 2694 3274 So geschieht es, daß sie an einem feuchtohrigen Fürsten Ge¬
514 3233 1601 3289 niederfällt. Einen Wurf, der überhaupt nicht fällt —
2702 3258 3388 3327 wir vielleicht doch zu einem künftige
1619 3268 2685 3321 fallen findet. Die beiderseitige Verlockung wirkt. Mann
515 3269 1598 3329 vielmehr langsam und weich wie auf gepolsterte Flächen
2704 3293 3376 3344 leicht —“. So spricht sie. Und es
1606 3310 2698 3354 und Frau müssen auseinander. Mann und Frau schwenken
513 3311 1591 3378 niedergleitet und noch im Zustand der Ruhe aus Ueber¬
2712 3330 3378 3384 neuen Bund will sie nicht schließen. 7
1604 3343 2692 3397 nach entgegengesetzten Richtungen an. Mann und Frau
511 3342 1591 3397 empfindlichkeit nachzittert. Wer sich nicht mit willen¬
2701 3372 3391 3426 stand löst sich auf. Nach entgegengese
1603 3382 2691 3428 löschen die „ehelichen Pflichten“ in ihrer Ehe aus. Aber
506 3387 1590 3454 loser Gefügigkeit so ätherischem Spiel hinzugeben weiß,
2702 3410 3390 3481 sie auseinander. Auf Nimmerwiederf
1608 3405 2706 3476 die Ebe bleibt bestehen. Der gmeinsame Hausstand nicht
510 3434 1596 3487 wird sich wahrscheinlich gefoppt fühlen. Und in einem
3149 3627 3391 3722 4
635 3614 2256 3724 LCScndeZ
611 3675 670 3738 —
