3484 4352
1312 219 1750 307 box 25/2
238 226 1151 327 20 Zuischensniel
675 1251 995 1372 D
1046 1278 1563 1393 Jeuilleton.
694 1274 1042 1463 □
1064 1404 1550 1484 Berliner Theater.
819 1448 1778 1546 Arthur Schnitzlers „Zwischenspiel“*)
799 1515 1865 1581 Ein neues dramatisches Werk Arthur Schnitzlers fesselte
715 1577 1867 1615 am Samstag im Lessingtheater außerordentlich. Die ersten
722 1613 1866 1657 beiden Akte bedeuteten einen vollen Erfolg, der letzte freilich
729 1655 1864 1701 weckte mit seiner mathematisch=gehirnmäßigen Austragung des
725 1694 1782 1759 Gefühls=Widerstreites auch die Zeichen des Mißfallens.
817 1740 1864 1797 Schnitzler arbeitet in diesem Drama wieder, wie so oft,
717 1789 1867 1840 als ein experimentierender Chemiker seelischer Zustände. Eine
719 1826 1858 1876 Komödie der Gefühlsirrungen ist sein Stück, in dem die
730 1854 1863 1917 Menschen sich selbst betrügen und in dem schmerzlich ironische
733 1897 1872 1950 Erkenntnis das letzte Wort spricht: niemand kennt den andern
738 1944 1868 1990 und niemand kennt sich selbst. Man gleitet an einander vor¬
729 1980 1868 2032 über, sucht sich zu halten und verliert, wenn man glaubt,
740 2021 1114 2088 daß man gefunden.
824 2063 1871 2116 Ein Ehefall ist der Stoff, und das Menschliche dabei
738 2102 1867 2152 empfängt eine stärkere Verwickelung dadurch, daß der Mann
741 2151 1874 2194 und die Frau, Amadeus und Cäcilie, er Komponist, sie
738 2190 1867 2256 Sängerin, eine künstlerische Gemeinschaft voll ganz einzigen
732 2232 1171 2291 Verständnisses haben.
817 2248 1874 2319 In der Kunst sind sie eins, aber ihre Lebenseinheit ist
735 2308 1876 2366 nicht mehr fest, fremde Leidenschaften haben sich zersetzend
744 2357 1877 2405 eingemischt. Den Mann zieht es nach einer anderen Frau,
731 2392 1874 2441 und Cäcilie hört, vernachlässigt und gekränkt, auf die Wer¬
740 2422 1879 2479 bungen des jungen Fürsten Siegismund. Amadeus, immer
741 2471 1881 2520 im Bann seiner Augenblicks=Phantasien und Vorstellungen,
742 2506 1877 2561 will sich seine Frau, die künstlerische Gefährtin, die ihm
736 2545 1881 2595 durch niemanden ersetzt werden kann, als Kameradin, als
754 2585 1884 2628 Freundin erhalten. Und Cäcilie sagt mit schmerzlich=zucken¬
744 2621 1880 2673 dem Mund dazu Ja und er merkt nicht, wie diese Lebens¬
740 2663 1875 2722 form, auf deren Wahrheit und Echtheit er so stolz ist, ein
741 2700 1878 2762 Selbstbetrug und eine Gefühlsvergewaltigung dieser Frau ist.
747 2743 1702 2798 Das wird nun die innere Handlung des Stückes.
827 2777 1884 2835 Der zweite Akt spielt nach längerem Zwischenraum und
822 2834 1889 2901 bringt das Wiedersehen dieser Freundes=Gatten unter
774 2838 823 2888 er
751 2871 1166 2927 neuen Bedingungen.
838 2885 1888 2965 Amadeus ist von der Augenblicksleidenschaft geheist: Ge¬
751 2941 1891 3000 banken und Erinnern, die Trennung von Cäcilie, die auf einem
748 2985 1889 3036 Castspiel Triumphe feiert, eine uneingestandene Eifersucht auf
744 3023 1885 3088 alles, was sie erleben könnte, geben ihrem Bilde frische reizende
753 3071 901 3130 Züge.
841 3093 1878 3162 Als sie nun gar kommt, mit einem Glanz in den Augen
759 3146 1889 3203 and einem Klang in der Stimme, der ihm fremd, berauscht
755 3186 1893 3254 sie ihn. Die Rollen sind nun getauscht. Er liebt wieder
757 3228 1899 3287 und sie, die sich mühsam überwunden, erschrickt und erinnert
852 3294 975 3334 — ——
845 3315 1922 3398 *) Die Buchausgabe ist bei S. Fischer, Verlag erschienen.!
1868 1223 3008 1280 ihn an ihr Freundschaftsbündnis. Doch er in der Verwirrung!
1874 1270 3014 1328 der begehrenden Sinne umstrickt sie und nimmt sie wie eine
1878 1312 3010 1372 Geliebte. Es begiebt sich hier etwas ähnliches wie in jener
1879 1346 3004 1412 verhängnisvollen Liebesnacht des Goethischen Ehepaares der
1872 1399 2345 1448 „Wahlverwandtschaften“.
1961 1432 3016 1484 Cäcilie ist nun so gezeichnet, daß dies Erlebnis voll Trug
1876 1465 3018 1524 und Phantom für sie eine unheilbare Gefühlsverletzung be¬
1880 1508 3017 1565 deutet. Amadeus, der sie wiedergewonnen glaubt, hat sie
1878 1549 3015 1612 jetzt wirklich verloren. Sie geht von ihm, aus Angst vor
1889 1592 2440 1642 einem noch schlimmeren Ende.
1956 1609 3012 1674 Schnitzler ist hier ganz der Wissende, der mit scharfem
1877 1662 3005 1717 Licht in alle Schleichwege der Seele, in alle verborgenen Win¬
1885 1703 3014 1757 kel, wo Selbstbetrug und die umnebelnden Spuckgeister der
1881 1743 3016 1794 Triebe lauern, hineinleuchtet. Aber siel seiner und viel¬
1893 1779 3010 1838 fältiger hätte er diese Psychologie mit ihren dopvelten Böden,
1878 1830 3026 1884 Verwechslungen und Verwandlungen in der Novelle und im
1882 1872 2479 1924 Roman spielen lassen können.
1971 1893 3010 1957 Die dramatische Technik wirkt hier allzu beschränkend
1895 1936 3007 1993 Um diese so versponnenen, widerspruchsvollen, immer auf
1895 1980 3018 2036 Messerschneide schwebenden Situationen und Zustände klar zu¬
1888 2012 3027 2069 legen, müssen die Personen auf Kosten ihrer Unbewußtheit
1880 2062 3024 2112 allzu sondierend und haarscharf sich über sich aussprechen.
1884 2094 3032 2151 So anregend und geistreich diese Gefühlsdialektik in den ersten¬
1887 2135 3016 2188 Akten ist, so schädlich wird sie dem Werk im letzten Akt.
1886 2173 3019 2229 Denn hier wird Cäcilie, ohne Rücksicht auf ihre Menschlich¬
1883 2214 3025 2264 keit zu der Rolle einer die Dinge auseinandersetzenden Wort¬
1889 2260 2395 2318 führerin für den Dichter.
1969 2278 3020 2341 Hier kommt das Begriffliche, das überwiegend Gedank¬
1889 2312 3028 2388 liche von Schnitzlers Persönlichkeit etwas erkältend heraus.
1893 2370 3032 2422 Man merkl die Gleichung und das Erperiment, und die frostiges
1892 2410 3033 2469 Luft in einer Sitnation. in der das Gefühl hochgespannt sein
1901 2440 3031 2503 müßte, ward der anteilsvollen Aufnahme im letzten Augen¬
1890 2495 2202 2568 blicke hinderlich.
1973 2513 3024 2583 Für die Gestaltung sind diese Figuren sehr spröde. Bas¬
1890 2567 3038 2619 sermann, gleich Schnitzler ein Künstler des Wissens voms
1899 2611 3040 2666 Leben, traf alle Stimmungen der Selbsttäuschung, der bereitens
2650 2649 2694 2681 Gr
2723 2650 2799 2676 ####
1892 2643 3031 2697 Selbstüberredung, der hoffend=zweifelnden Erwa#tungen; Irenes
1917 2682 3034 2740 Triesch war die Cäcilia, und ihr gelang am besten das
1901 2729 3031 2781 Schmerzhaft=Schwebende des ersten Aktes, in dem ihr Mund¬
1899 2758 3044 2818 ihrem Herzen widersprechen muß und sie den Abgrund fühl¬
1903 2816 2592 2878 bar macht, der zwei Menschen trennt.
1969 2892 3047 2962 Im Schauspielhaus ging am gleichen Abend eine roman¬
1909 2948 3045 3003 tische Komödie“ „Der Froschkönig“ von Dietrick Eckart
1901 2974 3068 3055 in Szeue, die nicht sehr günstig gewirkt haben soll. Ein#
1902 3025 3047 3089 Manolesen=Stoff gibt die Handlung: Erfolge, Abenteuer eines
1909 3061 3046 3121 „großzügigen“ Ueberspitzbuben, der schließlich bekehrt wird und
1910 3101 3045 3164 auf seine Veute, das Kommerzienrats=Töchterlein, verzichtet.
1905 3145 3047 3204 Kein übles Thema, doch sollen Rührseligkeit und Langeweiletz
1908 3188 2714 3253 den an sich originellen Keim erstickt haben.
1986 3237 2490 3304 Berlin, 26. November.
2385 3282 2433 3345 —
