3484 4192
1324 95 1775 184 box 25/5
265 113 1174 209 20. Zuischensn1e-
1153 886 1544 978 Telephon 12801.
428 1053 1531 1180 S MIM EEINTSEUN
438 1146 1554 1226 O l. österr. behördl. konz. Unternehmen für Zeitungs-Ausschnitte
582 1207 1456 1302 Wien, I., Concordiaplatz 4.
797 1294 1231 1350 Vertretungen
471 1327 1555 1399 in Berlin, Budapest, Chicago, Christiania, Genf, Kopen¬
403 1372 1561 1450 hagen, London, Madrid, Mailand, Minneapolis, New-Vork,
502 1421 1522 1478 Paris, Rom, San Francisco, Stockholm, St. Petersburg.
812 1464 1228 1514 (Quellenapgabe ohne Gewähr.)
711 1479 1553 1585 Berliner Börsen Courier, Berlin
416 1522 907 1611 * Ausschnitt aus:
936 1555 1347 1644 Morgenausgabe
672 1590 933 1667 14. 12.190
415 1641 640 1700 E vom:
654 1773 1274 1848 Vor den Kulissen.
506 1839 1494 1899 Das Lessing=Theater brachte gestern abend in
436 1887 905 1947 neuer Einstudierung
440 1880 1483 1985 „Zwischenspiel“ d#######ers Komödie
1145 1926 1486 1978 dem Leben!
448 1955 1486 2041 von Leuten, die sich selbst betrügen, da sie wahr sein!
456 2015 611 2084 wollen.
504 2037 1485 2112 Allzu tiefen Eindruck machte das Stück auch
446 2087 1482 2143 diesmal nicht. Das Hinüber und Herüber mit Worten
439 2131 1481 2194 und mit geschraubten Gefühlen, das lange, lange
449 2182 1483 2229 Reden um ein Ding und das Drumherumreden er¬
442 2208 1484 2268 müdet. Und das Ehepaar, das sich einbildet,
1350 2253 1492 2309 reiner
530 2254 1328 2313 frei und groß zu sein, um in
1386 2293 1487 2351 und
1041 2290 1358 2351 zu wandeln
439 2294 1040 2356 Freundschaft nebeneinander
1348 2334 1467 2388 zu ge
449 2337 1340 2397 eins dem andern jede Abweichung von dem
453 2373 1490 2427 statten, was man gemeinhin eheliche Treue nennt
455 2421 1494 2477 wirkt im Inneren konstruiert. Es gibt Ehen, die in
455 2456 1490 2511 schrankenloser Freiheit des Individuums geführt
446 2493 1502 2561 werden. Aber das sind faule Ehen, bei denen auch
444 2538 1489 2592 die seelische Gemeinschaft aufgehört hat. Bündnisse,
445 2581 1490 2642 die nur dem Namen nach bestehen und aus irgend¬
450 2610 1493 2672 welchen Opportunitäts= oder anderen Gründen nicht
455 2654 1497 2713 endgiltig getrennt werden. Möglich, daß auch Schnitzlers
450 2702 1509 2756 Adams und Frau ihre Vorbilder in der Wirklichkeit
459 2743 1506 2799 haben. Dann hat Schnitzler aber nicht vermocht, sie
452 2784 1109 2837 uns wirklich erscheinen zu lassen.
515 2826 1506 2874 Der Hauptgrund für die Wiederaufnahme war
458 2874 1510 2921 wohl das Engagementsgastspiel des Herrn Heinz
448 2899 1503 2965 Monnard der den Adams gab. Er ist in den
456 2943 1494 2996 Jahren, die er von Berlin fern war, künstlerisch
461 2989 1500 3040 gereift, ein sicherer, gewandter Darsteller geworden.
456 3029 1502 3091 Ein bischen haftet ihm das Münchener Hoftheater
453 3068 1508 3137 an, von dem er kommt: Die rollenden dramatischen R
454 3108 1517 3161 wird er ablegen, noch die oder jene Kleinigkeit abschleifen,
461 3150 1514 3206 müssen. Aber das scheint schon nach der gestrigen
465 3194 1504 3242 Probe gewiß, daß er sich vollkommen in das aus¬
473 3231 1512 3291 gezeichnete Ensemble Dr. Brahms einfügen, seinen
462 3264 1510 3327 Platz darin behaupten wird. Er charakterisiert gut,
461 3312 1515 3365 hat Wärme und Vollklang des Organs, rechte Auf¬
468 3356 1514 3418 fassung und Temperament. Bisweilen erinnert er
468 3379 1519 3459 sogar an den unvergessenen Rittner — vielleicht wird
468 3442 1118 3501 er ihm ein würdiger Nachfolger.
532 3494 1518 3539 Irene Triesch vertrat wieder mit ihrer ganzen
468 3529 1524 3578 großen Kunst, der Fülle ihrer Ausdrucksmittel, der
468 3544 1521 3625 Kraft ihrer Empfindung die Cäcilie, Reicher den
467 3610 1520 3666 Rhon, aus dem er eine kostbare, von feinstem Humor.
1255 3639 1466 3714 N. W
470 3649 1027 3726 übersonnte Gestalt machte.
2602 940 3013 1033 Telephon 12801.
1874 1111 2985 1223 P AA BTNTSWg
1859 1203 3007 1278 O l. österr. behördl. konz. Unternehmen für Zeitungs-Ausschnitte
1893 1262 1947 1308 70
2022 1264 2906 1357 Wien, I., Concordiaplatz 4.
1850 1343 1952 1392 *
2249 1350 2670 1409 Vertretungen
1932 1386 2998 1455 in Berlin, Budapest, Chicago, Christiania, Genf, Kopen¬
1932 1433 2996 1493 hagen, London, Madrid, Mailand, Minneapolis, New-Vork,
1880 1446 1932 1499 755
1955 1488 2973 1533 Paris, Rom, San Francisco, Stockholm, St. Petersburg.
2269 1518 2657 1567 (Quellenangabe ehne Gewähr.)
1898 1560 2996 1647 Ausschnitels Borsen Zeitung, Berlin
1851 1579 1893 1638 1
2095 1627 2788 1725 ½# 12. 190 Morgenausgabe
1856 1671 2081 1740 E vom:
2071 1759 2779 1838 Kunst und Wissenschaft.
2061 1812 2899 1881 Im Lessing=Theater ging gestern Artur
2035 1855 2905 1963 Muer Komödie „Zwischenspiel“ neueinstudiert
2178 1894 2907 1959 Dieses Stück begann im November
1970 1955 2910 1998 1905 seine schläfrige Lebensbahn und ist bald darauf
1964 1977 2906 2036 wieder eingeschlummert, ohne daß jemand die ge¬
1968 2013 2915 2084 ringste Notiz davon genommen hätte. Wenn
2736 2058 2907 2118 geschah
1975 2064 2668 2130 man es jetzt wieder hervorkramte,
1967 2106 2907 2154 das nur, um einem Gaste, Herrn Monnard aus
1974 2139 2903 2198 München, Gelegenheit zu geben, sich zu erproben. Er
1973 2168 2919 2234 spielte die Rolle des Komponisten Amadeus, die einst
1972 2218 2903 2274 Bassermann bei uns kreierte, und hatte gestern in den
1973 2254 2905 2311 ersten Augenblicken mit der Erinnerung an diesen
1980 2296 2892 2356 ungewöhnlichen Vorgänger zu kämpfen. Natürlich ist
1972 2346 2893 2398 das eine Dummheit, schon deshalb, weil Basserman
1974 2369 2911 2439 eine — im guten und im bösen — ganz exzeptionelle
1981 2417 2902 2469 Persönlichkeit von fest umrissenen Konturen ist, mi¬
1974 2451 2903 2517 der sich schlechterdings niemand anders vergleichens
1988 2493 2904 2557 läßt; und weil es durchaus kein Fehler ist, wenis
1973 2545 2919 2595 man anders ist, als er. Vielleicht ist es sogau¬
1975 2571 2909 2632 ein Vorzug des Gastes, daß er so ganz anders ist
1982 2610 2934 2678 und vorläufig in den traditionellen Rahmen des
1979 2638 2929 2717 Lessingtheaters noch nicht recht zu passen scheint.
1982 2685 2923 2749 Allzu viel Tradition ist nun auch nicht gut und ein
1981 2740 2918 2802 frischer Luftzug schadet auch in den vornehmsten
1986 2789 2929 2830 Gemächean nicht. Herr Monuard ist ein rund¬
1989 2810 2931 2876 licher und rosiger Bonvivant mit blitzenden
1988 2850 2931 2911 Aenglein, mit unternehmungslustigen Manieren
1991 2896 2928 2945 und mit einem prachtvollen drrramatischen rrr,
1981 2928 2922 2988 das fröhlich aus Schnitzlers weichlicher Prosa
1978 2972 2925 3031 hervortönte: Für den Schmachtlappen von Ama¬
1986 3011 2924 3059 deus, der mit seinem Weibe lediglich kamerad¬
1984 3044 2927 3109 schaftliche Freundschaft pflegt, eignet sich dieser
2792 3087 2930 3150 käme
1987 3102 2783 3160 Künstler, der immer so dreinschaut, als
1990 3129 2933 3184 er von einem guten Diner, eben nicht allzu
2194 3167 2935 3214 daß wir ihn gestern wohl noch
1994 3179 2114 3236 sehr,
1989 3202 2934 3262 nicht ganz in seinem Elemente gesehen haben. In der
1987 3246 2932 3297 einzigen Szene, in der er etwas aus sich herausgehen
1989 3293 2932 3337 konnte, zeigte er eine schöne und edle Leidenschaftlichkeit
1985 3327 2931 3386 und erinnerte in Gesten und Betonungen ganz von fern
1989 3373 2937 3431 ein wenig an Rittner. — Sonst hat sich das Stück
1993 3410 2926 3457 nicht viel verändert, denn die Rollen, die Fräulein Wüst
1996 3444 2921 3496 und Frau Hoffmann neu übernommen haben, sind
1993 3482 2933 3542 durchaus unerheblich. Der Gast fand nach dem
1996 3525 2508 3599 zweiten Akte starken Beifall.
2731 3539 2896 3615 V. A.
