3436 4352
282 251 1293 363 20. Zuischenspiel
1338 245 1790 340 box 25/1
1409 561 1595 660 Tun
1686 579 2121 689 l
1390 640 1586 720 —
2128 727 2262 791 55
1504 742 2189 833 JOBSERVEN
1318 833 2429 906 I. österr. behördl. konz. Unternehmen für Zeitungs-Ausschnitte
1521 884 2248 961 Wien, I., Concordiaplatz 4.
1729 953 2044 1021 Vertretungen
1313 996 2429 1061 in Berlin. Budapest. Chicago, Christiania, Genf, Kopenhagen,
1307 1049 2423 1106 Lendon, Madrid. Mailand, Minneapolis, New-Vork, Paris, Rom,
1495 1083 2267 1142 San Francisco, Stockholm. St. Petersburg.
1675 1121 2087 1188 (Quellenangabe ohne Gewähr.)
1316 1186 2358 1375 Sesent u Hontags-Kovue Wion
1465 1256 1579 1337 25
1314 1307 1470 1356 vom:
1407 1389 2146 1477 Der Schleier der Frozzelei.
1335 1474 2315 1525 Am letzken Dienstag fand im Burgtheater der erste
1237 1524 2299 1578 Premierenapend statt. Zwei Werke französischer Autoren gingen
1240 1563 2298 1633 n Szeue“ „Der=Schleier des Glücks“von Clemenceau und
1250 1618 2300 1670 „Das Rätset“ von Hervien. Mein Kollege mit dem kritischen
1252 1663 2298 1720 Richtschwert hat den Einakter und Zweiikter vorgenommen.
1249 1699 2311 1752 Was mich an dieser Stelle veranlaßt, eine Angelegenheit des
1249 1754 2324 1812 Theaters zu diskutieren, ist der sonderbare Ukas der Hof¬
1250 1803 2312 1865 heaterbehörde, der am Tage nach den genannten Erstauffüh¬
1247 1846 2302 1905 rungen in die Oeffentlichkeit hinausdrang. Für außer¬
1244 1897 2306 1953 ordentliche Vorstellungen in den Hoftheatern sollen
1246 1944 2317 1990 fünftig alle Sitzkategorien eine Preiserhöhung erfahren,
1249 1998 2314 2052 ilso auch die Galeriesitze, an die bisher der Großsäckelbewahrer
1240 2041 2316 2105 nicht rührte. Diese Entscheidung wirbelte im Publikum Staub
1241 2089 2317 2139 auf und die Tagespresse übte Kritik an der Ordre aus der
1241 2135 2320 2206 Kabinettskanzlei des Freiherrn von Plappart. Ich werde des¬
1240 2186 2320 2251 Halb hier die anderweitig vorgebrachten Argumente gegen diese
1245 2227 2315 2294 „Verteuerung des Kunstgenusses“ nicht wiederholen, schon
1240 2289 2323 2342 deshalb nicht, weil ich die meisten Premierenveranstaltungen
1234 2328 2306 2369 des Herrn Direktors Schleuther nicht als erlesene Kunst¬
1234 2370 2321 2444 genüsse zu erkennen vermag. Ich bin von der gegenwärtigen
1235 2431 2315 2483 Leitung des Burgtheaters gegen Uieberraschungen abgestumpft
1242 2469 2317 2532 worden und deshalb setzte mich auch der „Friede“ nicht in
1236 2520 2322 2573 Erstaunen, den Direktor Schleuther mit Arthur Schnitzler
1234 2565 2301 2615 und der ganzen, lange schnoddrig behandelten „Heimatskunst“
1232 2608 2314 2672 abzuschließen für gut befand. Einigermaßen verwundert bin
1233 2670 2320 2725 ich doch. Der Direktor des Burgtheaters überläßt der Gene¬
1233 2705 2316 2774 ralintendanz der Hoftheater die Entscheidung über die Klassi¬
1239 2763 2311 2809 fikation der Novitäten und des ganzen Repertoires. So
1240 2806 2319 2874 wie es Droschken „erster" und „zweiter Güte“ gibt, sollten
1242 2851 2308 2914 künftig „außerordentliche" und „gewöhnliche" Vorstellungen
1238 2905 2321 2950 existieren und der Theaterzettel wird das p. t. Publikum
1246 2961 2319 3010 von dieser hochobrigkeitlichen Aichung eines Poetenwerkes in
1238 2999 2306 3046 Kenntnis setzen. Eine neue Bevormundung in Geschmack¬
1236 3047 2319 3091 sachen und literarischen Dingen. Ich bin sehr neugierig, welche
1236 3090 2313 3147 Note Schleuthers Busenfreund Gerhard Hauptmann von der
1230 3145 2320 3198 behördlichen Punzierungsstation der Dichter bekommen wird.
1236 3182 2311 3249 Der Autor der „Rose Bernd“ ist bei der löblichen Sitten¬
1234 3246 2314 3299 kommission schlecht angeschrieben, die möglicherweise Gustav
1230 3290 2314 3333 Davis, Schönthan, Mosere tutti quanti höher bewertet als
1230 3326 2321 3398 die Stürmer und Dränger, die Probleme auf die Bühne
1232 3388 2307 3437 bringen, gefährlich für Komtessenohren oder unangenehm für
1228 3436 2311 3491 Exzellenzuerven. Schon am letzten Dienstag merkte man den
1237 3484 2312 3530 intendanzlichen Stempel. Clemenceau und Hervien wurden zu
1239 3517 2315 3585 gewöhnlichen Preisen aufgeführt. Ich greife dem Kritiker der
1237 3577 2308 3632 „Montags=Revue“ nicht vor, doch darin glaube ich der Zustim¬
1239 3628 2316 3682 mung meines Kollegen sicher zu sein, wenn ich der Hoftheater¬
1232 3680 2300 3739 behörde das Recht abspreche, Unterscheidungen zwischen den Dich¬
1238 3732 2307 3784 tern, die ihre Werke dem Burgtheater übergeben, vorzunehmen
1237 3781 2307 3833 und vor der Premiere ein Urteil gewissermaßen vor den Augen
1229 3812 2314 3860 der Wiener auf dem Theaterzettel zu affichieren. Darin liegt
1237 3867 2305 3915 eine Ungehörigkeit, eine Anmaßung, zu deren Abwehr Direktor
1233 3917 2218 3967 Schleuther in allererster Reihen berufen gewesen wäre.
1337 3965 2318 4028 In der Hofoper soll dasselbe Verfahren zur Anwendung
1244 4012 2313 4063 kommen. Dort liegen jedoch die Sachen anders, dort waltet
1235 4056 2307 4112 eine Persönlichkeit ihres Amtes, die jede Einmischung zurück¬
1236 4105 2306 4170 weist und die bis hoch hinauf den Mut findet, ihre Ueber¬
1224 4147 2305 4199 zeugung zu vertreten. Mahler würde es nicht dulden, daß
2387 1527 2422 1582 2
