3436 4352
1310 230 1763 334 box 25/1
232 234 1287 351 20. Zwischensnie1
2845 677 3003 766 416
1147 682 2527 788 1905. Jé 23. — Tie schöne Literatur. — 4. November.
660 716 811 808 415
657 832 3003 893 mutung, dann aber, nachdem er erfahren hat, daß der Fürst duftigster Art. Das Liebesleben von dem ersten Erwachen
1819 847 2989 906 bis zur Reife, vom „Vorfrühling“ und der „Knospenzeit“
671 859 1824 934 Cäcilien nur platonisch geliebt hat, beruhigt er sich und die
1832 880 3002 954 bis zur glücklichen Vereinigung („Nun bin ich dein“) hat
665 905 1823 983 beiden Männer scheiden im besten Einvernehmen. Das ist
1835 939 2999 1013 hier nach der Art, wie es in Schillers Lied von der Glocke
656 960 1815 1016 wohl eine der unsinnigsten und abgeschmacktesten Szenen,
1830 990 3003 1049 geschieht, eine verständnisinnige Deutung erfahren. Die
663 1003 1828 1076 die jemals auf die Bühne gebracht wurden; von dem Verf.
1842 1024 3004 1104 einzelnen Phasen der bräutlichen Liebe werden in kurzen,
672 1046 1831 1128 vollkommen ernst gemeint, hat sie denn auch die Zuhörer
1843 1074 3014 1151 erhebenden Worten zu einem Bilde vereinigt. Die Dichterin
672 1104 1837 1168 zu inwiderstehlicher Heiterkeit gestimmt. Aber wir sind noch
1834 1136 3001 1209 #iß für ihren anmutigen Stoff natürliche und zugleich er¬
666 1150 1829 1231 nicht am Ende der Ueberraschungen angelangt. Man glaubt
1831 1175 3010 1231 greifende Worte zu finden, deren Anschaulichkeit durch die
674 1196 1830 1265 nun, daß die Ehe durch das einigende Band Peterls, der
1846 1209 3017 1282 trefflichen, in diskreter Sezession gehaltenen Illustrationen
667 1256 1839 1317 mehrmals auf der Bühne naiv sein sollende Kinderszenen
1840 1263 3016 1327 Olga Granners erhöht und gewissermaßen modern stilisiert
667 1290 1832 1365 aufführt, wieder zusammengeschmiedet ist. Aber, weit gefehlt!
1842 1325 3024 1383 wird. Reine, glückliche Liebe hat in diesem Buche eine zarte
681 1341 1832 1418 So banale Wege wandelt die Schnitzlersche Muse nicht. Die
1838 1368 2311 1443 Verklärung gefunden.
670 1379 1839 1457 Liebesnacht hat keine gute Wirkung auf Cäcilien geübt; sie
1915 1401 3001 1486 Isolde Kurz beschert uns auch in den „Neuen Gedichten“.
674 1425 1836 1512 wollte nur Freundschaft, die durch diese Wendung zerstört
1840 1446 3005 1532 lauteres Gold, wie man es ja von ihr von früher her ge¬
681 1475 1834 1555 wurde; sie fürchtet auch den Ekel, der zum Schlusse kommt.
1850 1515 3014 1585 wohnt ist. Die neuen Gedichte sind auch in dem Sinne
682 1533 1839 1604 Kurz, die eben erst wieder vereinigten Ehegatten gehen
1840 1561 3017 1623 neu, als sie gewissermaßen zeitgemäß sind, d. h. neueste
681 1574 1840 1660 neuerlich aus einander. Wie sich ihr Leben weiter gestaltet,
1856 1607 3017 1687 Stoffe erörtern. Die Dichterin ist dabei eine Meisterin der
676 1616 1844 1692 verschweigt uns der Verf.; doch wir haben an dem bisher
1846 1656 3028 1739 Sprache, sowohl dort, wo sie sich zu weihevoller Höhe er¬
686 1667 1848 1763 Gehörten und Gesehenen vollauf genug und atmen erleichtert
1852 1697 3020 1773 hebt, als dort, wo sie die Geißel der Satire schwingt, wie
689 1717 1834 1792 auf, wenn der Vorhang sich zum letzten Male über dieser
1853 1749 3019 1836 in „Epigramm“ (S. 171) und in „Philister“ (S. 89). Mit
687 1769 1840 1848 Komödie des Widersinns senkt. Und der Dialog? Hat
1849 1795 3030 1885 geradem Worte, eine echte deutsche Frau, tadelt sie Schwächen
689 1829 1845 1886 man jemals Mann und Frau eine solche spitzfindige Sprache
1851 1862 3025 1917 und Vorurteile der Gesellschaft. In einigen Stücken („Das
690 1861 1840 1929 mit einander führen gehört? Das ist wahrlich nicht die
1847 1899 3023 1983 fahrende Fräulein", „Der schwarze Reiter“) trifft sie in voll¬
682 1908 1847 1985 Sprache, in der intime Herzensangelegenheiten ausgedrückt
1855 1963 2501 2031 endeter Weise den Balladenton.
689 1960 1846 2042 werden, sondern man glaubt eher den Reden und Antworten
1926 1989 3027 2057 Emma Burg schrieb, wie das einleitende Widmungs¬
693 2002 1849 2088 zweier Parteienvertreter, die sich gegenseitig vor Gericht zu
1864 2041 3035 2121 gedicht zum Ausdruck bringt, ihre Dichtungen für die Tochter
684 2045 1856 2133 überlisten suchen, oder Disputationen in einem juristischen
1855 2092 3038 2164 Ihr. k. Hoheit der Frau Prinzessin Ludwig Ferdinand nieder;
681 2097 1850 2166 Seminar beizuwohnen. Kein Funke von Gemüt, keine echte
1859 2142 3033 2215 sie hat teils Legendenstoffe (St. Regeswinda, Christophorus!
697 2164 1854 2225 Stimmung in dem ganzen Stücke, wenn auch der Schein
1863 2170 3036 2266 teils alte Sage, teils selbsterfundene Märchenstoffe, teils
690 2195 1861 2279 einer solchen durch gelegentliches Anschlagen eines Akkordes
1854 2238 3025 2309 eigenste tiefsinnige Empfindung („Lilia“, „Heimweh“) heran¬
684 2246 1847 2323 auf dem Klavier oder durch Singen einiger Takte aus einem
1867 2278 3035 2365 gezogen und bietet daher auch hinsichtlich der Form reichen
689 2294 1854 2363 berühmten Liede zu erzeugen gesucht wird. Herr Schnitzler
1861 2336 3046 2426 Wechsel. Die Form der Legendenstoffe ist episch, die von
700 2341 1854 2410 wird von seinen Bewunderern der „wienerischeste“ unter den
1876 2377 3039 2454 „Heimweh“ dramatisch; stets aber ist die Grundfarbe eine
694 2389 1851 2465 jüngeren österreichischen Bühnendichtern genannt. Armes
2038 2430 3047 2507 In den Märchen eigener Erfindung („Himmels¬
701 2433 1851 2508 Wien, welcher Mißbrauch wird oft gegenüber dem Auslande
1872 2450 2056 2513 lyrische.
1870 2474 3041 2555 brand“ „Königskerze“) klingt sie an die Manier und feine
701 2485 1855 2561 (im eigenen Lande ist man ja doch nicht so leicht zu täuschen
1872 2524 3043 2601 Natursymbolik Rud. Baumbachs an. Die reizende Gedicht¬
700 2534 1859 2601 mit deinem Namen getrieben! Was da in der Komödie
1874 2568 3045 2648 sammlung kann wohl jeder Tochter des deutschen Hauses als
706 2582 1854 2655 „Zwischenspiel“ geboten wird, ist das gerade Widerspiel des
1866 2624 2833 2714 veredelnde Lektüre in die Hand gegeben werden.
691 2628 1859 2687 Wienertums. Denn vorläufig hat der echte Wiener noch
694 2674 1868 2755 nicht seinen gesunden Menschenverstand und seine gemütvolle
1943 2661 3038 2754 Norah Schmidt ist ein junges, vielversprechendes Talent;
692 2722 1862 2796 Lebensauffassung eingebüßt, und von beiden findet sich in
1878 2728 3043 2807 sie führt sich mit ihrem Bändchen von Liedern, benannt
701 2771 1866 2842 dem (übrigens durchgefallenen) Stücke auch nicht die leiseste
1880 2789 3045 2848 „Vor Tagesanbruch“ recht vorteilhaft ein. Sie bietet eine
1882 2821 3041 2887 Art poetischen Taschenbuches, lauter Selbsterlebtes und Selbst¬
709 2835 861 2905 Spur.
1511 2830 1825 2916 Derl Jeefeld.
1886 2865 3042 2944 empfundenes. Ueberall taucht ihre liebenswürdige Subjek¬
1879 2917 3047 2997 tivität im Hintergrunde der Schildereien auf. Echt weibliche
1881 2964 3052 3030 Zartheit verbindet sich allenthalben mit Kraft und Innigkeit
1068 2966 1503 3072 Frauenlyrik.
1876 3010 3053 3082 des Gefühls und Schönheit des Ausdrucks. Nirgends be¬
697 3033 1863 3145 Stubenberg, Mathilde Gräfin, Myrten. Wien, 1905. Gerlach
1873 3046 3047 3137 gegnet man einem gesuchten Gedanken, überall schöpft sie
741 3113 1153 3172 & Comp. (51 S. 4.)
1876 3106 2966 3199 aus dem reinen Quell natürlich=gesunden Innenlebens.
699 3127 1867 3211 Kurz, Isolde, Neue Gedichte. Stuttgart u. Berlin, 1905. Cotta
1937 3151 3035 3223 Thekla Skorra zeigt in den ersten Teilen ihrer Samm¬
741 3190 1318 3269 Nachf. (186 S. 8.) = 2, 50.
1881 3211 3047 3275 lung, „Befreiung" und „Aus toten Tagen“, ein bedeutendes
710 3208 1867 3302 Burg, Emma, Für deine Tochter. Paderborn, 1904. Schöningh.
1882 3249 3059 3326 Maß des Könnens. In den übrigen verdirbt die Polemik
757 3285 1187 3348 (203 S. 8.) M 2, 40.
1875 3302 3057 3373 die reine Stimmung. Lauter schrille Töne! Gewöhnliche
717 3302 1880 3390 Schmidt, Norah, Vor Tagesanbruch. Berlin, 1905. Verlag Har¬
1885 3361 3052 3418 Tagesfragen, die angebliche Nichtgleichberechtigung der Juden,
758 3373 1330 3443 monie. (116 S. 8.) „4 2, 50.
1883 3411 3062 3475 die Vorrechte des blauen Blutes, die Zurücksetzung der Kinder
712 3391 1880 3476 Skorra, Thekla, Wovon mein Herz sich freigesungen. Berlin,
1880 3448 3052 3527 der Liebe, Frauenrechteleien 2c. reimt sie da mit verbissener
758 3454 1428 3526 1905. Lilienthal. (95 S. 8.) .7 2.
706 3470 1869 3589 Bangels, Marie Louise von, Prismen. Ebd., 1905. (76 S. 8.)
1887 3511 3060 3577 Rabbulistik zusammen. Man vergleiche hierzu das Gedicht:
755 3549 901 3618 M 2.
1909 3564 2585 3634 „Was ist Deutschland?“ (S. 87).
709 3586 1872 3669 Raible, Marie, Deutsch=Amerika. 2. Auflage. Tübingen, 1905.
1949 3587 3053 3678 Die „Prismen“ von M. L. Bangels wollen keine
1184 3632 1307 3685 M 4.
753 3640 1185 3694 Ostander. (215 S. 8.)
1897 3653 3057 3725 großen Schwingungsweiten des Seelenlebens, sondern nur
721 3641 1889 3760 Bosch=Ibo, Ida, Gedankenflug. Stuttgart, 1904. Strecker &
1881 3695 3061 3774 Momente desselben zur Darstellung bringen. Kerniger Witz
767 3719 1361 3792 Schröder. (73 S. 8.) K 1, 20.
1892 3738 3068 3820 bietet da und dort, wie in „Spatzenphilosophie", angenehme
714 3742 1882 3855 Collier, Hedwig, Glockenklänge. Burg b. Magdeburg, 1905.
1897 3796 3071 3866 Abwechslung. Der gemeine Spatz verhöhnt den stolzen
762 3818 1490 3892 (150 S. 8.) Geb. mit Goldschnitt = 3.
1907 3844 3084 3919 Papagei, der hinter seinen goldenen Stäben ohnmächtig sitzt;
812 3841 1881 3942 „Jungen glücklichen Herzen zugeeignet" sind die „Myrten“.
1909 3911 2590 3979 selbstbewußt rühmt er sich ferner:
730 3910 1884 3991 der Gräfin Mathilde v. Stubenberg, „ein Brautkranz“
