3436 4352
183 297 1175 415 20. Zuischensniel
319 1796 1406 1869 noch schwelgt sie in hohen, entlegenen und schmerz¬
313 1832 1412 1932 berauschten Ekstasen, und gleich darauf fährt sie mit
321 1876 1410 1973 einem schneidenden Gelächter dazwischen, zieht eine
321 1928 1415 2004 Grimasse von einem Ohr bis zum anderen und
315 1997 1420 2071 wippt possierlich mit den Zehen in der Luft. Ebenso
329 2031 1410 2105 schnell findet sie den Weg zurück und gleitet vom über¬
317 2075 1413 2148 mütigen, selbstparodierenden Schabernack wieder hinab
317 2123 1417 2204 in die Salzflut echter Tränen. (Bitte nur zu probieren,
330 2170 1422 2259 ob sie echt sind! Sie schmecken, auf Ehre, ganz salzig!)
370 2218 1421 2306 Diese Seelenakrobatik wollen wir nicht allzu feier¬
324 2265 1423 2357 lich nehmen. Sie hat mehr technische als dichterische
326 2316 1431 2397 Reize. Es ist sehr interessant, derlei zu „können“;
336 2364 1432 2442 aber es ist unendlich gefährlich, es häufiger aus¬
333 2409 1430 2497 zuüben. Ganz abgesehen davon, daß es niemals
343 2456 1431 2559 gelingen wird, ein Publikum, soweit es nicht mode¬
333 2509 1430 2595 vernarrt ist, mit Leib und Seele in derlei Experimente
344 2554 1439 2642 mit hineinzuziehen, laufen unsere Autoren auch Gefahr,
347 2601 1443 2700 selber in diesem widerspruchsvollen Element zu ver¬
353 2663 1439 2753 sinken. Bei Schnitzler ist diese Gefahr minder groß
342 2700 1444 2785 als bei anderen. Er weist dem Burlesken einen
355 2748 1438 2824 immerhin bescheidenen Platz an und behält somit als
347 2807 1435 2876 Künstler Gewalt darüber (wenn schon nicht immer
347 2843 1447 2924 über die dadurch angefachten Zwitterstimmungen im
353 2891 1450 2987 Zuschauerraum). Auch überwiegt bei ihm im tiefsten
358 2943 1446 3028 Grund der Ernst, ja selbst die Sentimentalität, und
357 2997 1447 3098 vielleicht bloß um dieser Schwäche zu begegnen, greift
359 3041 1450 3124 er zu possenhaften Beimischungen. Schließlich ist er
359 3080 1464 3172 viel zu sehr Wiener, um jemals die so empfindliche
366 3133 1447 3228 Geschmacksgrenze in bedenklichem Maße zu über¬
372 3182 1453 3271 schreiten. Wie er in seiner Wehmut sympathisch bleibt
361 3225 1468 3314 und niemals albern wird, so hält er auch in seinen
364 3280 1467 3359 Scherzen ein gebührliches Maß und verliert sich nicht
376 3356 663 3429 ins Absurde.
1241 283 1695 378 box 25/1
2569 1703 3311 1793 kaum etwas Zwingendes und B#
1474 1739 2525 1835 Trotzdem hat er, indem er dieser Zeitneigung
2571 1751 3294 1846 Künstler, der sich ausschließlich auf
1433 1789 2535 1874 nachgab, dafür büßen müssen. Sein „Zwischenspiel“
2566 1796 3302 1880 verläßt, setzt sich hierdurch fortwähre
1447 1837 2532 1923 hat einen tieferen und volleren Eindruck nicht zu er¬
2572 1847 3296 1938 oder Unglauben aus. Gewiß vermi
1443 1886 2533 1978 zielen vermocht. Das lag freilich nicht bloß an jener
2578 1891 3309 1982 Gemütskräfte durch sanfte Überred
1450 1942 2540 2031 riskanten Mischung; das hatte auch noch seine ganz
2579 1951 3291 2028 Einflüsterungen so zu lenken, daß
1444 1981 2543 2071 anders gearteten Gründe. Solch ein allerfeinster
2580 1980 3310 2087 ihm momentweise auch Ungewohnte
1444 2048 2540 2113 Kenner und Zergliederer der modernen Seele, wie
2570 2042 3307 2122 uns daran zu erfreuen. Aber plötzlich
1449 2076 2555 2169 es Schnitzler ist, geht naturgemäß darauf aus, die
2580 2093 3304 2174 Wendung schnellen wir gewappnet wi
1462 2134 2547 2212 Subtilität seiner Seelenkunst auch im Theater zu er¬
2597 2142 3311 2220 versagen ihm plötzlich die Gefolgsch
1450 2175 2557 2270 weisen. Man darf es wohl als sein Ziel hinstellen,
2590 2189 3311 2278 dazwischen werfen: „Nein, das mi
1457 2222 2554 2318 das Theater für die diskreten Reize einer mit den
2591 2249 3304 2322 kommen!“ So ging es manchem
1454 2265 2553 2374 zartesten psychologischen Nuancen und Abtönungen
2593 2285 3304 2381 Akt vom „Zwischenspiel“, als der C
1460 2322 2549 2396 arbeitenden und auch vor überraschenden Wider¬
2594 2331 3291 2412 er mit seiner Frau soeben erst
1471 2378 2554 2468 sprüchen nicht zurückschreckenden Seelenmalerei zu
2596 2380 3313 2461 Trennung vereinbart hat, unmittell
1468 2418 2567 2513 gewinnen. Das ungeheure Beispiel Ibsens ist ihm
2593 2418 3317 2513 wieder anbändelt und ein gemeinsch
1467 2475 2555 2559 und ist uns allen hierin vorangeschritten. Doch hat
2599 2477 3319 2570 Arbeiten verabreden will. Sch
1467 2516 2555 2597 Ibsen sich niemals in der bloßen Nuancierung
2591 2531 3304 2614 gewiß darüber belehren können, d
1463 2572 2558 2652 verloren. Seine seelischen Farben sind stets
2594 2573 3314 2667 und im Charakter und in der Si
1464 2612 2560 2703 einer sehr fest gezogenen Zeichnung ein= und
2597 2617 3318 2705 sei. Trotzdem glauben wir es ihm
1476 2660 2567 2747 untergeordnet, und sie beherrschen niemals das
2612 2675 3315 2760 Instinkte rebellieren. Wir verlang
1485 2709 2566 2801 ganze Gemälde, sondern sie heben sich als duftige
2604 2725 3312 2811 möglichste Reinlichkeit und Ganzh
1482 2753 2569 2846 Glitzerpunkte ab von einem machtvoll aufgebauten,
2609 2766 3321 2855 weil uns aller Mischmasch irritier
1489 2809 2569 2894 geheimnisvoll vertieften Hintergrund. Bei Schnitzler
2602 2811 3319 2896 lichkeit einer etwaigen Wiederannä
1484 2862 2576 2940 hingegen wird die psychologische Nuance vielfach
2607 2856 3325 2947 in noch so verkappter Form, woll
1481 2899 2575 2985 Selbstzweck, und sein Gemälde bekommt hierdurch
2615 2910 3330 2997 Fall durchaus nichts hören. Dav
1494 2952 2571 3039 etwas Zerfahrenes. Anfangs erfreuen und fesseln
2615 2958 3307 3053 halbes Jahr später, das heißt im
1478 2999 2573 3088 einen ja diese Feinheiten, und mit entzücktem Ohr
2616 3008 3323 3094 nächsten Akt will aber der Dichter
1490 3039 2577 3130 lauscht man jeder Wendung des zart und graziös
2612 3065 3320 3142 sein. Folglich wendet er seine gan
1489 3093 2582 3171 bewegten Dialogs. Mit der Zeit aber stellt sich Er¬
2618 3116 3300 3198 einschmeichelnde Kunst auf, um
1493 3143 2587 3235 müdung ein. Und nicht bloß diese; auch Unsicher¬
2612 3135 3330 3248 recht unglaubhafte Wendung schon
1496 3185 2587 3279 heit. Das Möglichkeitsfeld der menschlichen Seele
2611 3210 3319 3300 zubringen. Das spüren wir, un
1495 3239 2581 3329 ist ein so großes, daß es hier kaum noch Unmöglich¬
1494 3286 2742 3376 keiten gibt. Aber ebendeswegen gibt es auch hier wir.
