3436 4384
234 122 1136 243 20. Zuischensniel
1304 123 1748 220 box 25/3
1255 523 1633 610 Telephon 12501.
1460 579 2166 743 „OBSERVER“
1255 702 2395 790 I. österr. behördl. konz. Unternehmen für Zeitungs-Ausschnitte
1468 766 2216 873 Wien, I., Conoordiaplatz 4.
1686 842 2000 902 Vertretungen
1267 863 2399 955 in Berlin, Budapest, Chicago, Christiania, Genf, Kopenhagen,
1275 916 2405 994 London, Madrid, Mailand, Minneapolis, New-York, Paris, Rom.
1467 959 2234 1034 San Francisco, Stockholm, St. Petersburg.
1642 1010 2058 1070 (Quellenangabe ohne Gewähr.)
1275 1101 2312 1196 Ausschnitt aus: Palinner Anzeiger, Brünn
1585 1182 1775 1282 12 1005
1295 1215 1479 1287 vom:
1373 1255 2373 1317 Kdr. Ein Ensemble=Gastspiel des Wiener Hof¬
1265 1318 2375 1369 burgtheaters bedeutet für Brünn stets ein künstle¬
1268 1357 2384 1410 risches Ereignis. Diesmal in doppelter Beziehung.
2145 1397 2417 1478 As neu¬
1261 1411 1958 1478 Die Gäste machten uns mit S
1270 1423 2413 1517 ester Komödie „Zwischenspieleses #
1266 1482 2415 1571 Werk, das eine in Dialogform gebrachte Novelle, s.
1265 1565 2422 1624 aber kein bühnenwirksames Theaterstück ist, bietet 6
1277 1608 2381 1667 so ungeheure darstellerische Schwierigkeiten, ent¬
1268 1647 2430 1729 behrt so vollständig allen und jedes schauspieleri=
1280 1704 2427 1766 schen Effektes, daß eben nur Künstler, wie sie
1276 1752 2425 1823 das Wiener Hofburgtheater besitzt, an die Bewäl¬ 8
1277 1810 2362 1866 tigung einer solchen undankbaren Aufgabe schreiten
1272 1861 2378 1915 können. Nur ihrer Kunst und allenfalls noch der
1272 1907 2377 1968 Achtung, mit der man Schnitzlerischen Arbeiten be¬
1280 1958 2386 2009 gegnet, ist es zuzuschreiben, daß das Stück keine¬
1276 2006 2378 2075 deutliche Ablehnung erfuhr. Der begeisterte Beifall
1285 2058 2371 2123 galt einzig und allein den Schauspielern. Vielfach
1282 2111 2370 2165 konnte man in der Zuhörerschaft das Urteil ver¬
1287 2149 2384 2232 nehmen: „Die Aufführung ist großartig, das Stück
1284 2219 2373 2273 aber miserabel.“ Das Publikum gibt mit diesem
1284 2275 2384 2324 harten Worte seinem Unmute über die Schwerver¬
1281 2304 2382 2374 ständlichkeit intimer Seelenvorgänge, den Mangel
1275 2355 2384 2417 an dramatisch bewegter Handlung und die gegen
1285 2412 2383 2468 alles Herkommen disharmonische Lösung des Kon¬
1282 2468 2368 2520 fliktes aufrichtigen, wenn auch derben Ausdruck.
1283 2505 2383 2563 Schnitzler stellt farblose Charaktere auf die Bühne,
1275 2563 2364 2613 Menschen, die nicht Fisch, nicht Fleisch sind; er prä¬
1274 2609 2381 2672 pariert mit dem. Seziermesser des gewandten See¬
1286 2654 2376 2718 lenforschers alle Stimmungen, Regungen und Ge¬
1286 2709 2381 2770 heimnisse der Psyche, legt sie säuberlich geordnet
1276 2775 2369 2824 vor uns hin, gleich feinen, ausgeschälten Nerven¬
1290 2810 2382 2875 fasern — und vergißt, daß sie eben wegen dieser
1284 2861 2382 2922 Feinheit und Dünnheit uns nicht sichtbar werden,
1286 2909 2380 2979 nicht greifbar sind. Zwischen Bühne und Zuschauer¬
1279 2946 2375 3027 raum ist ein großer Abstand, mit dem der Drama¬
1286 3007 2387 3064 tiker rechnen muß. Der erzählende Dichter
1287 3055 2417 3128 darf sich solche feine seelische Zergliederungen ger
1308 3185 2388 3254 statten; diese bilden sogar einen der vornehmsten
1296 3234 2395 3319 Reize der psychologischen Novelle. Der Drama¬
1290 3289 2400 3366 tiker aber stelle Leben auf die Bühne, scharf
1301 3345 2382 3413 gezeichnete Gestalten, Menschen mit Leidenschaft
1299 3397 2394 3449 und Willen, und behandle ihren Widerstreit mit
1292 3443 2377 3508 gewaltigen, bewegenden Mächten. Im „Zwischen¬
1296 3493 2380 3554 spiel“ aber wird in langen, unbewegten Dialo¬
1285 3536 2377 3613 gen, welche zumeist von dem an einer krankhaf¬
1296 3592 2379 3664 ten Selbstbeobachtung leidenden Ehegatten Ama¬
1284 3635 2377 3696 deus und Cäcilie Adams geführt werden, über
1288 3697 2383 3749 Liebe und Ehe, deren Ende und Bruch verhandelt.
1284 3734 2387 3815 Daß Liebe im Leben des Mannes bloß eine Episode
1280 3782 2376 3840 ist, im Leben der Frau alles bedeutet, daß eine
1281 3843 2368 3908 vorübergehende Treulosigkeit des Mannes noch
1277 3881 2377 3943 lange kein Ehebruch ist, daß ein normalgeartetes
1290 3930 2379 4015 Weib sich ohne Reue nur dem geliebten Manne
1288 3997 2377 4064 hingeben kann, sind Wahrheiten, die schon oft be¬
1273 4048 2429 4115 wiesen wurden, und zu deren Neugestaltung
1284 4083 2360 4147 Schnitzler wohl am geeiqnetesten unter den zeit¬
