3484 4256
357 85 1246 197 20 Zuischensniel
1418 92 1872 176 box 25/5
1426 1027 1826 1126 Ausschnitt aus;
1840 1072 2470 1180 Hiesische Zeitung, Bresiar
1659 1119 1903 1231 S#R1915
1392 1142 1656 1224 W
1645 1220 2161 1315 Breslauer Cheater.
1729 1297 2049 1375 Lobe=Theater.
1548 1348 2244 1429 Gastspiel Harry Walden:
1656 1406 2125 1480 „Zwischenspfel.“
1307 1457 2550 1544 Mit seiner Darstellung des Kupellmeisters Amadeus Adams
1239 1485 2543 1594 in ArthurShinlen Ludie=wischenspiel“ hat Harry;
1242 1532 2559 1629 Walden heüt: abend den Schatten von Josef Kainz heraufbe¬
1241 1589 2543 1662 schworen, dessen fünften Todestag wir in diesen Tagen begehen.
1237 1630 2551 1726 Denn im Sommer 1908 brachte uns Kainz aus Wien Schnitzlers
1244 1672 2552 1765 wenig gespieltes Werk mit, und seine überragende Kunst ließ die
1233 1722 2540 1796 verschiedenen Unzulänglichkeiten der Komödie vergessen. Man
1233 1763 2542 1826 kann ihr nämlich mit Recht vorwerfen, daß ihr die sogenannte
1230 1818 2532 1877 Handlung fehlt, daß sie mehr eine Plauderei in Dialogform al¬
1226 1857 2535 1923 ein Theaterstück ist. Aber diese Plauderei ist ausnehmend geist¬
1227 1890 2529 1961 reich und funkelnd, wirft tausend neue Lichter über alte Probleme
1230 1932 2538 2010 und vermeidet mit Geschick im Banalen zu enden. Zwei Eheleute,
1237 1986 2525 2042 innerlich entfremdet, beschließen, beieinander zu bleiben, weil das
1229 2022 2529 2096 bequemer ist als die Scheidung. Aber — „man scherzt nicht mit
1231 2070 2527 2139 der Liebe“, heißt ein Sprichwort. Eines Tages, oder vielmehr
1229 2117 2522 2163 eines Nachts geraten die auseinanderstrebenden Pole doch wieder
1223 2155 2525 2220 zusammen, was die endgültige Trennung dann um so schneller her¬
1231 2198 2518 2268 beiführt. Der Charakter der Frau mag an Ibsens Nora erinnern,
1226 2247 2523 2311 aber es ist eine verfeinerte Nora, die nicht nach „Frauenrechten“
1227 2274 2512 2346 im allgemeinen schielt, sondern ihre Weibesrechte im besonderen
1218 2325 1492 2384 beansprucht.
1312 2372 2523 2426 Herr Walden kehrt als Kapellmeister Adams weniger den:
1230 2417 2520 2484 Genialischen, den Musikus heraus, wie Kainz — er bleibt immer
1228 2467 2510 2526 ein Mann von guten Formen und scheint in den meisten Szenen
1227 2504 2522 2568 mit der ganzen Situation nur zu tändeln. Aber wie er im zweiten
1220 2550 2512 2617 Akt dann seine eigene Frau verführt, wie man förmlich fühlt, daß
1224 2596 2513 2654 sie dieser Stimme, diesem Blick, diesem Willen unterliegen muß,
1228 2637 2516 2703 da war er ganz auf der Höhe seiner großen Kunst. Und auch das
1225 2677 2503 2740 soelische Abklingen in den Schlußauftritten wirkte überzeugend und
1216 2723 2507 2779 esselnd. In dankenswerter Weise hatte die Lobe=Theaterleitung
1216 2775 2510 2830 dem berühmten Gast die Ehre erwiesen, ihm für den Schnitzler¬
1215 2802 2521 2857 Abend ihre besten Kräfte zur Seite zu stellen. Beinahe uneinge¬
1225 2853 2506 2918 schränkte Anerkennung gebührt da zunächst dem Frl. Holm, deren
1224 2907 2502 2972 Cäcilie ganz Verven und Leidenschaft war, und die, wenn auch im
1211 2946 2500 3001 zweiten urt das „Dionysische“ (wenn man so sagen darf) fehlte,
1210 2973 2506 3037 doch die müde Resignation des Schlußaktes wundervoll zum Aus¬
1211 3018 2499 3079 druck brachte. Das lustige Ehepaar, den Schriftsteller Rhon und
1218 3070 2508 3137 seine Frau, spielten Herr Rotmund und Frl. Wall, ersterer
1208 3102 2505 3157 mit überlegenem Humor, letztere ein wenig schüchtern, aber sonst
1214 3151 2500 3210 sehr hübsch. Die Rolle des Fürsten Sigismund verlor bei dem
1201 3189 2494 3248 wirklich vornehmen Herrn von Wolzogen ihre Gefährlichkeit,
1205 3248 2502 3307 und nur Frau Habel=Reimers (Gräfin Moosheim) war
1213 3288 2537 3357 mehr Sängerin als Gräfin. Für die stimmungsvolle Inszenierung
1206 3335 2509 3399 zeichnete Herr Lenoir verantwortlich. Das sehr aut besetzte
1198 3375 2504 3436 Haus folgte der Aufführung mit wachsendem Interesse, und be¬
1212 3411 2558 3497 sonders Harry Walden wurde hieder mit Beifall überschüttet 1!
