3436 4384
1321 205 1756 306 box 25/1
245 212 1277 324 20. Zuischensniel
821 1386 1232 1458 Telephon 12801.
442 1479 1574 1562 Alex. Weigls Unternehmen für Zeitungs-Russchnitto
627 1556 1398 1659 „OBSERVER“4
436 1647 1566 1741 I. österr. bebördl. konz. Bureau für Zeitungsberichte u. Personatpachrichten
626 1726 1405 1821 Wien. I., Concordiaplatz 4.
865 1797 1165 1868 Vertretungen
443 1809 1558 1924 in Berlin, Budapest, Chicago, Genf, London, New-Vork,
428 1879 1563 1953 Paris, Rom, Mailand, Stockholm, Christiania, St. Petersburg.
712 1934 1286 2018 (Quellenangabe ohne Gewähr.)
427 2027 1549 2135 Ausschnitt aus:Humoristische Blätter, Wien
434 2121 612 2195 vom:
462 2141 1102 2260 K
746 2259 1296 2369 Wom Theater.
856 2571 900 2639 4
836 2624 892 2664 grn
615 3040 1513 3112 Der geistvolle Arthur Schnitzler
511 3080 1512 3178 wollte mit seinem „Zwischenspiel“ den
507 3166 1504 3240 Weg in's Burgtheater finden; ein Experiment,
516 3232 1500 3292 das zumindest erwarten ließ, daß die gewohnte
510 3275 1496 3343 Stickluft der Schlenther'schen Bretter wieder ein¬
514 3354 1495 3414 mal durch prickelndes Odeur aufgefrischt werde.
513 3399 1494 3460 Dieses scheint aber dem hochgräflichen Publikum
514 3454 1509 3512 weniger in den Hopf. als in die Nase gestiegen
500 3514 1513 3587 zu sein und so wird das „Zwischenspiel“ den
501 3590 1499 3651 Weg zu anderen Brettern suchen müssen, wo
501 3639 1505 3710 es bei dem für leichte Reizungen präparierten
502 3694 1507 3762 Dublikum gewiß auch den verdienten Beifall
499 3744 794 3831 finden wird.
2026 110 3120 171 in Partn. Indapest, Chhsatre, (ient, Tondon, Wam Mes
2020 176 3129 218 Paris. Rom, Mailand, Stockholm, Christianin, St. Petersburg.
2300 206 2867 285 (Quellenangabe ohne Gewähr.)
2019 297 2508 370 Ausschnitt aus:
2336 352 2480 414 0
2020 359 3177 465 vom: 15 chietads, Blätter, Wien
2238 539 3025 641 Reich der Schminke.
2251 614 3127 702 Schnitzlers „Zwischenspiel“ hat bei seiner
2156 684 3135 751 Erstaufst Hofburgtheater vielfach ent¬
2148 739 3127 809 täuscht. Der Stoff wird von dem pikanten Ge¬
2166 783 3120 843 stalter der Liebesszenen, wie sie wirklich sind,
2152 841 3127 911 diesmal zu schwer behandelt und fällt dadurch
2148 885 3133 959 zu sehr in das Theatralische zurück, wobei die
2161 941 3127 997 Wahrscheinlichkeit der auf die Bühne gebrachten
2157 981 3137 1039 Figuren auf ein Minimum zusammenschrumpft.
2149 1035 3131 1102 Die Ehe zwischen dem Kapellmeister und der
2155 1079 3137 1135 Sängerin ist keine triviale Künstlerehe, sondern
2168 1133 3128 1192 ein sonderbares Gemisch von dem freien Bei¬
2160 1172 3129 1247 sammenleben leichtlebiger Bohemiens und dem
2155 1225 3142 1290 zielbewußten Neben= und Miteinanderwirken
2160 1275 3115 1341 arbeitseifriger Ehekameraden. Und nun komm
2156 1328 3109 1382 bald das eine, bald das andere Moment meht
2163 1375 3131 1432 in den Vordergrund, bis der ganze mühevollt
2156 1416 3140 1482 Aufbau kläglich an der Tatsache der inneren
2159 1456 3146 1536 Unmöglichkeit in ein Nichts zusammenfällt. Daß
2165 1520 3146 1587 sich Eheleute aus materiellen Gründen zeitweilig
2163 1574 3130 1620 trennen, ohne eine formelle Scheidung anzu¬
2167 1619 3143 1676 streben, das kommt oft genug vor, daß sich
2164 1672 3126 1731 Eheleute scheiden lassen, um ihre eigene Indivi¬
2162 1719 3145 1793 dualität ausleben lassen zu können, ereignet sich
2165 1772 3132 1832 noch öfter, daß aber — wie es im Zwischen¬
2155 1811 3147 1889 spiel der Fall ist — sich die Eheleute gegenseitig
2155 1864 3139 1917 in Bezug auf die Eherechte vollständig freigeben,
2256 1914 3142 1983 lich jedoch und bis zu einem gewissen
2308 1966 3147 2031 auch in geistig=innerlicher Hinsicht vereint
2336 2017 3131 2077 ist ein Paradox, das uns trotz lang¬
2365 2048 3144 2129 dialoge und tiefer Philosophie auch
2400 2109 3124 2160 icht aufzuklären vermochte, denn seine
2387 2173 3138 2221 ung ist Sophistik. Er sieht das auch
2311 2209 3135 2273 in und kehrt noch rasch zur Natur zurück,
2303 2260 3135 2308 er den Ehemann alle Vereinbarungen
2277 2304 3139 2373 sen läßt. Der Kapellmeister, dem es an
2160 2349 3144 2425 Engegenkommen seitens schöner Frauen gewiß
2169 2394 3150 2491 nich fehlte, entbrennt beim Anblick der von
2163 2455 3136 2519 einer Tournée zurückkehrenden schönen Frau, die
2162 2503 3139 2565 ja doch seine ehelich angetraute Frau ist, von
2156 2550 3145 2622 dem Wunsche, sie wieder zu besitzen. Und dieses
2167 2603 3145 2658 rein tierische Moment führt nun zur offiziellen
2158 2661 3142 2709 Scheidung. Das Auditorium war mit dieser
2159 2686 3150 2763 Wendung nicht ganz einverstanden, denn die
2162 2755 3147 2806 Fehler in der anfänglichen Charakteristik konnten
2151 2794 3148 2852 durch die Rückkehr zum Physischen nicht mehrs
2166 2844 3153 2924 gutgemacht werden. Die Frau war eben schon
2158 2894 3144 2964 vorher dieses Mannes — Mann als Re¬
2160 2952 3132 3002 präsentant gewisser Geschlechtsfunktionen — über¬
2162 2963 3147 3043 drüssig geworden, und, wenn sie bis dahin keine
2163 3041 3144 3106 Abweichung vom Pfade des ehelichen Treueweges
2161 3090 3139 3135 einzubekennen hat, so geschah dies ja doch nur,
2160 3132 3152 3205 wie sie selbst sagt, weil im richtigen Moment
2155 3188 3135 3238 der Richtige nicht da war. Und dieser Richtige
2161 3225 3143 3305 wäre niemals der Gatte gewesen. Schnitzler stellt
2164 3298 3139 3345 uns noch einen Verehrer der Frau und eine
2163 3333 3139 3401 Liebe des Mannes vor beide Figuren haben
2156 3383 3146 3446 etwas Operettenhaftes an sich und machen keinen
2163 3433 3139 3481 Anspruch darauf, psychologisches Interesse zu er¬
2162 3479 3146 3536 wecken, die Szenen, die durch sie notwendig oder
2165 3534 3141 3592 besser gesagt überflüssig geworden sind, schädigen
2161 3578 3137 3641 den Charakter der ganzen Komödie. Das Pu¬
2157 3625 3135 3686 blikum bereitete seinem Liebling, wohl in dank¬
2156 3681 3155 3737 barer Erinnerung an die angenehm erregten
2169 3732 3149 3773 Stunden, die er ihm schon bereitet hat, einen
2163 3768 3153 3833 Achtungserfolg, der nicht stark genug ist, um
2171 3818 3138 3883 dieses Stück auf dem Repertoire lange halten
2162 3879 3141 3934 zu können. Die beiden Hauptfiguren wurden von
2162 3916 3143 3983 Kainz in seiner bekannten Manier, mit viel
2165 3959 3155 4033 Aufwand aber wenig Ernst und von Frau
2167 4000 3151 4103 Witt in liebenswürdigem Salontone ohng
2163 4063 2736 4135 inneres Empfinden gespielt.
3043 4142 3175 4179 n
