3392 4320
1284 162 1728 276 box 25/5
192 178 1139 301 20. Zuischenspiel
2083 1094 3205 1157 ..—. Die das Plenum sich damit beschäftigen kann.
1552 1116 1673 1196 EE
104 1190 2174 1243 ung ihrer wahren Empfindungen. Er sieht im Grundeschem zu vergelten gesonnen ist, daß ihr neue Ver¬
2192 1197 3206 1253 Was den künstlerischen Wert dieser außerordentlich
106 1221 3194 1278 mmen ganz gleichgültig auf einen harmlosen jungen heißungen erblüht sind, daß neue Schicksale und neue geistreichen und gedanklich anregenden szenischen Beweis¬
109 1259 3208 1329 und seiner Frau, benutzt aber ihre Freundschaft mit Erwartungen auf ihrem neuen Wege liegen, denen auszu= führung wesentlich mindert, das ist das Erklügelte dieses
123 1297 2147 1361 für einen österreichischen Aristokraten merkwürdig weichen sie heute nicht mehr gesonnen ist. Doch das alles
2132 1307 3196 1365 interessanten Einzelfalles, ist die ziemlich papieren schön¬
103 1339 2150 1400 chen Jüngling, um seiner Frau Dinge anzudichten, nur im Rückblick auf ihre verletzte Liebe und die von ihm
2128 1348 3204 1394 rednerische und, bei aller inneren, so doch jeder äußeren
104 1380 2148 1446 die er selber noch nicht glaubt. Und sie, die die bereitslhalb unbewußt vertretene Herrenmorat. Denn auch
2140 1385 3197 1453 Handlung entbehrende Vorführung blutlos tintiger
106 1425 2138 1485 Jahr andauernde Ehelosigkeit ihres Mannes demuts=ldarin wieder liegt ein wenig Komödie. In Wahrheit
2137 1430 3201 1483 Dialogautomaten, die ihre Leidenschaften sehr schön zu
121 1456 1101 1510 harrend erduldet und seinen vollen Abfall passiv
1089 1453 2137 1515 nimmt sie die Versuchungen allesamt, die sich ihr nahten
2138 1467 3205 1523 anatomieren wissen, ohne sie je zur Schau zu tragen.
104 1499 1103 1553 htend kommen sieht, geht, in ihrem Frauenstolz,
1091 1500 2147 1550 und noch nahen werden, nicht sehr ernst. Fern von ihm hat
2135 1507 3207 1573 Wie leider die der meisten unserer Modernen ist Schnitz¬
100 1535 1099 1584 n auch voll tiefen, doch verborgenen Leides, mit ge¬
1093 1530 2138 1595 sie ihre heiße Liebe zu ihm überwunden und sich ganz hin¬
2129 1537 3197 1615 lers Kunst keine gestaltende, keine aufbauende, sondern
108 1579 1099 1627 ltem Gleichmut auf die Verdächtigung ihres Mannes
1092 1593 2145 1643 neingelebt in den Gedanken der Freundschaft mit ehm,
2141 1590 3201 1648 eine zergliedernde Kunst, eine Kunst voller subtiler seeli¬
117 1607 1112 1657 ja sie läßt ihn sogar fälschlich glarben, daß ihr der
1088 1615 2152 1674 einer stolzen, reinen Freundschaft, die kein unkeuscher
2149 1623 2678 1689 scher Finessen ohne Körper.
115 1642 1106 1714 ere nicht gleichgültig ist. Vielleicht in der schwachen,
1093 1660 2157 1722 Gedanke trüben soll. Nun aber sieht sie ihn, wie einst
2203 1650 3210 1725 „Komödie“ nannte Schnitzler seine im Grunde
99 1684 1090 1759 erischen Hoffnung, ihn dadurch für sich zurückzu¬
1093 1687 2149 1750 nicht reif zur Ehe, nicht reif zur Freundschaft. Darum
2142 1690 3199 1762 bitterernste und nur im Schlußakte zuweilen, den Stil
109 1728 320 1784 ewinnen.
1088 1737 2152 1802 ihre Erzählung von lockenden Abenteuern. Doch mit
2131 1740 3210 1805 verletzend, scherzende Dichtung. Es ist von einer Kom¬
126 1760 1094 1824 Freunde wollen sie aber trotzdem fortan sein, auf¬
1097 1768 2142 1834 seinen, beginnen auch ihre Sinne wieder ihm entgegen¬
2135 1784 3214 1838 position im Stücke die Rede, die Amadeus Adams
107 1807 1106 1856 tige, einander alles beichtende Freunde, frei aber von
1093 1818 2149 1883 zufliegen, und sie erliegt nach heftiger Gegenwehr
2144 1821 3216 1877 „Capriccio doloroso“ widerspruchsvoll zu nennen sich
107 1845 1102 1909 m ehelichen Zwang. So lautet der Pakt, den sie auf
1102 1848 2151 1906 seiner heißen Begier — zum letzten Male. Dies
2135 1862 3200 1919 entschließt, um der „verborgenen Traurigkeit des Themas“
122 1876 1102 1954 Drängen schließen. Ihre Künstlerehe soll hinfort
2027 1897 2139 1945 Wie
1092 1896 2045 1954 Erliegen ist ihrer Gemeinschaft letztes Ende.
2139 1904 3211 1953 willen. Es liegt darin eine feine Anspielung auf das
103 1914 1017 1975 musikalisch, d. h. rein und nur musikalisch sein.
1084 1926 2148 1989 vordem von ihm die Ehe, so ward nun von ihnen beiden
2147 1941 3215 1998 ganze „Zwischenspiel“, das dieses Untertitels gleichfalls
119 1975 1114 2034 Und das Zwischenspiel beginnt — hinter den Kulissen.
1099 1973 2147 2022 die Freundschaft gebrochen, die schöne, lautere Freund¬
2142 1987 3199 2045 würdig ist. Und würdig ist es auch, trotz aller seiner
104 2002 1107 2064 n erstenmal macht er seine Sommerreise nicht mit
1106 2010 2140 2067 schaft, die sie sich so groß erträumt hatte und die nun
2145 2025 3205 2093 dialogisierten Novellistik, des ihm zuteil gewordenen
100 2051 1106 2108 ier Frau, sonbern mit seinem Freunde Albertus,
1097 2044 2142 2105 auch besudelt ist. Das muß sie von ihm, dem allezeit
2142 2057 2509 2119 Grillparzerpreises.
106 2095 1112 2147 Treuhänder, dem witzigen Raisonneur des Stückes,
1104 2087 2156 2152 Wankenden und keinerlei Treue wohl je zu wahren
2200 2099 3207 2166 Mit der verdienstvollen Vorführung dieser Komödie
114 2129 1117 2191 em Dramatiker und Librettisten, der die Menschen,
1102 2121 1799 2188 Vermögenden, trennen auf immer.
2145 2137 3205 2202 der Gefühlsirrungen, der morgen Hebbels grandioser
125 2178 1116 2235 denen er umgeht, als Schauspielgestalten ansieht
1164 2157 2148 2226 Zwei französische Spaßmacher suchten uns neulich
2151 2176 3211 2238 „Gyges“ folgen wird, und mit dem nach München ge¬
138 2212 1102 2274 allen ihren Erlebnissen einen dramatisch wirksamen,
1101 2202 2149 2267 klar zu machen, daß die Liebe über die Reinheit des
2145 2229 3205 2282 richteten erfolgreichen Hilferuf hat der halbe Winter un¬
139 2243 1111 2304 zugleich untheatralisch originellen, lebensmöglichen
1095 2250 2155 2307 Weibes wacht. Schnitzler führt hier mit fein spintisie¬
2139 2267 3203 2333 seres residenztheaterlichen Mißvergnügens hoffentlich
112 2289 1103 2350 hluß andichtet. Dann aber steigt der ehefesselfreie
1099 2287 2156 2339 render Spitzfindigkeit den für einen jenseits aller tradi¬
2151 2312 3208 2367 sein En#e, und die zweite Winterhälfte bringt uns in
111 2318 1114 2387 emann hernieder in ein schönes Tal — zu einer
1098 2331 2139 2385 tionellen Moral wandelnden Weltstadtweiberkenner über¬
2139 2343 3210 2405 unserem zweiten Theater hoffentlich nicht mehr so völlig
99 2354 364 2430 ern Frau.
1096 2348 2148 2421 raschenden Nachweis, daß die Ehe heute immer noch am
2141 2368 3201 2441 allem guten Geschmack Hohn sprechende Unterhaltung, wie
1094 2399 2147 2460 sichersten über die Reinheit der Frau wacht, die Ehe, in
118 2397 1102 2462 Doch der Sommernachtstraum mit seiner koketten
2135 2406 2480 2491 vordem zumeist.
1096 2447 2152 2504 der, um ein Wort Luthers zu gebrauchen, eine jegliche
106 2439 1113 2503 rführerin verfliegt gar schnell, und da er zurückkehet,
2203 2463 3210 2524 Es war uns recht interessant, ein paar der namhaf¬
1095 2483 2155 2556 Person ihr Amt tut, was ihr gebührt — geistig und
107 2499 1109 2545 gt er seine ganze neu ermunterte Liebe seiner Gattin
2132 2502 3204 2563 testen Münchener Bühnenkünstler bei uns zu sehen.
1098 2525 1324 2590 körperlich.
104 2533 1110 2590 gegen, die, der Uebereinkunft gemäß, den Sommer
2141 2549 3213 2610 [Basil als Regisseur hatte die vielen feinen Fäden, die
1166 2561 2150 2623 Die Ehe, so theoretisiert aber weiter Schnitzler, ist
115 2566 1110 2624 einer Gastspielreise benutzt hat, die ihr, der Sängerin,
2146 2596 3199 2643 sich durch zwei benachbarte Seelenlabyrinthe ziehen und
1107 2596 2141 2659 das komplizierteste, weil unduldsamste Verhältnis zwi¬
105 2610 1115 2670 ebliche Triumphe brachte. Aber das Blatt hat sich
2154 2632 3211 2683 schwierig verwirren, so glatt entwickelt, daß die Seelen der
1105 2646 2142 2702 schen zwei Menschen. Sie duldet weder der Ehegatten
107 2646 1110 2712 wischen vollkommen gewendet. Bisher spielte er mit
2141 2671 3208 2710 beiden Gatten klar vor uns lagen. Jedes leise Wort des
1098 2682 2147 2736 bloße Freundschaft noch der Ehegatten volle Wahrhaftig¬
121 2683 1101 2748 Freiheit, nun spielt die Freiheit mit ihm. Er, der
2142 2705 3202 2762 Dichters war wohl erwogen, geprüft und zum Ganzen
1108 2733 2153 2791 keit, aber auch nicht deren Lüge; und ebensowenig jegliche
116 2720 1103 2782 herhaben über die Durchschnittsmenschen fühlte und
2135 2746 3203 2793 gestimmt. Feinsinnig und zartfühlend war man den In¬
1097 2757 1552 2824 Art von Doppelmoral.
94 2771 1112 2824 rum glaubte, eine Art Ueberehe führen zu können,
2135 2776 3214 2837 tentionen des Dichters zu folgen bemüht — bis aufs
1170 2794 2150 2859 Aber der Dichter weist zugleich auf eine Zukunft hin,
108 2800 1111 2862 im Grunde ein gar schwachmütiges, dem alten Ehe¬
2149 2815 3056 2880 Wienerische, das leider gar nicht berührt wurde.
1101 2845 2150 2896 die das haltbarste Verhältnis zwischen Mann und Frau
108 2844 1110 2905 he froh zusteuerndes kleines Philisterlein. Zwar
2192 2851 3210 2926 Mit eindrucksstarker Wärme und tiefer Innerlichkeit, in
1105 2884 2158 2941 ienseits der unleugbar zu manch böser Qual und Sünve
134 2880 1117 2945 t er keineswegs ein, daß er sich über sich selbst ge¬
2145 2880 3205 2942 schwebendem Schmerze gab Frl. Swoboda die Cäcilie.
1116 2922 2153 2980 führenden Ehefesseln liegen sieht, auf eine Zeit, in der
92 2913 1118 2990 ischt hat, daß er ein anderer, freierer zu sein glaubte,
2140 2934 3215 2995 Unaufdringlich überlegenes Feingefühl, Willenskraft,
1102 2965 2155 3015 es Verwickelungen wie die von ihm hier vorgeführten
96 2962 1122 3018 er in Wahrheit nicht ist; das aber sieht er, daß sie in¬
2147 2977 3207 3030 Charakterstärke und bewußte, durch Natürlichkeit doppelt
103 3000 1114 3068 ischen eine andere geworden ist, daß sie nicht mehr die
1099 3007 3207 3073 nicht mehr geben kann, Verwickelungen, die heute umso geadelte weibliche Hoheit war in wundervollem Gemisch
97 3038 2155 3091 e, gütige Frau von früher ist, der Engel von ehedem, schwieriger, umso herzbrechender sich gestalten, je an¬
2143 3040 3211 3098 über ihr ganzes Wesen ausgegossen, durchströmte sie in
107 3074 2146 3137 bar und ein wenig langweilig, wie alle Engel, daß ihre ständiger, d. h. je befangener in herkömmlichen Anschau¬
2146 3084 3214 3149 schönster Ebenmäßigkeit. Wenn ihr Mund verhaltene
103 3121 2158 3178 imme, ihre Schönheit, ihre Blicke anders geworden sind, ungen die sie Erlebenden sind. Wie diese erträumte Zu¬
2144 3125 3200 3169 Gluten wispernd oder künftige heiße Lebensfreuden
101 3166 2156 3235 ht besser, eher grausamer, aber beglückender. Und kunft beschaffen sein wird, das wagt er freilich nicht ein¬
2142 3166 3206 3214 sehnend zu künden hatte, dann bebten mit ihrem der Hörer
123 3199 1450 3264 gesteht ihm unumwunden, daß sie Gleiches mit Glei= mal anzudeuten.
2114 3200 3213 3267 Herzen. Mit vollendetem Taktgefühl ließ dies Cäcilie den
