3436 4256
1365 114 1817 202 box 25/5
305 98 1222 201 20. Zuischenshiel
1693 682 2737 746 das Einfache, Gradlinige, Ungeteilte, das sie bei Strind¬
1686 715 2738 789 berg, dem Monomomen des Triebes, hat: er gibt ihr ihre
1691 765 2730 820 Zwiespältiakeit zurück, verankert den Triel im Seelischen
1690 807 2734 847 und das Seelische im Triebe und findet das tragische
1692 844 2731 883 Moment. nicht im Wandel der Liebe zum Haß, in der
1701 879 2740 937 Einswerdung von Haß und Liebe — sondern im Dualis¬
1690 909 2747 972 mus von Seelengemeinschaft und Geschlechtsliebe, die in
1697 945 2726 999 jedem Liebesverhältnis vorhanden ist, bei der nie beide
1699 988 2731 1032 Bestandteile zugleich verlöschen, sondern jeder zu einer
1697 1032 2729 1078 anderen Zeit und darum in Schmerzen und Qual. Und
1698 1069 2729 1117 all das, ein wenig svielerisch und ohne die anklägerische
1702 1107 2731 1160 Wucht und Erlehnisgewalt Strindbergs, steht in einer
1704 1141 2745 1200 Luftschicht von zartester Tönung, Worte und Sätze leuchten
1694 1169 2744 1231 in mattem Glanz und klingen lautlos aus in ein Ende,
1698 1211 2734 1264 dessen traurig lächelnde Melancholie Versunkenes zudeckt
638 1220 901 1321 Ausschmif
1702 1251 2739 1302 und die Schatten des Abends sinken läßt über einen einst
885 1203 1498 1344 bsläder Canelal Anzeiver
1698 1294 2742 1337 strahlenden Tag. — Man müßte weit zurückdenken, wenn
1692 1326 2744 1377 man sich an einen künstlerisch gleich vollgültigen Abend
1079 1319 1355 1395 178FP1010
660 1321 822 1390 vom:
1692 1366 2739 1407 im Lobetheater erinnern wollte, wie es der gestrige war.
1815 1405 2730 1443 zwelleitung des Herrn Rudolf Lenoir spürte der
779 1428 1310 1515 Lobetheater.
1690 1419 2731 1487 verwehenden, hanchartigen Zartheit und abgeschliffenen
1694 1471 2740 1519 Feinbeit der Schnitzler=Weise bis in die geheimsten
738 1493 1172 1556 „Zwischenlviel“.
1169 1496 1704 1565 (Zweites Gastspiel Harry
1695 1510 2747 1565 Schwingungen nach, Szene um Szeue, Akt um Akt glitten
645 1538 1699 1608 [Walden). Vor kurzem hat an gleicher Stätte Strind¬
1708 1552 2750 1603 ineinander, unmerklich gestuft in Tempo, Rbythmus und
668 1590 1689 1630 berg über das gleiche Problem gehandelt, zu dem gestern
1697 1590 2741 1645 der Harmonie des Zusammenspiels. Das Musikzimmer
671 1619 1697 1673 Schnitzler das Wort erteilt war. Und die Kluft zwi¬
1698 1624 2732 1673 mit dem Blick über die Veranda in den Park zeigte stil¬
671 1656 821 1708 schenee
1697 1664 2733 1719 bewußten Geschmack, und die Stimmung des zweiten Aktes
914 1660 1687 1716 gron, als die Entfernung weit ist zwi¬
670 1696 1701 1752 schen Schweden und Wien, als der Unterschied im Klima,
1697 1705 2742 1753 mit der bleichschimmernden Mondnacht hinter den dunklen
663 1734 1707 1800 im Athmosphärischen von Leben und Menschen klaffend
1710 1741 2736 1788 Fenstern gewann bannende Gewalt. Den Kapellmeister
668 1770 1697 1823 gähnt zwischen Oesterreich und den nordischen Landen.
1704 1777 2730 1833 Amadens gab Harry Walden glühend in innerer Un¬
674 1814 1700 1857 Beide, der Oesterreicher und der Schwede, handeln von
1709 1805 2736 1855 raft und in verblendeter, weltfremder Schwärmerei. Aus
678 1850 1714 1904 Mann und Weib und ihren Beziebungen zueinander, beide
1703 1852 2735 1904 seinen weit aufgerissenen Augen sprühte die gespannteste
672 1888 1695 1938 spüren den Untergründen und Abgründen nach, über die
1694 1887 2730 1930 geistige Willensenergie, und nur um seinen Mund huscht
671 1927 1698 1971 alle Verhältnisse zwischen Mann und Weib, und deren
1708 1925 2722 1977 manchmal ein listiges Schlänglein, das — in dieser Roll¬
676 1962 1692 2005 gewöhnlichstes, die Ehe vor allen, einen trügerischen
1699 1959 2731 2015 — nicht dahin gehört. Mit schlakenloser Kunst behandel
681 1999 1702 2049 Schleier breiten, und beide sehen einander nicht. Wo
1694 1999 2718 2050 er den Dialog, setzt überraschende Lichter und deckt blitz
677 2035 2720 2087 Strindberg in sanatischer Unerbittlichkeit das Elementare, jartig durch eine leise Schwebung, eine Betonung, verbor
672 2083 2724 2117 Triebhafte, das Ur=Menschliche an jener seinen Grenz=genste Zusammenhänge auf. Zu ihrem Gipfel steilte sie
682 2110 2724 2150 linie, die es mit dem Tierischen mehr verbindet als von seine Kunst in der meisterhaften Verführungsszene de
672 2151 2720 2184 ihm trennt, herausmeißelt, feilt Schnitzler am Geistigen zweiten Aktes mit seiner Frau. Diese Frau gab Carl
673 2183 1702 2235 und rückt die halb unbewußten Zwischenvorgänge, die des
1690 2179 2711 2235 [Holm, schlechthin ebenbürtig dem Gast. Sie trug vo
673 2216 2675 2267 Physische mit dem Psychischen verbinden, aus ihrem ver=Anfang an eine schmerzliche Hingegebenheit in sich, d
676 2259 2721 2315 borgenen Dämmer ans Licht. Wo der Schöpfer der manchmal brandend in Weh und Scham in ihr Antli
1059 2293 1366 2346 Nöte und
678 2295 975 2348 „Kameraden“
1426 2297 2698 2350 fluchbeladene f schlug. Ihre Seele schwang bebend und erschüttert i
679 2332 2706 2383 Seligkeit alles Fleisches hinausschreit und sstöhnt,jedem Wort, und der Schluß geriet ihr zu lautlose
677 2357 1688 2416 gibt der Dichter des „Zwischensviels“ Seelen¬
1697 2376 2698 2427 wundervoll verklingender Ergriffenheit. Herr Ro¬#
672 2400 1695 2464 kämpfe, Seelenkrämpfe Er bildet seine Menschen,
1694 2405 2698 2461 mund gab den Dichter Albertus mit selbstironisch
661 2441 1708 2503 nicht wie Strindberg durch den widerhakenden,
1697 2448 2700 2502 Ueberlegenheit und spielerisch verhülltem Ernst, Here vo
678 2485 2718 2526 haßgeliebten Stachel des Fleisches, sondern durch die Ge=]Wolzogen war als Fürst Sigismund von zurückhe
678 2520 2698 2568 meinschaft der Herzen, die einmal im gleichen Takt zu=Uiender Vornehmheit; Gertrud Wall als Frau May
674 2553 2696 2610 sammenschlugen und eins wurden und nun nicht mehr kam nicht recht aus sich heraus und Käthe Habe
669 2602 2699 2660 voneinander können. Er nimmt dem Problem der Liebel Reimers als Gräfin und Overnlängerin war von u
1624 2852 2701 2945 gezwungener Natürlichkeit und sang sehr hübsch. — Das
1609 2882 2669 2977 vollbesetzte Haus spendete begeisterten Beifall — und der
1615 2926 2130 2994 war diesmal wohlverdient.
2492 2956 2636 3016 W. R.
