3436 4352
338 246 1865 353 20. Zwischenspiel box 25/2
1962 708 2957 807 dennoch an ihm fesselt, ist ein gewisser schwermungen¬
852 736 1602 813 Kunst und Wissenschaft.
1759 775 2942 840 =Leichtsinn, der über dem Ganzen wie halbe Herbstbeleuchtung liegt,
823 774 1208 863 G
1315 801 2943 881 Berlin, 27. November. eine mit tändelnder Satire und überlegener Itonie durchsetzte Weh¬
678 820 1795 912 Zwischenspiel. Komödie in drei Akten von Arthur
1786 846 2941 916 mut um verschollene Seligkeiten ist die seine Kunst, mit der Schnitzler
1784 880 2945 953 Schleier auf Schleier von den Seelen hebt und wieder senkt, ist die sauber
624 864 1781 975 Schnitzler. Erstaufführung im Lessingtheater am
1778 915 2941 1010 geschliffene Art, mit der selbst retardierende Momente, die bei
636 928 950 1001 25. November.
1785 966 2940 1016 anderen Dichtern ermüden würden, zu kleinen Zierraten psycholo¬
689 952 1777 1044 Ich kunn mich in der Besprechung dieser neuesten Schnitzelei
1787 1013 2942 1080 gischer Schmiedekunst berausgearbeitet werden. Vor allem aber
635 994 1787 1086 kurz fassen. Sie ist wieder nichts als eine dreiaktige Witzelei
1787 1046 2942 1110 fesselt uns das sichere Gefühl, hier von der Hand eines vornehmen
648 1070 1783 1130 über die Ehe, die — nach Schnitzler — in ihren Konsequenzen
1789 1079 2932 1150 Künstlers auf so absonderliche Nebenpfade der Dramatik geleitet
638 1118 1781 1166 zum Ekel führt, während die Ehebrecherei, das Sündigen
1783 1120 2937 1201 zu werden, eines Künstlers, der jedes Mittel alter Routine, jeden
640 1155 1775 1218 mit anderen als Ideal der Sittlichkeit empfohlen wird. Dies
1784 1145 2930 1221 getretenen Pfad, jeden abgenutzten Steg. jeden Ueberrumpelungs¬
628 1184 1774 1263 wird verdeutlicht in einem drei Akte langen Dialog zwischen
1792 1180 2950 1278 versuch unserer Empfindung nach plumper Sudermannsart — stolz!
1777 1234 2608 1294 verschmäht. Wir waren in guter Gesellschaft ..
634 1244 1780 1303 zwei Eheleuten. In der Tat treten die anderen Gestalten des
1807 1271 2936 1346 Und Philipp Stein schreibt im Lokal=Anzeiger u. a.:
639 1286 1788 1340 Stückes dermaßen sporadisch auf, daß wir uns fast den ganzen
1811 1319 2931 1370 Schnitzler gibt eine Dichtung, die auch über den Teaterabend
632 1328 1780 1381 Abend über mit den sauberen Ehegatten allein sehen und
1779 1343 2925 1422 hinaus wirken wird. Die psychologischen Uebergänge, die er aus
632 1364 1764 1433 deren unsäglich seichtes Geschwätz über ihren „Seelenzustand“
1775 1392 2935 1443 den Temperamenten seiner Menschen entwickelt, sind geradezu be¬
636 1414 1778 1476 mit anhören müssen. Das wird dann „Psychologie“ genannt
1782 1433 2937 1502 wundernswürdig. Der Dialog, der nur im Schlußakt mil¬
629 1450 1478 1508 und von gleichgestimmten Seelen angestaunt.
1774 1463 2935 1544 unter ein wenig an Unmittelbarkeit verliert, ist lebendig,
667 1495 2214 1552 Und was ist's mit dieser „tiefsinnigen“ Seelenanalyse? geistvoll und stets
2213 1528 2768 1580 individualisiert durchgeführt.
2803 1526 2930 1575 Ein
627 1532 2089 1599 Ein Mann und eine Frau, die in siebenjähriger Ehes leiser: feiner
2115 1553 2929 1617 mitunter ironischer Humor liegt über
624 1591 2918 1644 glücklich mit einander gelebt haben, entdecken, daß ihre gegen= dem Ganzen, prächtig sind die Charaktete durchgeführt, und über¬
1769 1632 2923 1702 zeugend klar wird, wie die beiden Gatten nach ihrer verschiedenen
621 1631 2925 1729 seitige Neigung erlischt. Naturlich steht hinter ihr ein junger Veranlagung die Zwischenspiele ihrer Ehe so völlig verschieden auf¬
628 1680 2357 1762 Fürst als Liebhaber, hinter ihm eine verheiratete Gräfin als nehmen und durchführen.
2347 1699 2931 1776 Die feine, onregende Dichtung
627 1723 1793 1793 Verführerin. Was tun? Man trennt sich eben. Jeder läuft
1776 1741 2914 1811 beitzt eine solche Füll= von Schönheiten und tiefen Gedanken,
621 1767 1769 1820 seinem „Verhältnis“ nach. Aber darum keine Feindschaft!
1782 1784 2922 1865 daß andere, handfeste Dramatiker damit ein Dutzend Stücke be¬
623 1802 1774 1866 Als gute Freunde und Kameraden können die beiden
1782 1812 2100 1869 streiten könnten.“
624 1846 1775 1909 ruhig weiter verkehren. Wozu sollen sie ihre schöne,
1795 1837 2924 1950 Wie sagt doch der Vater der Maria Magdalena am Schluß
626 1891 1772 1956 behagliche Wohnung aufgeben? Wozu ihre musikali¬
1779 1891 2305 1959 des Hebbelschen Trauerspiels
620 1933 1785 1999 schen Unterhaltungen abbrechen? Uebrigens ist auch ein
1808 1934 2493 2019 „Ich verstehe die Welt nicht mehr!“
625 1985 1779 2043 Bubi da. Und das arme Kind braucht doch nichts zu merken
694 2031 1779 2075 wegen der „Erziehung“. Ergo: es entstehen zwei Kon¬
2538 2032 2880 2117 Paul Lerch
618 2059 1783 2139 kubinate unter einem Dach. Zwar „passiert nichts“. Aber,
2294 2069 2380 2129 *
608 2105 1785 2176 wie die Frau ganz richtig bemerkt: die Ehebrecherei in Ge¬
1793 2107 2915 2181 Ferdinand Bonns Berliner Theater. Zum ersten
609 2142 1760 2214 danken, die jeden Augenblick zur Tat bereit steht, ist von der
1774 2158 2926 2252 Male: „Annemarie“. Lustspiel in drei Aktien nach Israsl
613 2197 1768 2259 Tat selbst nicht unterschieden. Und diese Frau ruft ihrem
1767 2197 2310 2270 Zangwill von Kurt Berns.
616 2236 1767 2305 Manne fast frohlockend zu: „Ja, ich stehe mit offenen
1803 2249 2927 2327 Herr Direktor Bonn tut nicht gut darau, hartnäckig gegen#
609 2266 1769 2348 Armen voll Erwartung da.“ In diesem Zustand aber
1762 2283 2917 2369 den alten Spruch zu handeln: qui trop embrasse mal étreint.
616 2331 1764 2386 weckt sie wieder die Leidenschaft ihres früheren Gatten
1764 2339 2910 2414 Er mutet sich und auf die Dauer auch den wohlwollenden
615 2374 1761 2431 und jetzigen Zuhälters. Grade so will er seine Frau
1761 2381 2913 2464 Zuhörern zu viel zu. Schon Monate vor Eröffnung seines
615 2425 1770 2479 haben. Noch einmal sinken sich die beiden um den Hals und
1760 2429 2897 2499 Theates war eine gewisse Clique in der Kritik fleißig an der
614 2466 1765 2513 es entsteht — ein drittes Konkubinat. (Ende des zweiten
1755 2471 2901 2535 Arheit gegen die neue Leitung des Berliner Theaters. Wir
614 2494 1762 2564 Aktes). Von langer Dauer ist es freilich nicht. Denn am
1758 2517 2909 2595 haben das mißbilligt, bedauern es aber um so mehr, wenn
604 2539 1755 2599 Schluß des dritten Aktes reist das Ehepaar a. D. nach ent¬
1767 2558 2911 2638 überwollende Kritik geradezu herausgefordert wird. Dinge,
614 2589 1754 2653 gegengesetzter Richtung ab. Er, der Zuhälter, nach dem
1765 2600 2899 2677 bei denen man sonst vielleicht ein Juge zudrücken würde,
621 2635 1750 2690 Süden — sie, die Dirne, nach Norden. Und was wird aus
1759 2653 2899 2720 gewinnen dadurch eine schlimme Bedeutung. Um hochgesteckte
607 2677 1171 2749 dem Kinde? Dumme Frage
1750 2685 2899 2781 künstlerische Ziele zu erreichen, muß man in erster Linie existenz¬
661 2697 1760 2782 Die „Psychologie“ besteht nun darin, daß beide Parleien
1758 2729 2039 2793 fähig bleiben.
613 2767 1761 2819 ihren Standpunkt anderthalb Stunden lang „begründen“.
1778 2768 2893 2845 Der virtuose „Kean“, der geistvolle „Hamlet“ wurde am
610 2810 1761 2874 Was denn auch durch den Autor mit einer Kette ausgesucht
1756 2820 2902 2892 Sonnabend abgelöst von einem klotzig zugehauenen Musikus
603 2844 1757 2911 raffiaierter Frivolitäten „gründlich“ besorgt wird. Und solcher
1748 2855 2894 2920 in einer platten Posse. Es geht dem armen Kerl recht schlecht.!
602 2895 1756 2957 elender Schmarren, der in Wien mit Pauken und Trompeten
1748 2899 2894 2977 Aber ein reicher Engländer spielt den Onkel aus Amerika.
609 2952 2891 3002 durchgefallen ist, wird von dort nach Berlin abgeschoben, um Er hinterläßt der Annemarie, dem „Mädchenfür alles“ in dem
604 2981 2884 3058 hier sein begeistertes Publikum zu finden. Jawohl! Das Hause, wo besagter Musikus Zimmerherr war, ein nettes
600 3029 2888 3114 Beifallgeklatsch des Publikums klingt mir noch heute in den Vermögen, worauf sie ihren Musikanten heiraten kann. Aller¬
597 3062 1755 3125 Ohren. Und sogar Männer, wie Gerhart Hauptmann und
1753 3078 2933 3146 hand Leiden meublierter Herren bilden die Folie zusse
609 3115 2883 3182 Georg Reicke, der zweite Bürgermeister Berlins, klatschten in diesem Menschenschicksal, das Herr und Frau Bonn
2875 3146 2930 3188 er
599 3171 2928 3232 ihren Logen verehrungsvoll in die Hände. Und Frau darzustellen versuchten. Bei ihm blitzt die Vur¬ B
599 3214 2936 3269 Hauptmann und Frau Reicke klatschten aus Respekt vor tuosität immer noch durch. Aber die Annemarie ist beisseh
602 3255 2939 3338 ihren einsichtsvollen Gatten mit. Und dann lese man, was ihren drastischen Possenwirkungen doch eigentlich mehr eines Z
600 3290 2891 3377 beispielsweise Karl Strecker in der Täglichen Rundschau Figur für das Sommertheater in Kyritz an der Knatter. Der
609 3330 2934 3408 schreibt. Nachdem er mit dem „interessantesten und begabtesten Erfolg war lärmend. Lorbeerkränze in Wagenladungenss6
590 3378 1549 3439 Dichter des heutigen Wien“ begonnen, schließt er:
1731 3377 2971 3470 eischienen; es wird bald ein Anbau zur Aufbewahrung nötig! tör
