3436 4384
245 244 1765 358 20. Znischenspiel box 25/1
1765 1246 2811 1324 kroper 5“ 3—p elue —.  —
2834 1247 2958 1328 ——
144 1239 1767 1345 keten und die Wege Programme, Adressen und Proteste rasseln die Schwerter.
148 1309 595 1386 ibt es dennoch eine
1770 1305 2994 1373 Jetzt bekommt das Land einen militärischen Ministerpräsi¬
584 1321 1775 1378 Oesterreich hat jedoch nichts, gar nichts damit zu schaffen
1775 1356 2982 1421 denten mit einem Programm, das selbst in der Niederlage
166 1362 592 1449 Parlament für eine
586 1367 1772 1432 und die Folgen nicht zu verantworten, mag die Krone
1770 1410 2973 1469 das historische Ungarn des kleinen und großen Adels zer¬
579 1410 1756 1490 siegen oder nochmals unterliegen. Es wurde nicht gefragt,
1766 1448 2978 1506 stören muß. Oesterreich will nichts damit zu tun haben
158 1434 576 1516 ungarischen Selbst¬
583 1468 1699 1548 als die gemeinsame Armee in zwei staatsbürgerlich
1772 1496 2970 1562 und hat nur die Sehnsucht nach dem Ende der schrecklichen
152 1494 575 1565 lichkeit gehabt, mit
585 1502 1764 1585 teilte Offizierskorps zersprengt wurde, die alten Fahnen
1764 1541 2958 1602 Verwirrung, nach einem Roosevelt, der als Schiedsrichter
155 1545 572 1612 fit, über die künstige
577 1553 1759 1633 und Feldzeichen aus den ungarischen Regimentern ent¬
1772 1594 2981 1675 der Völker Not und Gewalt von der Monarchie
142 1592 586 1652 chen Sanktion ver¬
576 1597 1771 1680 fernt werden sollten. Oesterreich konnte in dem Streite
1767 1633 2010 1717 abwendet.
162 1646 1778 1739 über das wirtschrft= um die Armecsprache wieder kein Gehör finden, es hat
145 1697 1768 1769 tliche Meinu g inmit der Politkk nichts gemein, die hart am Rande des
1761 1807 2971 1882 dieser korrepetiert der Kapellmeister mit einer Kollegin
775 1797 1556 1933 FFeuilleton.
1771 1864 2971 1932 seiner Frau, der Gräfin Friederike Moosheim, die trotz
1771 1913 2978 1990 ihrer neunzackigen Krone gleichfalls Opernsängerin ist. Er
991 1926 1360 2012 Burgtheater.
1768 1957 2965 2026 studiert ihr die Philine ein. Goethe nannte ein¬
134 1957 486 2064 mer:
582 1970 1765 2063 („Zwischenspiel“ Komöde in drei Akten von Arthur
1768 2008 2963 2070 mal eine hübsche, junge Frau, die ihn mit ihrem
862 2027 1487 2097 Schnitzler. Erste Aufführung.)
1766 2061 2964 2122 munteren Geplander entzückte, eine zweite Philine.
152 2052 579 2143 32 bringen wir den
656 2067 1754 2145 Der Fal der schönen Frau Cäeilig Adams=Orten¬
1766 2090 2967 2172 Solcher zweiten Philinen gibt es sehr viele in der Welt,
573 2134 1755 2194 burg, Opernsängerin in Wien und Gattin des Kapell¬
1764 2153 2958 2223 und wo immer das Wrack einer schiffbrüchigen Ehe auf
579 2182 1764 2251 meisters Amadeus Adams, ist jedenfalls einer der ver¬
1757 2203 2966 2260 den erregten Wellen treibt, hört man eine davon im
583 2230 1759 2289 wickeltsten Fälle in der an Rätseln überreichen Geschichte
145 2160 490 2320 brotte.“
1768 2239 2959 2314 Sturme trillern. Auch Meister Amadeus hat die seinige ge¬
582 2277 1758 2351 der weiblichen Herzensprozesse. Sie liebt ihren Mann und
1760 2287 2979 2376 funden. Dort slirtet die Gattin, hier liebäugelt der Gatte, —
580 2327 1765 2381 handelt, als ob er ihr gleichgiltig wäre. Sie fühlt zu
1766 2344 2960 2419 und das ist nun das Besondere an dem Oftdagewesenen,
574 2370 1762 2428 ihrem Verehrer, dem Fürsten Sigismund Maradas¬
1760 2389 2973 2460 daß Amadeus gerade in dem Parallelismus der beider¬
129 2403 351 2498 ann.
579 2415 1764 2502 Lohsenstein, keine tiefere Zuneigung und verkehrt, kom¬
1748 2430 2963 2499 seits beginnenden Unireue eine Art Rettungsplanke für
579 2468 1761 2532 plomittiert sich mit ihm, als ob ihr Herz nur seinethalben
1755 2485 2959 2558 seine Häuslichkeit erblickt. Denn hierüber ist er mit sich
588 2519 1764 2578 schlüge. Gefühl und Betragen stehen bei ihr in unversöhn¬
1762 2537 2965 2614 einig: Scheidung immerhin, aber Scheidung ohne
128 2540 333 2640 Kmmer:
573 2568 1758 2636 lichem Gegensatz, und es ist ja richtig, ein solcher Zwie¬
1761 2577 2967 2658 Trennung, ein Abschiednehmen, welches die Gemeinschaft
583 2600 1756 2667 spalt macht interessant und kleidet eine Dame nicht übel.
1754 2613 2967 2703 der Wohnung und des Haushalts nicht ausschließt, ein
139 2622 568 2718 „Buddha und
563 2660 1764 2728 Wenn aber eine moderne Frauenseele ein ganzes Stück
1765 2671 2956 2738 Zusammenbleiben im Auseinandergehen. Das eheliche Ver¬
576 2703 1752 2771 hindurch diese bedenklich schillernde Toilette trägt, wird
161 2698 567 2787 v. Schroeder,
1761 2708 2965 2804 hältnis wird einfach in ein kameradschaftliches verwandelt.
582 2758 1756 2826 man leicht ungeduldig und möchte schließlich die holde
1753 2764 2969 2857 Mag Cäcilie ihrem Fürsten angehören, mag er selbst seiner
120 2752 568 2858 chaften. „Fragen
581 2798 1754 2853 Sphinx in den schon so dicht bewohnten Spittel der un¬
1761 2819 2965 2889 Gräfin nachlaufen, wenn nur das warme Nest, das sie
575 2844 1758 2921 verstandenen Frauen verwünschen. Doch gegen Damen darf
141 2834 574 2935 Daisy Minor.
1754 2861 2963 2938 miteinander gebaut, von den Wettarn, der Leidenschaft
580 2898 1754 2969 man nicht grob sein, und so bleibt dem armen Zuschauer
1757 2910 2960 2990 nicht zerstört wird. Es fehlt ihm auch nicht an moralischen
120 2891 567 2983 e.“ Von Karl
569 2941 1755 3023 nichts übrig, als seinen stillen Grimm an dem Gatten
1759 2961 2956 3020 Schönpflästerchen für den niederträchtigen Gedanken. Ihr
125 2963 574 3054 rische Notizen.
571 2986 861 3063 auszulassen.
1759 3005 2954 3079 Kind, ein Bübchen, darf seiner Eltern nicht beraubt
139 3029 563 3124 ender für das
659 3027 1755 3124 Ein seltenes Stück von einem Ehekrüppel, dieser Herr
1755 3049 2946 3131 werden, und dann sind sie ja beide, Cäcilie und
565 3067 1747 3165 Amadeus, der von Mozart den halben Vornamen und,
1765 3098 2950 3177 Amadeus, künstlerisch aufeinander angewiesen, ergänzen
570 3135 1752 3211 wie wir gerne glauben wollen das ganze Talent geerbt
1752 3149 2949 3221 einander musikalisch. Niemand bringt die Stimme der
572 3189 1754 3250 hat! Daß seine Ehe nicht mehr wetterfest dasteht, gibt er
1753 3188 2951 3270 Opernsängerin besser zur Geltung als er, der Gatte, und
568 3240 2962 3298 ohneweiters zu, dieweil er selber sich bemüht, sie nach vor allem, Niemand versteht ihn, den Tondichter, besser
123 3225 555 3332 Crone Ständlin“
537 3280 2979 3364 Kräften zu erschüttern. Wir erfahren es aus der sehr feir, als sie, die Gattin, weit besser sogar, als er sich selbst. )
164 3304 260 3401 17.
555 3318 2971 3437 geführten, reizenden Einleitungsszene des Stückes. In Erst kürzlich hat er ein Capriccio komponiert, das er
