3436 4352
257 223 1768 351 20. Zwischenspiel box 25/1
387 1250 747 1353 Telepkon 12801.
573 1331 1283 1482 „OBSERVER‘
378 1459 1522 1549 1 österr. behördl. konz. Unternehmen für Zeitungs-Ausschnitte
584 1531 1321 1610 Wien, I., Concordiaplatz 4.
801 1595 1117 1661 Vertretungen
391 1624 1517 1693 in Berlin, Budapest, Chicago, Christiania, Genf, Kopenhagen,
395 1677 1518 1746 London, Madrid, Mailand, Minneapolis, New-York, Paris, Rom,
574 1718 1345 1786 San Francisco, Stockholm, St. Petersburg.
754 1761 1176 1829 (Ouellenangabe ohne Gewähr.)
386 1838 793 1940 Ausschnitt aus:
770 1857 927 1968 Neue
1132 1890 1512 2009 er Jaurnal
602 1915 1127 2006 13 baldorn 1905
401 1949 552 2014 vom:
515 2052 1675 2104 (Burgtheater.) Gestern wurde ein neues Werk Artur
398 2094 1653 2150 Schnitzlers, die dreiaktige Komödie „Zwischenspiel“
396 2149 1676 2212 zum erstenmale gegeben. Das Werk schildert die Ehe zweier
402 2208 1671 2267 Künstler, des Kapellmeisters und Komponisten Amadeus Nrams
393 2246 1663 2310 und der Sängerin Cäcilie. Was diese Ehe zusammen### sind
395 2294 1671 2359 nur mehr die künstlerischen Beziehungen; aus den Lieben#en sind
1146 2336 1669 2416 die im übrigen jeder
399 2342 1136 2410 Freunde, Kameraden geworden,
1139 2391 1671 2470 sinnliches Band zwischen
396 2388 1132 2469 ihre eigenen Wege gehen. Ein
1553 2439 1683 2502 steht
1135 2445 1325 2504 mehr;
397 2438 1142 2503 den Eheleuten gibt es nicht
1319 2431 1558 2502 jedem
396 2477 1678 2541 es frei, seine Abenteuer zu suchen... Nach mehrmonatlicher
406 2535 1685 2598 Abwesenheit kehrt Cäcilie, die in Berlin ein Gastspiel absolviert
394 2589 1687 2638 hat, wieder ins Haus ihres Gatten zurück. Er findet sie verändert,
394 2635 1679 2680 entzündet sich an ihrer Schönheit und steht bald ganz in Flammen. Er
396 2680 1686 2747 wirbt um sie und gewinnt seine Frau als Liebhaber. Aber diese
403 2727 1681 2788 Liebesnacht bleibt — ein Zwischenspiel, nach dessen Verklingen
391 2786 1680 2840 jeder wieder seine eigenen Wege geht. Dieses heikle erotische
392 2833 1681 2889 Thema behandelt Schnitzler mit Virtuosität und Geist, der sich
400 2871 1676 2932 leider überspitzt. Es wird in dem Stück viel und allzu klug ge¬
401 2926 1679 2980 sprochen, der Stoff wird dialektisch so lange immer neu gewendet,
404 2982 1670 3034 bis sich das Werk im dritten Akt ganz in der Nähe
391 3020 1682 3072 der Parodie befindet. Einige humoristische Szenen zeichnen sich
394 3073 1674 3135 durch schlagenden Witz und gewinnende Liebenswürdigkeit aus;
400 3115 1685 3160 dagegen haftet den ernsten Szenen etwas Gequältes an, das
399 3169 1673 3231 selbst den Genuß an der Feinheit des Dialogs nicht
391 3224 1678 3289 recht aufkommen läßt. Das Werk wurde anfangs sehr kühl und
386 3283 1675 3328 nach dem Schlußakt mit Widerspruch aufgenommen. Nach dem
396 3315 1668 3375 zweiten Akt erschien Schnitzler und wurde mit jenem starken
395 3363 1684 3423 Beifalle begrüßt, der einem Autor sagt: wir verehren dich, aber
400 3414 1005 3483 dein Werk hat uns mißfallen.
1509 3412 1645 3470 ig.
2658 694 2830 787 9 53
2235 744 2774 842 VSERVEN
2123 821 3008 914 dl. konz. Unternehmen für Zeilungs-Ausschnitte
2093 894 2834 981 Wien, I., Concordiaplatz 4.
2307 956 2617 1025 Vertretungen
1886 994 3018 1060 in Berlin, Budapest, Chicago, Christiania, Genf, Kopenhagen,
1887 1044 3029 1118 London, Madrid, Mailand, Minneapolis, New-York, Paris, Rom,
2081 1089 2840 1154 San Francisco, Stockholm, St. Petersburg.
2254 1129 2676 1199 (Quellenangabe ohne Gewähr.)
1886 1202 2921 1341 Ausschnittlesses Wiener Tagblatt
1904 1335 2041 1384 vom:
2388 1317 2670 1412 14 10 1905
2044 1392 3022 1497 Theater, Kunst und Titeratur.
2088 1462 3051 1548 Burgtheater. Die Frende, Arthur Schnitzler,
1996 1533 3040 1602 den hochbegabten Verfasser der „Liebelei", des „Grünen
1995 1575 3047 1629 Kakadu“, der „Lebendigen Stunden“ und anderer hervor¬
1994 1629 3038 1691 ragenden poetischen Werke, im Burgtheater wiederzusehen,
2006 1675 3052 1732 war keine ungetrübte. Sein „Zwischenspiel“ hat sie uns
2007 1719 3043 1779 vergällt. Mit diesem seinem neuesten Stücke verfolgte der
2013 1771 3056 1824 Dichter offenbar seine ganz besonderen moralphysiologischen
2007 1819 3055 1878 Zwecke, vielleicht zu viele auf einmal, um sie dem Theater¬
2008 1864 3047 1929 publikum klar machen zu können, und seine Absichten sind
2014 1923 3056 1973 so seltsamer, diskussionsfeindlicher Art, daß wir sie am
2004 1977 3051 2014 liebsten mißverstehen oder ignorieren möchten. Schnitzler hat
2002 2003 3056 2056 einen Ehebruch herausgeklügelt, den der Gatte innerhalb
2004 2055 3056 2113 der Ehe mit der eigenen Frau begeht, und nennt die un¬
2019 2096 3054 2152 erquicklichen Szenen, in denen er sein ebenso intimes wie
2016 2142 3050 2197 verzwicktes Sittengemälde vor den verlegenen oder schaden¬
2016 2194 3046 2255 frohen Blicken des Zuschauers preisgibt, eine „Komödie“.
2016 2247 3055 2296 Das „Zwischenspiel“ hat den schlechten Beigeschmack des
2009 2275 3054 2362 Kunstausdruckes. Wir vergessen in der Tat kaum auf
2014 2334 3056 2401 Augenblicke, daß uns anstatt des erhöhten Lebens eine
2023 2386 3058 2443 #elenlose Komödie vorgeführt wird, und es scheint fast, als
2016 2436 3061 2496 habe der Dichter in einer romantischen Anwandlung
2021 2478 3057 2535 es selbst so gewollt. Dann aber dürste das
2011 2519 3059 2590 Stuck nicht in der Gegenwart, nicht in Wien
2018 2565 3054 2640 spielen, dürfte die Satire nicht einen zukunsts¬
2023 2632 3054 2682 schwangeren, fast tragischen Ausgang nehmen. Auch eine
2012 2664 3061 2736 noch glänzendere Darstellung würde uns die innere Halt¬
2021 2711 3054 2772 losigkeit und Unwahrheit des Werkes schwerlich vergessen
2018 2773 3068 2819 lassen. Kainz, der Träger der Hauptrolle (Kapellmeister
2016 2803 3061 2876 Amadeus Adams), war gerade hier am letzten Komödiant,
2012 2852 3066 2938 wo er es am ersten hätte sein können. Welche Sicherheit
2020 2899 3059 2964 und Prägnanz in Wort und Gebärde, welche tiefbohrende
2020 2946 3057 3006 Eindringlichkeit analytischer Erlenntnis, welcher Reichtum an
2011 2998 3069 3070 unauffälligen Nuancen! Aber selbst er, der neben dem
2021 3035 3067 3108 Künstler den Tausendkünstler spielen ließ, vermochte das
2022 3089 3068 3149 anfangs erregte Interesse weder zu steigern, noch auf
2014 3134 3068 3199 gleicher Höhe zu erhalten, es sank mit seiner Rolle. Fräulein
2018 3187 3054 3249 Witt verschwendete ihre stille und laute Beredsamkeit an die
2009 3229 3063 3300 Dialektik der unverstandenen, pflichtgetreuen Sünderin,
2022 3273 3059 3333 und Herr Treßler, der einen Dichter vorstellte, tat in
2013 3334 3062 3386 den ernsten Augenblicken seiner lustigen Partie so feierlich,
2017 3370 3069 3425 als ob er der eigentliche Unmoralprediger des Stückes in
2011 3411 3058 3486 eigener Person gewesen wäre. Fran Haeberle, Frau
2022 3465 3063 3524 Kallina und Herr Korff konnten sich als schuldlose
2023 3514 3075 3579 Opfer der Schnitzler'schen Experimentaldramatik miteinander
2008 3567 3055 3631 trösten. Das Publikum experimentierte ein wenig mit und
2020 3607 3068 3676 schien nicht recht zu wissen, ob es den Dichter hervorrufen
2013 3664 3065 3718 oder auszischen sollte. Nach den ersten Akten behielt der
2018 3702 3070 3777 Applaus die Oberhand und Schnitzler erschien nach dem
2867 3747 3028 3813 M. K.
2022 3752 2748 3815 Regisseur mehrere Male vor der Gardine.
