3532 4384
1413 201 1837 304 box 25/1
348 189 1275 308 20. Zuischensniel
545 850 798 935 Seite 22.
1108 876 1457 954 Wien, Sonntag
1630 887 2243 966 Fremaden-Blett.
2407 898 2833 974 29. Oktober 1905.
3056 909 3300 980 Nr. 299.
2146 916 2411 1005 —.—
629 958 1905 1043 Frau Papier gab dem Postboten, der das Telegramm zurückbrachte,
1925 985 3335 1066 weist auf die Bedeutung der gründlichen Kenntnis der deutschen
1924 1019 2166 1093 Sprache.
499 1006 1907 1088 trotz ihrer gewohnten Noblesse kein Trinkgeld. Das brauchen wir nicht
508 1058 1912 1125 erst zu sagen. Aber sie will noch ein Weiteres tun: Sie will die k. k. Post
2038 1068 3327 1139 Abg. Erzbischof Theodorowicz versichert, daß der galizische
507 1102 1900 1178 wegen ... Amts=Ehrenbeleidigung klagen, denn sie ist doch von einem
1931 1098 3325 1178 Episkopat der intensiven Pflege des Religionsunterrichtes in
503 1146 1909 1224 Amt beleidigt worden! Ob sie's mit diesem Prozeß ernst gemeint hat, die
1924 1147 3327 1209 den Mittelschulen seine Aufmerksamkeit in vollem Maße zuwende. Er
1919 1194 3313 1256 warnt vor der Vernachlässigung der religiösen Exerzitien der Schuljugend
504 1194 1900 1271 fesche Rosa, wissen wir allerdings nicht. Wir wissen nur, daß sie leither
1925 1238 3317 1309 und weist auf den schädlichen Einfluß hin, welchen die
500 1241 1900 1328 allen ihren Schülerinnen und Schülern und Freunden lachend die Depesche
1920 1283 3317 1367 moderne Literatur und das Theater auf das leicht emp¬
503 1284 882 1348 zeigt und ausruft:
1926 1318 2799 1393 fängliche kindliche Gemüt der Schüler ausüben.
619 1339 1894 1403 „Also, wenn Ihr mir einmal was zum schreiben habt's — und es
2477 1369 2746 1452 Dalmatien.
487 1382 1895 1464 fallt euch mei' Adress' nei ein, so schreibi's nur: An die „alte Rosa“ von
489 1438 1890 1501 der Frankenberggasse — die Post is galant und find't mi schon. — Aber
2013 1417 3309 1513 Zara, 28. Oktober. In Beantwortung der Interpellation Vukotic
1909 1477 3312 1542 über den Abschluß eines Handelsvertrages mit Montenegro
487 1482 1898 1564 zum Kamler wer' ich doch geh'n — denn ich lass' mir so was net g'fall'n!“
1906 1516 3316 1597 erklärt der Statthaltereileiter Hofrat Nardelli, die Regierung habe
1701 1543 1902 1607 J. St.
1912 1556 3309 1634 diese Angelegenheit keineswegs aus den Augen verloren. Sie bemübe sich,
522 1589 1869 1666 Die übrigen Kunstnachrichten befingen sich auf Seite 31 und 30.
1907 1605 3306 1675 eine betriedigende einvernehmliche Regelung vorzubereiten und habe Schritte
1203 1653 1304 1684 — V 1
1913 1645 3314 1720 zur Einleitung konkreter Verhandlungen unternommen. Die endgiltige Lösung
1605 1650 1861 1726 Kn ui I. Nor.
1907 1688 3306 1763 werde in einem voraussichtlich nicht fernen Zeupunkte erfolgen, in welchem
1602 1710 1860 1751 und Kammer¬
649 1685 1860 1792 BOSENDUHF E N A Klavtermacher
1910 1731 3311 1811 der ganze Komplex der auf unser Verhältnis mit den Balkanstaaten bezüg¬
1039 1760 1518 1819 Wien, I., Herrengasse 6
1760 1776 1865 1827 9273
1905 1770 3311 1861 lichen Fragen zur Austragung gelangen werde. Jedenfalls werde getrachtet
1009 1811 1555 1859 KLAVTERE
1905 1811 3301 1887 werden, für die wohlbegründeten, seitens der Interpellanten besprochenen
1372 1851 1789 1909 emunmnurn #na#rden:
1917 1861 3304 1952 ###tschaftlichen Bedürfnisse des südlichsten Gebietes der Monarchte eine
955 1876 1404 1964 Die Landtage,
1914 1907 2965 1972 möglichst befriedigende handelspolitische Lage zu schaffen.
2004 1945 3292 2013 Es folgt die Verhandlung über den Voranschlag des Landes¬
972 1944 1369 2017 Niederösterreich.
1905 1959 3284 2051 ku#turfonds. Reserent Statthaltereirat Golf schildert ausführlich
597 1972 1877 2055 Auf der Tagesordnung der nächsten, Dienstag den 31. d. M.
1905 2017 3288 2089 die umsangreiche und systematische Tätigkeit der Regierung zur Hebung der
472 2028 1886 2101 stattfindenden Sitzung steht u. a. der Antrag auf Errichtung eines
1901 2068 3004 2135 woirtschaftlichen Verhältnisse Dalmatiens in der letzten Zeit.
473 2074 1883 2139 Landeskulturrates; ferner ein Antrag, dem Landesausschusse
2002 2107 3290 2190 Abg. Borcic (Kroate) konstatiert den guten Eindruck der betall¬
480 2110 1883 2171 für die Jahre 1906 und 1907 zur Vergebung von unverzinslichen
1897 2154 3303 2235 lierden Ausführungen des Stauthaltereireferenten über die Tätigkeit der
470 2156 1877 2221 Reblaus=Notstandsdarlehen je einen Bettag von 200.000
1908 2193 2519 2258 Regierung auf das ganze Haus.
471 2195 1129 2274 Kronen zur Verfügung zu stellen.
1090 2235 1285 2304 Tirol.
2009 2235 3209 2309 Hierauf wird die Debatte abgebrochen. Nächste Sitzung morgen.
1995 2279 2116 2336 B 4
603 2271 1870 2352 Innsbruck, 28. Oktober. In der heutigen Landtagssitzung beant¬
479 2322 1871 2397 wortete Landeshauptmann Dr. Kathrein die Interpellation der Ab¬
474 2374 1864 2440 geordneten Steck und Genossen wegen des Baues einer protestan¬
467 2415 1873 2493 tischen Kirche in Gries unter Hinweis auf die Entscheidung des
1894 2373 3303 2480 An unserr H. S. Abonnenten.
460 2440 1787 2513 Verwaltungsgerichtshofes, welche für den Landesausschuß bindend sei.
597 2495 1861 2563 Die Abgeordneten Greil und Genossen interpellieren den Stait¬
2002 2488 3294 2568 Jene P. T. Abonnenten, deren Quartals= oder Monats¬
461 2538 1863 2617 halter wegen einer Beitragsleistung des Staates für das algemeine
1878 2519 3288 2619 abonnement mit Ende Oktober abläuft, werden dringend ersucht, die
465 2574 1032 2645 Krankenhaus in Innsbruck.
1888 2595 3286 2666 Erneuerung ihres Abonnements, unter Beischluß der Adreßschleife,
597 2613 1865 2702 Nach Eingang in die Tagesordnung gab Statthalter Freihirr von
1885 2641 3298 2712 möglichst bald zu veranlassen, da sonst infolge Arbeitshaufung um
455 2647 1870 2728 Schwartzenau zu dem Antrag Grabmayr auf Fortsetzung der
1885 2672 3302 2779 den Monatsschluß leicht Unregelmäßigkeiten in der Zustellung
456 2699 1868 2781 Vintschgau=Bahn eine Erklärung der Regierung ab, wor# er die
1885 2719 2278 2788 eintreten könnten.
453 2757 1861 2829 Wichtigkeit der Frage anerkannte und die rascheste Entscheidung auf Grund
1990 2765 3285 2856 Adressenänderungen, sowie allfällige Reklamationen über
457 2798 1858 2873 der Ergebnisse der bevorstehenden Trassenrevision zusagte. Durch Studien
1877 2805 3292 2895 unregelmäßige Zustellung und sonstige Beschwerden ersuchen wir behufs
450 2830 1856 2904 über die Bahnverbindung Mals— Münstertal— Ofenpaß zur
448 2883 1856 2949 Engadinerbahn soll die Aktion der Regierung betreffend die Fort¬
1876 2882 3305 2949 zweckmäßiger Erledigung ausschließlich schriftlich durch die Post
446 2902 1870 2987 setzung der Bahn Meran — Mals über Nauders zur Reichsgrenze
1875 2935 3301 2994 an unsere Administration, 1. Bez., Wollzeile 4, gelangen zu lassen.
454 2963 1869 3034 und bis Landeck in keiner Weise verzögert werden. Der Statthalter kam
452 3008 1859 3075 sodann auf einige Bemerkungen in der Rede Dr. v. Grabmayrs zurück
445 3055 1859 3113 und hob unter anderem hervor, daß die Zentralregierung außer den
455 3079 1869 3161 speziellen Interessen Tirols, welche der Statthalter allerdings jederzeit ver¬
2074 3077 3138 3187 FTandmeraticne Preis
449 3138 1855 3207 treten werde, auch die Interessen der anderen Länder und des
2483 3165 2660 3232 für das
443 3165 1874 3258 Reiches wahrzunehmen, sowie für die Aufrechterhaltung eines geord¬
451 3219 1575 3275 neten Staatshaushaltes Sorge zu tragen habe.
578 3256 1859 3322 Abg. Dr. Perathoner erklärte, von der Erklärung der Re¬
3026 3253 3135 3335 *
449 3307 1861 3352 gierung keineswegs befriedigt zu sein und forderte die Abgeordneten Tirols
437 3353 1765 3396 zu entschiedenem Widerstande gegen die Regierung im Reichsrat auf.
1981 3313 3154 3431 Fremden Blatt
1881 3304 1987 3425 99
569 3388 1857 3435 Abg. Dr. Conci bemerkte, daß, obwohl in der letzten Landtags¬
2085 3408 3076 3497 (Mit „Reichswehr“ und „Dedette“.)
439 3430 1861 3496 session eine einheitliche Aktion der Tiroler Abgeordneten im Interesse der
437 3476 1854 3539 Vintschgau= und Nonstal=Bahn einstimmig beschlossen wurde, der Abgeord¬
2330 3467 2788 3544 Für das Inland:
444 3501 1861 3589 nete der Landeshauptstadt im Parlamente gegen die Nonstal=Bahn
2358 3515 3121 3607 mit täglich einmaliger mit täglich zweimaliger
434 3544 969 3610 Stellung genommen habe.
2397 3558 2676 3618 Postversendung
2805 3566 3064 3620 Postversendung
2089 3589 2318 3653 Monatlich
580 3580 1856 3663 Abg. Dr. Christomanos griff die Regierung heftig an und
2439 3599 2663 3654 K 3.60
2825 3606 3053 3666 K 4.20
2083 3638 2652 3708 Vierteljährig  „ 10.60
435 3638 1861 3710 beantragte einen Zusatzantrag zum Antrag Dr. v. Grabmayrs auf sofortige
2833 3650 3051 3706 12.60
2082 3678 2359 3739 Halbjährig
2396 3680 2650 3748 „21.20
443 3672 1844 3773 Inangriffnahme des Ausbaues der Vintschgaubahn sofort nach Fertig¬
2823 3691 3042 3741 „25.20
2102 3717 2648 3789 Ganzjährig. „42.40
430 3713 1092 3782 stellung der Linie Meran—Mals.
2835 3727 3065 3801 „50.40
571 3758 1837 3835 Abg. Haueis erklärte, wenn die Regierung auch diesmal der
2253 3770 2881 3834 Für Wien: Zum Abholen
433 3804 1855 3894 Stimme des Landes nicht Gehör schenkt, würde ein Sturm der Entrüstung
2136 3806 2989 3889 (in unserem Expeduionsburean I., Wollzeile 4)
442 3829 1039 3902 das ganze Land durchbrausen.
1974 3856 2195 3916 Monatlich
2583 3871 3146 3942 Vierteljährig K 8.60
566 3884 1845 3974 Abg. Schraffl verlangte im Interesse des Ausbaues der Vintsch¬
2227 3876 2542 3970 17.20
1968 3903 2220 3970 Halbjährig
2583 3906 3155 4002 Ganzjährig. . „ 34.40
427 3934 1689 4001 gau=Bahn die sofortige Verstaatlichung der Südbahn.
2228 3965 2894 4027 Mit Zustellung ins Haus
571 3978 1846 4047 Abg. Dr. Kofler betonte gegenüber den Vorwürfen Dr. Concis
2204 4014 2904 4075 für sämtliche zwanzig Bezirke Wiens.
427 4022 1843 4087 die Bereitwilligkeit der Nordtiroler, für die Interessen Südtirols einzutreten.
1965 4029 2205 4105 Monatlich
2292 4054 2516 4114 K 3.60
573 4056 1845 4132 Abg. Tomasi sprach für die Avisiobahn, Abg. Stefenelli
2603 4060 3147 4131 Vierteljährig K 10.40
1962 4091 2521 4160 Halbjährig. . „ 20.80
438 4090 1836 4169 für die Lokalbahn Riva—Tione und die Gardaseebahn,
2655 4101 3154 4175 nzjährig.. „ 41.60
