3484 4352
1304 265 1761 374 box 25/1
700 282 768 356 h
502 295 641 360 W i
225 284 1154 412 20Schensbiel
2452 970 2561 1055 545
857 1089 2570 1170 daß er sich von einer Frau scheiden lasse, die gesagt hat, sie denke nicht daran, ihn zu
848 1155 2572 1257 heiraten, auch wenn er nicht um drei Jahre jünger wäre als sie, das scheint mir doch
860 1225 2574 1300 eine unmögliche Situation. Durch die Dialogwendung: der Gatte möge sie freigeben,
855 1273 2573 1351 damit sie nicht mehr unter seinem Banne stehe, wird sie nicht besser gemacht; denn wie
860 1348 2577 1427 kann der Fürst von dem Gatten verlangen, daß er ihm auch noch zur Liebe der Frau
856 1390 2584 1483 verhilft? Und wird die Kameradin nicht auch als Frau des Fürsten unter dem geistigen
859 1462 2593 1523 Banne des Kameraden stehen, der als Freund im hause verkehren soll? Sehr hübsch
855 1504 2583 1576 aber ist wieder die Wendung des Dialoges, als Amadeus von der Reinheit des Ver¬
858 1580 2571 1650 hältnisses und Sigismund von der Absicht des Duelles erfährt, aus dem er auf das Ver¬
864 1631 2585 1702 hältnis der Gatten denselben Rückschluß macht wie Amadeus und der Zuschauer. Dieser
862 1678 2579 1757 Rückschluß aber wird durch das folgende Auftreten Cäciliens grausam zerstört. Sie
859 1739 2590 1816 bringt ihm den Brief an die Gräfin zurück, deren Gatte die fatale Gewohnheit hat,
860 1805 2590 1880 auch die vorletzten Liebhaber seiner Frau vor die Pistole zu fordern, und befreit
864 1863 2585 1936 ihn so auf großmütige Weise vor künftigen Verlegenheiten. Dann aber erklärt sie, ohne
869 1913 2588 2007 Feindschaft von ihm zu scheiden; denn gerade aus dem Abenteuer dieser Nacht finde sie keinen
862 1974 2601 2057 Rückweg zu ihm. hier ist nun nicht bloß die Motivierung schwach; es ist auch der Dialog
867 2045 2590 2121 nicht ohne Widersprüche. Cäcilie meint, sie wäre in dieser Nacht nicht sein gewesen,
867 2107 2599 2169 denn dasselbe Glück hätte sich auch ein anderer holen können, wenn er nur da gewesen
865 2144 2595 2223 wäre. Als aber Amadeus ihr später den heftigen Vorwurf macht, warum sie ihn nicht
866 2210 2598 2276 von ihrer Tür fortgewiesen hätte, da antwortet sie: „Ich habe dich geliebt, Amadeus.
875 2270 2586 2355 Und vielleicht wollt' ich nichts anderes, als daß das Ende, das nun einmal doch unaus¬
873 2328 2603 2404 bleiblich war, unserer Liebe würdig wäre — daß wir mit einer letzten Seligkeit und in
878 2385 2602 2468 Schmerzen voneinander gehn.“ Darnach hat sie also doch den Geliebten in ihm umarmt,
878 2442 2599 2524 eine „Seligkeit“ genossen, die sie nicht mit jedem anderen geteilt hätte; und das Ende ist
873 2500 2607 2588 ihr als unausbleiblich schon vor dem Abenteuer erschienen. Und wenn sie sich wieder
888 2565 2606 2643 auf den Tumult des Blutes beruft und sich ihrer Treue nicht mehr sicher genug fühlt,
873 2624 2608 2696 um bei Rmadeus zu bleiben, so wird auch in Zukunft die Arbeit nicht leisten, was sie
885 2675 2607 2779 jetzt nicht kann, und sie vor dem nicht bewahren, was sie mit ausgebreiteten Armen er¬
878 2764 1302 2840 sehnt und erwartet.
966 2818 2614 2890 In seinen Motiven also keineswegs überzeugend, ist das Stück ein Muster= und
882 2881 2616 2947 Meisterstück der echt Schnitzlerschen Kunst des Dialoges. Die Dialoge zwischen Mann und
885 2937 2606 3018 Frau bilden denn auch den Kern, um den der Dichter das Stück gruppiert hat. Und
885 2978 2604 3056 das ist wieder mit feiner Kunst geschehen: seine Geliebte und ihr Verehrer treten als
897 3056 2614 3129 Episoden, die eine in der Exposition, der andere im letzten Akte auf. Die die handlung
900 3096 2606 3178 begleitenden Personen bilden ein kontrastierendes Ehepaar, der Dichter Albertus mit
893 3163 2611 3247 seiner Frau, für deren etwas hausbackenen Sinn solche Konflikte nicht bestehen; den
891 3216 2613 3282 Dichter hat Schnitzler außerdem zu literarischer Satire, mitunter auch zu leiser Selbst¬
905 3289 2622 3356 ironie glücklich verwendet. In den Dialogen aber handelt es sich immer um das, was Ibsen
902 3346 2616 3406 in „Klein=Cyolf“ die „Wandelungen“ nennt. Kein Dialog, der nicht zuletzt zu einem ganz
906 3390 2608 3482 anderen Ziele führte, als das der Zuschauer von Anfang an erwartet hätte! Die Ehe¬
904 3448 2618 3550 gatten wollen auseinandergehen — aber im gemeinschaftlichen haushalt verbleiben. Der
911 3507 2617 3586 Gatte ist im Begriffe, den Verehrer seiner Frau zu fordern — der schüttelt ihm, als er es
896 3565 2624 3647 erfährt, gerührt die hand. Die Neigung zum scheinbar Paradoxen geht durch das ganze Stück:
901 3626 2641 3712 der Gatte will sein eheliches Recht als Abenteuer genießen; der Verehrer bittet den
2401 3710 2519 3795 37
961 3726 1362 3809 österr. Rundschau IV, 51.
