3580 4224
323 163 1233 251 20. Zwischensniel
1384 133 1852 229 box 25/6
2207 64 3282 134 anteren nichter die immattsschimenen
2089 105 3281 181 Worte fin den Mund: „Wenn jemand Phantasie hat, bringt ihm
2079 148 3286 206 seine Gattin, ohne daß sie es ahnt, lauter uneheliche Kinder zur“
2072 185 3282 257 Welt. Wir wollen heute dem tieferen Sinn dieser Außerung“
2070 220 3275 297 nicht auf den Grund geben; aber fast scheint es, als gelte diese
2064 255 3294 344 geheime Umwandlung auch für die literarische Zeugung und für
2063 309 3280 386 die geistige Kindschaft. Manch Poetlein, das am Schreibtisch doch
2061 352 3282 419 einfach nur seine Pflicht und Schuldigkeit tut, hängt am Ende
2070 390 3286 454 seinem literarischen Aufsprung ein illegitimes Zöpfchen an, drückt
2068 423 3273 486 ihm heimlich den Bastardstempel auf die Stiene, nur um selber
2059 472 3292 533 von einer interessanten Gloriole umflossen zu werden. Ganz kann
2068 498 3284 577 man selbst einem so verehrungswürdigen und echten Künstler wie
2058 539 3280 610 Schnitzler den Vorwurf nicht ersparen, daß auch er seine litera¬
2065 581 3279 641 rischen Erdbeeren mit Vorliebe jenseits des Gartengitters sucht und
2055 630 3278 695 den Augenblick, da er die Schwelle zwischen Gut und Böse über¬
2067 671 3282 736 schreitet, mit einem vernehmlichen Räuspern unterstreicht. Das
2277 709 2310 736 *
2064 708 3283 772 „Zwischenspiel“ gehört unstreitig zu seinen interessantesten Werken,
2063 744 3280 803 und willig folgt man dem rhythmischen Wellenschlage seines geist¬
2050 781 3289 841 reichen Zwiegespräches. Aber über das Geplander hinaus kommt
2049 826 3279 897 er auch selten, und der Ehefall des musikalischen Künstlerpaares
2059 866 3288 936 Amadeus und Cäcilie will sich gar nicht recht zum Schicksal ver¬
2053 918 3282 975 dichten. So lange noch das Fassen und Lassen, das Entwinden
2050 952 3277 1020 und Sichfinden uns in Spannung hält, bleiben wir auch im Banne
2046 994 3274 1040 der Dichtung, die das Komische und Tragische graziös durchein¬
2054 1025 3276 1098 ander wirbelt, wie eine Seiltänzerin ihre bunten Bälle. Erst
2054 1063 3262 1138 wenn es zum bitteren Ende geht, wenn das Nora=Problem auf
2044 1123 3264 1180 das Gebiet des Sexuellen hinübergespielt wird und der Dichter die
2048 1167 3269 1223 große Erkenntnis allein vom nächtlichen Liebesvorgang abhängig
2053 1199 3262 1260 macht, trennen sich unsere Wege. Vielleicht, daß die Novelle mit
2053 1236 3265 1303 ihrer feineren Psychologie und mit der größeren epischen Freiheit,
2048 1272 3264 1348 nicht nur in die dunklen Winkel der Seele, sondern auch in die
2048 1318 3266 1384 des Alkovens hineinzuleuchten, das Problem tiefer und reiner zu¬
2050 1359 3259 1425 gleich gestaltet hätte, die Komödie entläßt uns mit einer großen
2044 1396 3253 1461 Frage: Warum? — Daher ist es eigentlich auffallend, daß ein
2047 1434 3258 1508 so waschechter Theatermann wie Erich Ziegel gerade dieses Stück
2049 1491 3254 1536 zu seinem ersten Auftreten ausersehen hat; denn wenn etwas bei
2046 1515 3250 1585 dieser Komödie zu kurz kommt, so ist es das Theater. Eigentlich
2050 1570 3253 1625 erhebt sich der Dialog niemals zu der Schwingungszahl, die ganz
2050 1599 3249 1643 von selbst in geheimer Harmonie auch unser Inneres vibrieren
2034 1626 3252 1721 läßt. Dieser Eheausgang ist wohl ein interessantes Problem, das
2094 1783 3309 1846 wir mit einer gewissen Neugier verfolgen, auch das Innere der
2099 1810 3295 1883 beiden Menschen fesselt unsere Aufmerksamkeit, aber das ganze
2098 1862 3294 1925 bleibt dennoch so sehr Sonderfall, daß wir nicht mit unserem ganzen
2097 1904 3306 1965 eigenen Erleben in das Gewebe des Kunstwerkes hineingezogen
2104 1946 3299 2002 werden und am Ende selber in den Maschen des Problems zappeln.
2105 1978 3291 2044 Diesen Ausfall vermag unter günstigen Umständen die Persönlich¬
2094 2028 3305 2084 keit des Darstellers wenigstens etwas auszugleichen. Die Rolle des
2105 2057 3297 2124 Amadeus hat in Wien Kainz, in Berlin Bassermann, in München
2091 2112 3293 2167 Lützenkirchen; die Rolle der Cäcilie, die Triesch, die Witt und die
2103 2141 3296 2205 Swoboda gespielt. Den überlegenen schauspielerischen Leistungen
2103 2180 3306 2246 war fast überall der Theatererfolg des Stückes zu danken. Seine
2103 2221 3309 2282 Gestalten sind, wie gesagt, Künstler, Musiker. In ihrer seineren
2097 2251 3301 2324 Geistigkeit, der reizbareren Sinnlichkeit ihrer leichter erregbaren
2105 2294 3303 2368 Natur sollen sie als typische Vertreter einer gewissen Übergangs¬
2101 2344 3299 2399 generation gelten, die damals, als das Stück geschrieben wurde,
2103 2382 3309 2427 noch nicht ahnte, welchen Prüfungen sie entgegenging. Erich
2097 2424 3300 2475 Ziegel, dessen darstellerische Leistungen an anderer Stelle wir
2096 2465 3301 2513 wiederholt gewürdigt haben, sucht auch diese Gestalt rein mit Hilfe
2106 2502 3308 2555 des künstlerischen Intellekts zu bewältigen. Er fühlt vielleicht
2098 2544 3306 2590 instinktiv, daß es ihm von vornherein an der nötigen Vitalität ge¬
2102 2584 3306 2648 bricht, um durch sein bloßes Dasein, durch den geheimen Reiz
2103 2618 3307 2697 der Persönlichkeit zu wirken. Aber dadurch wächst der Amadeus
2096 2656 3310 2706 überhaupt nicht in seine eigentliche künstlerische Lebenssphäre hin¬
2104 2705 3316 2760 ein. Es fehlt ihm als Mensch und Künstler sowohl an Seele wie
2100 2758 3303 2802 an Sinnlichkeit. Ziegel spielt den Musiker, wenn ich mich so aus¬
2096 2786 3308 2838 drücken darf, ohne innere Musik. Was er gibt und was er zu
2099 2823 3298 2878 geben vermag, nimmt man ohne Widerspruch hin. Alles ist sicher
2092 2863 3303 2919 und geschmackvoll gestaltet. Einige Einzelheiten, manche nervösen
2100 2904 3310 2961 Übergänge, die abgebrochenen Sätze, überraschende Pausen tragens
2091 2941 3308 2991 das „Kainz=Zeichen“ an der Stirne. Aber die Rolle lebt nicht in
2099 2980 3314 3041 eigentlicher Blutwärme. Wir kommen über den Eindruck nicht
2097 3024 3311 3093 hinaus, daß sie gespielt wird, gut gespielt, aber ach! auch nur
2095 3082 3307 3120 gespielt! Seine Gattin, Mirjam Horwitz, ist eine viel un¬
2098 3110 3308 3175 mittelbarere Künstlerin. Sie hat wirklich Seele! Der ganz un¬
2091 3143 3297 3196 lyrischen Natur ihres Mannes setzt sie sogar gelegentlich einen allzu¬
2091 3188 3300 3234 weichen Lyrismus entgegen. Dafür aber fehlt ihr das Mittel, wo¬
2098 3222 3308 3283 durch ihr Lebens= und Kunstpartner manche Ausfälle zu ersetzen
2102 3259 3293 3310 weiß, eine gewisse resolute äußerliche Kraft. Zu der Prima¬
2091 3295 3304 3356 donna, der gefeierten Sängerin, um die sich die deutschen Haupt¬
2096 3346 3304 3395 städte reißen, bringt sie weder äußerlich noch innerlich die nötigen
2107 3385 3307 3430 Mittel mit. Ihre Darstellung wirkte zugleich wie eine Umsetzung
2105 3421 3301 3476 in ein kleineres Format und in ein blässeres Kolorit. Manche
2098 3467 3297 3510 Züge erschienen dadurch wieder um eine Nuance weicher und inner¬
2096 3505 3306 3558 licher; aus ihr Klang etwas wie Musik, aber aus dem Capriccio
2087 3543 3313 3587 doloroso wurde doch eine viel simplere Melodie. — Unter den
2096 3581 3309 3633 übrigen Darstellern sind noch Fräulein Silten zu nennen, die
2102 3627 3296 3679 die gräfliche Philine mit viel Gracie gab. Herr Wlach trieb für
2092 3666 3303 3712 meinen Geschmack als der Dichter Albertus Rhon die Karikatur
2092 3705 3300 3742 reichlich weit, während Frl. Westhoven als seine Gattin in
2098 3736 3306 3796 dieser wienerischen Umgebung allzu norddeutsch wirkte. Den Fürsten
2097 3786 3308 3830 Eigismund, den Herr Gebhardt geben sollte, habe ich leider nicht
2103 3821 3304 3867 mehr abwarten können. Mich rief die Pflicht nach einer anderen
2103 3862 3316 3921 Kunststätte. Und als ich dort angekommen war, sah ich, daß die
2101 3903 3312 3968 gleiche Pflicht gebot, ebenso schleunigst das Theater wieder zu ver¬
2102 3943 2247 3995 lassen.
3045 3992 3137 4076 Gn12
