3484 4352
1323 212 1783 324 box 25/1
260 226 1213 342 20. Zuischensniel
2765 1048 3373 1127 ihr siebenjähriges Güück von
1604 1053 2756 1130 lockten. So haben die beiden geglaubt, es mit
2768 1109 3369 1179 geloben sich gute Kamerad
1607 1100 2763 1181 einander wagen zu können, der Kapellmeister und
415 1079 1329 1226 004½ Senikleion.
2766 1149 3367 1221 bedingung der alten Aufrichtig
1611 1146 2759 1222 Komponist Amadeus Adams und die Opernsängerin
2856 1196 3370 1270 Der leichte Sinnenrausch,
836 1187 1216 1282 Burgtheater.
1618 1202 2763 1280 Cäcilie Ortenburg und sieben Jahre vollen Eheglückes
2758 1238 3384 1317 getrieben, ist rasch verflogen
1601 1256 2760 1334 sind ihnen beschieden gewesen. Sie dürfen in ein paar
420 1248 1597 1333 („Zwischenspiel“, Komödie in drei Akten von Arthur Schnitzler.)
2760 1299 3391 1370 durch seine gute Kameradine#
1602 1298 2761 1370 geliebte Kinderaugen sehen, ein jedes kennt und fördert
516 1320 1595 1397 Der gestrige Abend hat den Dichter der „Liebelei“
2772 1341 3377 1423 gekehrt. Cäcilie hat allerdin
1605 1340 2768 1414 des anderen künstlerisches Schaffen mit einzigem Ver¬
424 1345 1606 1425 und des „Grünen Kakadu“ wieder auf den heimatlichen
2771 1382 3369 1462 Gastspiels verreisen müssen,
1603 1389 2765 1469 ständnis. Sie sind auch stets aufrichtig zu einander ge¬
432 1406 1588 1475 Boden des Burgtheaters zurückgeführt. Arthur Schnitz¬
2767 1420 3386 1511 gibt es schöne, künsilerische #
1608 1446 2763 1529 wesen und doch hat es nichts Störendes zwischen ihnen
427 1455 1600 1522 ler, das geschulteste Bühnentalent des sugen
2761 1472 3380 1559 vollen Kameradin an der S#
1607 1500 2759 1563 gegeben; hat ihr Künstlerberuf ihnen eine räumliche
431 1506 1608 1570 reich, soll nicht mehr fremd und verdrossen von unserer
2766 1535 3385 1596 und dann kommen Kunstrei
1592 1548 2762 1608 Trennung auferlegt, dann sandte Sehnsucht zärtliche
417 1563 1600 1631 großen Bühne seitab schaffen. Burgtheaterluft ist eine
2770 1590 3346 1663 erscheinen Störungen in
1600 1591 2759 1662 Botschaft, die ihnen sagte, wie sicher eins des anderen
431 1604 1605 1679 gute, nährende Luft für unsere Dramatiker, sie steigert die
2774 1626 3368 1708 glänzenden Antrag nach auf
1618 1648 2762 1714 sei. So lag der Fall, meint nun Schnitzler und fragt
433 1656 1607 1723 Forderungen, die der Dichter selbst an sich stellt, in ihr
2766 1684 3385 1757 ihre bevorstehende Vermählung
1608 1690 2763 1757 sein Auditorium: Konnte es so bleiben? Konnten diese
428 1700 1598 1776 kebt unsere Vorstellung von hoher Bühnenkunst. Der
2772 1739 3381 1812 mund. Das sollte wahr sei
1600 1733 2767 1816 hochstehenden Menschen ihr ruhiges Glück ertragen? Seht
432 1753 1598 1818 Heimgekehrte ward also willkommen geheißen und auf
2767 1779 3375 1862 vor ihn hin, heimgekeh
1608 1785 2767 1859 nun wie es weiter kommt. Ueber die sonnige Stimmung legen
426 1806 1607 1871 dem Hause lag eine vergnügte, freundliche Stimmung;
2849 1831 3378 1901 einem glänzenden Tri
2769 1838 2871 1897 zu
1601 1842 2764 1918 sich dunstige Schleier, mit einemmal erscheint der Gefühls¬
439 1840 1601 1936 sie kam der feinen, spröden Arbeit zugute, die er
2773 1876 3382 1953 und der Fürst ist mit ihr ger
1610 1884 2765 1949 reichtum, in dem sie geschwelgt, verbraucht, fremde Ein¬
430 1895 844 1993 mitgebracht hatte.
2769 1925 3374 1994 vor ihm, als wie das Bild
1611 1933 2770 2005 drücke wirken und reisen mit wachsender Gewalt. Mit
522 1933 1598 2029 Daß sich kein armloser Theaterbesucher durch die
2773 1963 3378 2038 danken vorgeschwebt; ihr We
1607 1982 2762 2051 kritischem Auge wird der „sichere Besitz“ gemustert. Ist
432 1991 1612 2069 Bezeichnung „Komödie“ täuschen lasse! Er bekommt eine
2772 2023 3384 2101 leuchten, sie fühlt eine Steigen
1613 2015 2776 2098 er so unschätzbar wert und ist er denn wirklich sicher?
426 2038 1606 2118 verzweifelt ernste Geschichte zu hören, ein trübes Kapitel
2773 2059 3378 2136 ein fast schmerzliches Sehn
1606 2070 2775 2147 Droht er nicht den kühnen Blick, der in die lachende
447 2086 1609 2160 aus der Wissenschaftslehre vom menschlichen Herzen. In
2772 2121 3380 2191 Empfindungen. Mit staunende
1609 2131 2772 2209 Ferne schweift und dort so schöne frische Frucht locken
440 2141 1603 2206 dieser Disziplin haben die Dichter aller Zeiten und aller¬
2775 2169 3384 2251 Begehren, das er sich selbst
1624 2175 2761 2244 sieht, zu verdunkeln? Aber es sind ja hochstehende
439 2188 1612 2263 orten gearbeitet, eine bunte Reihe, sprachgewandte Athener
2776 2217 3374 2297 Amadeus der berichtenden
1602 2223 2772 2300 Menschen mit stolzem Freimut, die sich da zusammen¬
436 2240 1613 2306 mit schön gesalbtem Haar, Dandies aus dem kaiserlichen
2778 2273 3347 2340 sorgliche Fragen an ihn
1613 2277 2771 2346 gesunden, die werden sich sagen, wann die ernste
436 2283 1609 2350 Rom, verwogene Troubadours und asketische Prediger in
2767 2303 3351 2403 Fürsten zur Sprache. So
1616 2327 2771 2400 Stunde des Scheidens notwendig geworden, wenn
448 2339 1613 2409 der Mönchskutte. Unfec Schnitzler trägt den Sezierkittel.
2773 2355 3382 2433 gerücht gemeldet, ist es nun
1610 2377 2761 2438 an die Stelle der Liebe, die Leiber und
445 2386 1608 2451 Er ist ein Deutscher, also ein gründlicher Mann, der mit
2782 2408 3383 2487 Unsicherheit. Wo ist die Kan
1610 2420 2773 2485 Seelen vereinigt gehalten, eine gute Kameradschaft
452 2431 1612 2504 gediegener Erfahrung und Geschicklichkeit den besonderen
2777 2459 3382 2545 die Künstlerin, die er, die ih
1614 2485 2776 2547 treten soll. Auf solcher Darlegung tritt Amadeus vor
455 2496 1607 2552 Fall säuberlich demonstrieren will. Ein lehrreicher
2771 2506 3373 2585 Cäcilie, das herrliche Weib,
1605 2520 2779 2588 seine Frau hin. Süßes Gift sitzt ihm im unruhigen Blut,
453 2528 1612 2604 Fall: Zwei hochstehende Menschen, schaffensfreudige
2780 2560 3389 2642 ihm einen Wandel ihres
1612 2572 2767 2630 eine schöne, vornehme Frau bietet sich ihm rückhaltlos an,
440 2569 1613 2658 Künstlernaturen, haben sich glücklich zusammengefunden
2770 2609 3379 2683 geahnt: „Die Erde scheint m
1612 2615 2778 2680 wirbt um seine Liebesgunst. Er will ungehindert sein
456 2633 1612 2701 und einen schönen Liebesbund geschlossen, der auch der
2775 2662 3377 2729 Himmel wie von Flammen
1618 2668 2777 2736 und auch Cäcilie soll es sein. Er hat deutlich gesehen,
455 2678 1611 2759 legalen Eheform nicht entbehrt! Aber nie soll der Zwang
2778 2713 3380 2776 sähe ich mich selbst, wie i
1619 2719 2778 2782 wie sein Schüler, der junge Fürst Siegismund, sich um
446 2715 1613 2803 gehemmter Empfindungen ihre Herzen belasten und den
2784 2763 3375 2820 dastehe und warte!“ Und
1617 2771 2780 2849 sie bemüht und wie nachdenklich sie seine Huldigungen
448 2774 1618 2856 Schwung der Seele lähmen. Sie werden immer wahr
2772 2792 3388 2880 zufallen, sie, der köstliche Best
1617 2815 2783 2879 aufgenommen. Also Aufrichtigkeit und ein ehrlicher
456 2816 1619 2912 gegen sich selbst und zueinander sein, sie haben sich die
2775 2855 3373 2928 in heimlicher Nachtstille, in
1622 2861 2774 2928 Abschied, wie es dem starken edlen Wahrheitstrieb zweier
450 2873 1620 2939 volle Freiheit gewahrt und es wäre eine Ehrenkränkung
2773 2894 3385 2976 aus der sie beide hinausgew#
1611 2909 2785 2981 erhabener Künstlernaturen ziemt. Cäcilie ist zwar nicht
440 2930 1614 3011 des anderen, wenn eins die ernste Wahrnehmung
1620 2952 3376 3019 so beredt, doch derselben Meinung, so haben sie sich's Geliebter stürmt er auf sie
449 2979 1619 3048 einmal verschwiege, daß die wärmende Flamme
445 2998 3378 3112 der Liebe erloschen wäre und — fremde Gluten ja gelobt, so geschehe es auch. So setzen denn die beiden ihre Warnungen, ihr Weiger
