3436 4256
1411 103 1862 215 box 25/5
340 93 1261 224 20. Zuischensniel
1917 454 3260 534 schanden. Herr Amadeus, dem die zur „Kameradin“ und
1919 505 3255 592 „Freundin“ beförderte Frau plötzlich wieder zur Geliebten wird,
1924 565 3251 639 vermag dieser die Freiheit, die er für sich in Anspruch nahm und
1917 621 3263 715 auskostete, nicht zuzugestehen; er will sie — Prinzipien und Logik
1919 672 3259 747 verleugnend — dem neuen Bewerber mit der Pistole streitig
1920 720 3250 772 machen und muß nun erkennen, daß das Weib, das seine neu ent¬
1921 766 3247 844 flammte Leidenschaft heißer denn einst begehrt, und das ihm in der
1913 817 3253 908 Stunde der Abrechnung für den Selbstbetrug und die Lüge hinter
1916 872 3243 949 der schönen Freiheits= und Wahrheitsphrase die Augen öffnet, für
1916 926 3256 973 ihn verloren ist. Man wird zugeben, daß an Künstlerschaft, an
1922 976 3252 1063 technischer Meisterschaft der Wiener Meister dem Dichter der
1922 1025 3243 1105 „Kameraden“ ebenbürtig, wenn nicht überlegen ist; aber die ele¬
1917 1071 3254 1148 mentare Wirkung des zugleich abstoßenden und unwiderstehlich
1912 1129 3245 1208 bannenden Schweden erreicht Schnitzler nicht. Der Schwede ge¬
1917 1160 3256 1241 staltet aus eigenem, quälenden Erlebnis und einem gewaltien
1918 1222 3261 1276 Impulse heraus, der Wiener aus einer These und einem rein
1912 1267 3255 1354 artistisch=psychologischen Triebe. So wirkt denn auch Strindbergs
1914 1315 3244 1396 Drama im wesentlichen, wenn auch nicht in allen Einzelzügen, mit
1914 1365 3244 1446 der Unmittelbarkeit des Lebens, Schnitzlers Dichtung dagegen wie
1918 1416 3252 1494 eine Glossierung des Lebens, jenes ist ein Kampfstück, erfüllt von
1920 1471 3240 1542 der Unerbittlichkeit tödlichen Ernstes und geschaffen aus dem
1911 1514 3254 1594 Drange nach Selbstbefreiung, dieses ein Kampfspiel, das ein
1916 1583 3237 1646 über den Dingen stehender, ironischer Lebensbetrachter in meister¬
1913 1608 3250 1692 hafter Inszenierung als fesselndes Schaustück vorführt. Nicht im
1921 1666 3254 1740 Innersten uns zu ergreifen und zu bewegen, ist Schnitzler gegeben,
1915 1726 3255 1806 aber wir folgen doch mit höchstem ästhetischen Genuß dieser
1923 1769 3240 1855 meisterhaften, auf jede äußeren starken Effekte verzichtenden Ent¬
1905 1821 3235 1883 hüllung bewegten Innenlebens, und lassen uns gerne von den
1913 1872 3231 1939 Lichtern eines überlegenen Geistes, der in dieser mit den seinsten
1915 1921 3239 1990 Waffen geführten Ehedebatte und in der Erörterung des sexual¬
1910 1951 3234 2056 ethischen Problems sich so reich offenhart, erleuchten und blenden.
1905 2018 3229 2093 Die schwierige Aufgabe, die dieses nur mit den feinsten Mitteln
1913 2080 3240 2140 arbeitende und sie fordernde Bühnenwerk bietet, wurde von der
1912 2104 3225 2196 gestrigen Aufführung (Spielleitung Rudolf Lenoir) mit
1923 2172 3227 2249 überraschendem Erfolge gelöst. Harry Waldens Amadeus war
1915 2213 3228 2300 weder ein Neurastheniker, noch ein trockener Doktrinär, sondern
1922 2267 3230 2345 ein naiver Illusionist, dessen egoistische Theorie als die Schwär¬
1916 2320 3233 2370 merei eines Künstlerphantasten, eines großen Kindes, wirkte, dem
1912 2363 3235 2440 das Unmögliche selbstverständlich, das Komplizierte ungeheuer
954 2372 1252 2460 — 4us.
1915 2420 3239 2483 einfach erscheint, — eines Kindes, das dann erwacht mit er¬
1916 2455 3243 2520 schrockenen Augen das wahre Bild der Wirklichkeit erblickt und sein
1039 2440 1730 2544 1st Braslauer Serte
838 2475 1008 2552 vom:
1911 2516 3248 2584 Spielzeug zertrümmert sieht. Des Gastes würdig erwies sich“
1906 2550 3236 2630 Carla Holm, die von vornherein hinter der anscheinend vernünf¬
1902 2606 3242 2671 tigen Gelassenheit der Künstlersfrau, die bebende Empfindung des
618 2591 3239 2736 Wa. Lobe = Theater. Gastspiel Harry Waldentum sein heiligstes Recht verkürzten Weibes fühlbar machte, und
629 2677 3234 2783 „Zwischenspiel.“ Nach dem Strindbergschen Künstler= und für die Hoheit und Leidenschaft der sich Befreienden die feinen und
628 2732 3243 2832 Ehedrama, das vor kurzem das Interesse einer nur kleinen, zum zugleich beredten Ausdrucksmittel hatte, die Schnitzler verlangt.
632 2783 3245 2875 Widerspruch sich gereizt und doch zugleich im Innersten sich gepackt Die sinnlich=kokette Philinennatur der Gräfin Moosheim brachte?
636 2838 3231 2906 fühlenden Gemeinde fand, bescheerte uns das Gastspiel Harry Käte Habel=Reimers trefflich zur Anschauung; Ernst Rot¬
621 2871 3231 2989 Waldens das vor einer Reihe von Jahren durch Josef Kainz,mund gab dem Albertus Rhon eine amüsante philosophische
625 2928 3236 3005 den Unvergessenen, in Breslau eingeführte Künstler= und Ehe= Wurstigkeit, und Hans v. Wolzogen dem Fürsten äußere und
624 2991 3245 3076 drama Arthur S#iDieleitliche Naherü tung innere Vornehmheit. Gertrud Wall als Marie Rhon und die
620 3035 3231 3129 zweier in gleichem Lebensbezirke wurzelnden Bühnenwerke böte nicht zu vergessende kleine Anneliese Fränkel als der muntere
624 3070 3238 3150 Gelegenheit zu lohnenden Parallelen, zu anregender Feststellung fünfjährige Künstlerssohn vollendeten das Ensemble, dessen Dar¬
619 3115 3230 3203 der in der Behandlung verwandter Problei#e zu Tage tretenden hietung für die Leistungsfähigkeit unseres Schauspiels diesmal das
629 3164 3228 3295 Verschiedenheit zweier hervorragender Tichterpersönlichkeiten und erfreulichste Zeugnis ablegte. Das volle Haus ließ es dann guch
626 3233 3182 3303 zweier Nationaltemperamente. Auch Schnitzler behandelt an lebhaftem Beifall, der nicht nur dem Gaste galt, nicht sihloff.
628 3259 1942 3344 das Thema der kameradschaftlichen Ehe. In der Ehe des Herrn
625 3324 1938 3389 Amadeus Adams ist allerdings die Kameradschaft bereits die
623 3372 1940 3444 zweite Phase, in der — wenigstens für den Herrn Gemahl — der
631 3416 1948 3497 flammendheiße Kognak=Punsch der Liebe, um mit Heine zu reden,
623 3461 1952 3535 durch die laue Wärme des Freundschaftstees abgelöst wird — d. h.
617 3515 1957 3586 am häuslichen Kamin; auswärts, aus anderen zarten Händen
619 3568 1945 3616 nimmt der vielseitig angelegte Künstlermensch gerne heißere und
626 3605 1959 3676 anregendere Herzstärkungen entgegen. Und er macht kein Hehl
630 3668 1957 3739 daraus: denn seine Ehe ist auf Freiheit (zu Seitensprüngen) und
622 3702 1958 3792 Offenheit (zum freimütigen Bekenntnis dieser Seitensprüngel ge¬
620 3751 1956 3829 gründet. Aber das Leben, die tieseren Instinkte, die das Ver¬
641 3816 1961 3893 hältnis der Geschlechter beherrschen, machen die schöne Theorie zu¬
