3580 4192
360 73 1278 177 20. Zuischenspier
1418 80 1889 175 box 25/5
896 1260 1125 1348 ine Gewahr.)
604 1260 1303 1411 Ge Gstrauer Zaitung
483 1356 764 1428 nitt aus:
892 1370 1195 1465 (Tagblatt)
519 1419 1260 1526 150h 11913 Mähr. Ostrau.
507 1597 1469 1708 Theater, Kunst u. Wissenschaft.
1460 1603 3331 1723 tägliches Geständnis volle Absolution zu errin=herein vergebens. Leider war nun durch d
1464 1645 3372 1767 gen entschwindet beiden Teilen die Beurteilungs=Heiserkeit und Indisposition des männlichen
781 1681 1194 1777 Zwischenspiel.
1456 1691 3377 1812 kraft des ehelichen Verhältnisses. Beide Teile Hauptdarstellers, des Herrn Werner=Eigen
1441 1718 2416 1795 verlieren sich in den romantischen Irrgärten ver¬
479 1739 2417 1855 Komödie in 3 Akten von Arthur Sch##lerbotener Neigungen. Sie sind Menschen, wie alle
2408 1755 3356 1844 in der gestrigen Aufführung nicht nur der ganze
553 1793 1460 1881 Schnitzler hatte bereits die
2417 1800 3358 1884 Stimmungsgehalt des Werkesverloren gegangen,
1456 1810 2404 1880 anderen, die nur von Selbstbetrug leben müssen.
471 1823 1459 1918 nes Schaffens überschritten, die in dem soig¬
2407 1846 3365 1929 es verschwammen erklärlicher Weise auch die Kon¬
1446 1857 2293 1916 Ihre Wahrheit ist wohlmotivierte Lüge.
472 1893 1447 1951 nienten Pessimismus der „Anatolsiguren“ ihren
2407 1878 3359 1961 turen der Figur, so daß nichts übrig blieb, als
1459 1887 2410 1959 als eine heißpulsende Leidenschaft der Vernunft
475 1932 1463 1995 Ausbruck findet, als er vor etwa 9 Jahren seine
2413 1922 3321 2001 ein farbloser, inhaltsleerer und seines Ausdrucke
1444 1927 3270 2034 die Führung in diesem paradigmatisch gebauten beraubter Dialog.: Denn auch Frl. Pete
471 1957 1452 2035 Komödig „Zwischenspiell“ zur Veröffentli¬
1452 1963 2407 2039 Eheleben entreißt, wird diesen Zwischenspielen ein
2398 1993 3249 2074 die mit ihrer kokett=hysterischen Darstell
1439 1999 2406 2078 Ende gesetzt, und die Gatten finden sich in echter,
478 2004 2405 2121 chung brachte. In dieser Geschichte einer Künst=vielleicht auch geläuterter Liebe. Schnitzler aber
2398 2033 3222 2109 weise sich um die Cäcilie bemühte, hatte unt
471 2071 669 2136 getöntcht
476 2043 3189 2149 lerebelflackert schon etwas von jenen dunkel ab=hat dieses nur zu leicht in das großväterlich No=ihres Partners zu leiden. Frl. von St
2394 2071 3204 2154 bedauerlichen Aussetzen der Darstellun
659 2083 1452 2141 Schicksalsmot ven auf, die sich in den
475 2106 644 2165 späteren
636 2116 1443 2193 Werken als Grundfärbung finden. Ge¬
1442 2117 2403 2200 manhafte übergreifende Thema vom Standpunkte
474 2146 1445 2230 rade aller diese Komödie könnte in der Reihe
2391 2157 3185 2230 ithal spielte das kleine naive Frauch
1444 2154 2301 2233 des philosophierenden Arztes beleuchtet.
2399 2192 3175 2262 Schriftstellers Rhon mit angenehmer Ei
466 2188 1444 2270 der Schlitzlerischen Arbeiten das Recht der Ex¬
1441 2195 2399 2275 führt uns gleichsam in einem Guckkasten sein All¬
2387 2229 3168 2293 Für die Episode der Gräsin Moosheim !
457 2244 1435 2312 territorialität für sich in Anspruch nehmen, denn
1430 2242 2388 2317 tagspärchen, das sich gegen die Lüge sträubt und
2390 2268 3174 2341 von Effner ihr ganzes Können eingese
448 2270 1435 2337 noch hatten sich das reiche Erfahrungsleben und
1440 2273 2398 2351 doch niemals die Wahrheit findet, vor und unter¬
461 2305 1447 2372 die täglichen Einflüsse des Alltags nicht zu jener
2392 2311 3257 2391 ganz ausgezeichnete Figur, voll prächtigsten
1436 2313 2394 2395 läßt es auch nicht, gewissermaßen als Konferen¬
454 2355 1429 2420 gesättigten Weltanschaunig verdichtet, die gerade
2386 2350 3360 2445 bens, in satter, farbenreicher Abtönung stellte
1423 2354 2397 2435 Teier selbst in das Getriebe des dramatischen Dia¬
453 2389 1438 2452 den späteren Schnitzler auszeichnen. Noch spielt
2383 2385 3345 2452 Herr Schneider als Albertus Rhon dar.
1423 2382 2390 2460 loges als Dichter, als geschickter Regisseur auf¬
444 2439 1431 2509 der liebenswürdige Zug Wiener Gutmütikei“, auf
2388 2425 3343 2511 Gleich gut hielt sich Herr Mahr in der hart auf
1421 2424 2376 2513 zutreten Das gibt dieser Komödie der beabsich¬
449 2464 1431 2534 der anderen Seite wieder die aristophanische Lust
2375 2462 3350 2549 der Schne zwischen Erhabenheit und Lächer¬
1426 2459 2380 2548 tigten Irrungen den prickelnden Reiz, das sein
1428 2502 1781 2575 satirische Kolorit.
446 2504 1431 2590 der Selbstkritik, sogar der Selbstpersiflage um
2370 2502 3352 2591 lichkeit stehenden Figur des Fürsten. Lieb war die
440 2548 1190 2619 die zuckenden Lippen der Personen.
2381 2541 3336 2623 kleine Mizzi Popp, aus deren Mund die Kinder¬
1480 2562 3344 2660 Daß dieses ruhig dahinstrebende Stimmungs= wahrheiten recht drollig klangen. Die Beurteilung
540 2591 2387 2673 Da hat Schnitzler, der Arzt, so ein seines,bild, das kaum jemals von einem Aufschrei der
2362 2623 3339 2704 der Regietätigkeit des Herrn Werner=Eigen
449 2625 2377 2709 sauberes Stelenpräparat herausgearbeite und nun Echtheit unterbrochen, höchstens durch das un¬
2368 2656 3333 2751 kann sich nur auf die Konstatierung beschränken,
441 2657 2375 2764 kommt ihn die Versuchung an, über die Ergebnisse sterdrückte Lachen des kritischen Selbstbildnisses
2362 2684 3325 2779 daß sich die geistreichen Dialoge in einem hübsch
448 2694 2369 2810 seiner Forschungen zu dozieren. Si: Thema lau=des Dichters auf der Bühne aufgehellt wird, fast
2364 2740 2971 2818 gestellten Bondoir abspielten.
439 2746 2381 2847 tet: Künstlerehe!. Zwei vollwerite Künstlerna= kaum zu bewältigende Schwierigkeiten bei der
442 2777 2379 2847 turen vereinigen sich zu einem Ehebunde, ohne Aufführung bietet, ist leicht erklärlich. Eben!
2421 2791 3326 2885 Das Publikum folgte mik Aufmerksamkeit
440 2819 2365 2878 Rücksicht auf ihre Vergangenkei“. Volle Aufrich= darum aber wird auch wieder nur der Reiz der
2360 2813 3318 2920 den Vorgängen auf der Bühne und dankte mit
2356 2868 2539 2939 Beifall.
437 2843 2364 2914 tigkeit und Offenheit einander gegenüber soll das schausvielerischen Persönlichkeit das Werk dem Pu¬
437 2887 2372 2998 Ventil für etwa aufkeimende Unebenheiten sein. blikum näher bringen können. Wo dieses wesent¬
437 2933 2391 3050 Und ehen durch dieses Bewußtsein, durch ein liche Moment ausfällt, ist jeder Versuch von vorn¬
