<?xml version="1.0" encoding="UTF-8" standalone="yes"?>
<PcGts xmlns="http://schema.primaresearch.org/PAGE/gts/pagecontent/2013-07-15" xmlns:xsi="http://www.w3.org/2001/XMLSchema-instance" xsi:schemaLocation="http://schema.primaresearch.org/PAGE/gts/pagecontent/2013-07-15 http://schema.primaresearch.org/PAGE/gts/pagecontent/2013-07-15/pagecontent.xsd">
    <Metadata>
        <Creator>prov=University of Rostock/Institute of Mathematics/CITlab/Gundram Leifert/gundram.leifert@uni-rostock.de:name=ONB_Newseye_GT_M1+(htr_id=10810)::::v=2.4.2
prov=University of Rostock/Institute of Mathematics/CITlab/Tobias Gruening/tobias.gruening@uni-rostock.de:name=de.uros.citlab.module.baseline2polygon.B2PSeamMultiOriented:v=2.4.2
prov=University of Rostock/Institute of Mathematics/CITlab/Tobias Gruening/tobias.gruening@uni-rostock.de:name=/mnt/transkribus/LA/DEA/URO/LA_news_onb_att.pb:de.uros.citlab.segmentation.CITlab_LA_ML:v=2.4.2
Transkribus</Creator>
        <Created>2019-10-07T11:20:16.278+02:00</Created>
        <LastChange>2019-10-08T05:08:18.715+02:00</LastChange>
        <TranskribusMetadata docId="223968" pageId="9497260" pageNr="214" tsid="16502222" status="IN_PROGRESS" userId="40391" imgUrl="https://files.transkribus.eu/Get?id=XAAYPWZHDBTAYUKHDVJTNBCK&amp;fileType=view" xmlUrl="https://files.transkribus.eu/Get?id=KCKUVLPJCTSFKHTCCFPKXUFL" imageId="6187487"/>
    </Metadata>
    <Page imageFilename="223968_0214.jpeg" imageWidth="3484" imageHeight="4352">
        <ReadingOrder>
            <OrderedGroup id="ro_1711439642068" caption="Regions reading order">
                <RegionRefIndexed index="0" regionRef="r1"/>
            </OrderedGroup>
        </ReadingOrder>
        <TextRegion orientation="0.0" id="r1" custom="readingOrder {index:0;}">
            <Coords points="241,233 241,4174 2676,4174 2676,233"/>
            <TextLine id="r1l1" custom="readingOrder {index:0;}">
                <Coords points="1284,265 1367,267 1425,288 1491,270 1574,285 1595,270 1640,277 1658,262 1755,254 1755,207 1700,196 1650,194 1621,212 1530,196 1477,225 1451,204 1399,199 1373,218 1323,194 1284,207"/>
                <Baseline points="1296,253 1322,254 1348,255 1374,257 1400,257 1427,258 1453,258 1479,258 1505,257 1532,257 1558,257 1584,256 1610,256 1637,255 1663,255 1689,255 1715,255 1742,255"/>
                <TextEquiv>
                    <Unicode>box 25/2</Unicode>
                </TextEquiv>
            </TextLine>
            <TextLine id="r1l2" custom="readingOrder {index:1;}">
                <Coords points="227,275 398,269 549,307 1086,298 1141,277 1142,233 1090,198 746,226 687,194 422,225 228,207"/>
                <Baseline points="241,259 285,263 329,267 373,271 418,274 462,276 506,278 551,279 595,280 639,280 684,281 728,281 772,280 816,280 861,279 905,278 949,277 994,277 1038,276 1082,275 1127,275"/>
                <TextEquiv>
                    <Unicode>20. Zuischensniel</Unicode>
                </TextEquiv>
            </TextLine>
            <TextLine id="r1l3" custom="readingOrder {index:2;}">
                <Coords points="507,807 2573,800 2614,728 506,780"/>
                <Baseline points="519,807 623,808 727,808 831,808 935,807 1039,806 1143,805 1247,804 1351,802 1455,800 1560,798 1664,796 1768,793 1872,791 1976,788 2080,784 2184,781 2288,777 2392,773 2496,768 2601,764"/>
                <TextEquiv>
                    <Unicode>Ariner Borien=Gbueier A.333.</Unicode>
                </TextEquiv>
            </TextLine>
            <TextLine id="r1l4" custom="readingOrder {index:3;}">
                <Coords points="599,926 1534,904 1533,872 1472,860 598,895"/>
                <Baseline points="612,920 657,923 702,925 748,926 793,927 839,927 884,927 929,926 975,926 1020,925 1066,923 1111,922 1156,920 1202,919 1247,917 1293,916 1338,914 1383,913 1429,912 1474,910 1520,910"/>
                <TextEquiv>
                    <Unicode>Sonntag, 26. November 1905.</Unicode>
                </TextEquiv>
            </TextLine>
            <TextLine id="r1l5" custom="readingOrder {index:4;}">
                <Coords points="524,1017 2522,990 2625,932 523,978"/>
                <Baseline points="538,1012 641,1012 745,1012 849,1011 952,1009 1056,1008 1160,1005 1263,1003 1367,1001 1471,998 1575,995 1678,992 1782,989 1886,986 1989,984 2093,981 2197,978 2300,976 2404,974 2508,972 2612,971"/>
                <TextEquiv>
                    <Unicode>Untersuchung des Schmuckdiebstahls betraute Polizei=sumfaßt, sondern daß jedes kluge Wort, jede fein¬</Unicode>
                </TextEquiv>
            </TextLine>
            <TextLine id="r1l6" custom="readingOrder {index:5;}">
                <Coords points="1568,1056 2432,1015 2634,1038 2632,970 1567,1001"/>
                <Baseline points="1581,1036 1632,1035 1684,1034 1736,1033 1788,1032 1840,1030 1892,1029 1944,1027 1996,1025 2048,1024 2100,1023 2151,1021 2203,1019 2255,1018 2307,1017 2359,1015 2411,1014 2463,1013 2515,1012 2567,1012 2619,1011"/>
                <TextEquiv>
                    <Unicode>zugespitzte Wendung, aus dem eigentlichen Wesen der</Unicode>
                </TextEquiv>
            </TextLine>
            <TextLine id="r1l7" custom="readingOrder {index:6;}">
                <Coords points="533,1056 594,1078 625,1054 979,1071 1088,1040 1523,1040 1475,999 782,1033 533,1011"/>
                <Baseline points="546,1053 594,1054 642,1055 690,1056 738,1056 787,1056 835,1056 883,1056 931,1055 979,1054 1028,1053 1076,1052 1124,1051 1172,1049 1220,1048 1269,1046 1317,1044 1365,1042 1413,1041 1461,1039 1510,1037"/>
                <TextEquiv>
                    <Unicode>rat zugegen ist, und schüttet Gerda sein Herz aus.</Unicode>
                </TextEquiv>
            </TextLine>
            <TextLine id="r1l8" custom="readingOrder {index:7;}">
                <Coords points="1573,1097 2114,1059 2159,1084 2407,1056 2507,1082 2535,1027 1571,1034"/>
                <Baseline points="1585,1075 1631,1074 1678,1073 1725,1072 1772,1071 1819,1070 1865,1069 1912,1068 1959,1066 2006,1065 2053,1063 2099,1062 2146,1060 2193,1059 2240,1058 2287,1056 2333,1055 2380,1055 2427,1053 2474,1052 2521,1052"/>
                <TextEquiv>
                    <Unicode>Personen und ihrer inneren Erlebnisse entspringt.</Unicode>
                </TextEquiv>
            </TextLine>
            <TextLine id="r1l9" custom="readingOrder {index:8;}">
                <Coords points="590,1103 1538,1090 1575,1086 1574,1034 589,1061"/>
                <Baseline points="602,1095 652,1095 702,1095 753,1095 803,1095 854,1095 904,1095 955,1094 1005,1093 1056,1092 1106,1091 1157,1090 1207,1089 1258,1087 1308,1085 1359,1083 1409,1081 1460,1078 1510,1076 1561,1073"/>
                <TextEquiv>
                    <Unicode>Das junge Ding ist selbstverständlich begeistert</Unicode>
                </TextEquiv>
            </TextLine>
            <TextLine id="r1l10" custom="readingOrder {index:9;}">
                <Coords points="1623,1117 1780,1137 2623,1091 2622,1062 2550,1038 2507,1073 1622,1083"/>
                <Baseline points="1636,1115 1684,1115 1733,1114 1781,1113 1830,1113 1879,1112 1927,1110 1976,1109 2025,1108 2073,1106 2122,1105 2171,1103 2219,1102 2268,1101 2317,1099 2365,1098 2414,1096 2463,1095 2511,1094 2560,1092 2609,1091"/>
                <TextEquiv>
                    <Unicode>Das pariserisch=äußerliche Cyprienne=Motiv, daß</Unicode>
                </TextEquiv>
            </TextLine>
            <TextLine id="r1l11" custom="readingOrder {index:10;}">
                <Coords points="523,1147 1267,1143 1573,1126 1573,1089 522,1095"/>
                <Baseline points="536,1134 587,1135 638,1135 689,1136 740,1135 791,1135 842,1135 894,1134 945,1133 996,1132 1047,1131 1098,1129 1149,1128 1200,1127 1252,1125 1303,1123 1354,1122 1405,1120 1456,1119 1507,1118 1559,1117"/>
                <TextEquiv>
                    <Unicode>von der Retterinnenrolle, die ihm da so aus dem</Unicode>
                </TextEquiv>
            </TextLine>
            <TextLine id="r1l12" custom="readingOrder {index:11;}">
                <Coords points="1570,1160 2099,1167 2625,1125 2624,1088 2025,1127 1569,1102"/>
                <Baseline points="1583,1157 1634,1157 1685,1156 1737,1156 1788,1156 1840,1155 1891,1153 1942,1152 1994,1151 2045,1150 2097,1148 2148,1147 2199,1145 2251,1144 2302,1142 2354,1140 2405,1139 2456,1137 2508,1136 2559,1134 2611,1133"/>
                <TextEquiv>
                    <Unicode>Ehegatten einander die Freiheit geben, Freunde und</Unicode>
                </TextEquiv>
            </TextLine>
            <TextLine id="r1l13" custom="readingOrder {index:12;}">
                <Coords points="536,1181 1557,1170 1578,1127 535,1129"/>
                <Baseline points="548,1175 598,1175 649,1176 700,1176 751,1175 802,1175 852,1174 903,1173 954,1173 1005,1172 1056,1170 1106,1169 1157,1168 1208,1167 1259,1165 1310,1164 1360,1163 1411,1161 1462,1160 1513,1159 1564,1158"/>
                <TextEquiv>
                    <Unicode>Himmel in den Schoß fällt, dann aber wird ihm</Unicode>
                </TextEquiv>
            </TextLine>
            <TextLine id="r1l14" custom="readingOrder {index:13;}">
                <Coords points="1578,1209 2628,1170 2627,1134 1577,1165"/>
                <Baseline points="1592,1201 1643,1199 1694,1198 1745,1197 1796,1196 1847,1195 1898,1193 1949,1192 2000,1191 2051,1190 2103,1188 2154,1187 2205,1186 2256,1184 2307,1183 2358,1181 2409,1179 2460,1178 2511,1176 2562,1174 2614,1172"/>
                <TextEquiv>
                    <Unicode>Kameraden werden wollen, nur um sich dann umso</Unicode>
                </TextEquiv>
            </TextLine>
            <TextLine id="r1l15" custom="readingOrder {index:14;}">
                <Coords points="530,1230 1570,1209 1569,1165 1472,1161 529,1177"/>
                <Baseline points="543,1217 593,1218 644,1218 695,1219 745,1218 796,1218 847,1217 897,1217 948,1216 999,1214 1050,1213 1100,1211 1151,1210 1202,1208 1252,1207 1303,1205 1354,1204 1404,1202 1455,1200 1506,1199 1557,1198"/>
                <TextEquiv>
                    <Unicode>selbst davor bange, und es verlobt sich im Hand¬</Unicode>
                </TextEquiv>
            </TextLine>
            <TextLine id="r1l16" custom="readingOrder {index:15;}">
                <Coords points="1580,1253 2436,1237 2490,1209 2606,1234 2625,1168 1578,1208"/>
                <Baseline points="1593,1243 1646,1242 1700,1241 1753,1239 1807,1237 1861,1236 1914,1234 1968,1233 2022,1231 2075,1229 2129,1228 2182,1226 2236,1224 2290,1223 2343,1221 2397,1219 2451,1217 2504,1215 2558,1214 2612,1212"/>
                <TextEquiv>
                    <Unicode>gründlicher wiederzufinden, ist hier vertieft. Den</Unicode>
                </TextEquiv>
            </TextLine>
            <TextLine id="r1l17" custom="readingOrder {index:16;}">
                <Coords points="533,1263 1570,1248 1569,1206 1448,1200 532,1221"/>
                <Baseline points="546,1258 596,1259 647,1259 697,1259 748,1258 798,1258 849,1258 899,1257 950,1256 1000,1255 1051,1254 1102,1253 1152,1252 1203,1251 1253,1249 1304,1248 1354,1246 1405,1245 1455,1243 1506,1242 1557,1240"/>
                <TextEquiv>
                    <Unicode>umdrehen mit dem albernen, ungeliebten Forstassessor.</Unicode>
                </TextEquiv>
            </TextLine>
            <TextLine id="r1l18" custom="readingOrder {index:17;}">
                <Coords points="1588,1293 2622,1255 2621,1221 2487,1214 1587,1249"/>
                <Baseline points="1600,1281 1650,1280 1700,1280 1751,1279 1801,1278 1852,1277 1902,1276 1953,1275 2003,1274 2054,1273 2104,1271 2154,1270 2205,1268 2255,1267 2306,1265 2356,1263 2407,1262 2457,1260 2508,1258 2558,1256 2609,1254"/>
                <TextEquiv>
                    <Unicode>etwas wienerisch leichtlebigen, verwöhnten Kapell¬</Unicode>
                </TextEquiv>
            </TextLine>
            <TextLine id="r1l19" custom="readingOrder {index:18;}">
                <Coords points="534,1309 1574,1294 1573,1249 1481,1246 533,1262"/>
                <Baseline points="548,1299 598,1300 649,1300 699,1300 750,1300 801,1300 851,1299 902,1298 953,1298 1003,1296 1054,1295 1105,1294 1155,1293 1206,1292 1257,1290 1307,1289 1358,1287 1409,1286 1459,1284 1510,1282 1561,1281"/>
                <TextEquiv>
                    <Unicode>Der „Graf“, der erscheint, um endlich Abschied zu</Unicode>
                </TextEquiv>
            </TextLine>
            <TextLine id="r1l20" custom="readingOrder {index:19;}">
                <Coords points="1590,1335 2574,1307 2624,1293 2623,1248 1589,1293"/>
                <Baseline points="1602,1322 1652,1321 1702,1320 1753,1319 1803,1318 1854,1317 1904,1316 1955,1315 2005,1314 2056,1312 2106,1312 2156,1310 2207,1309 2257,1308 2308,1306 2358,1304 2409,1303 2459,1301 2510,1299 2560,1298 2611,1296"/>
                <TextEquiv>
                    <Unicode>meister Adams, der überdies den Mozartschen Vor¬</Unicode>
                </TextEquiv>
            </TextLine>
            <TextLine id="r1l21" custom="readingOrder {index:20;}">
                <Coords points="531,1340 1566,1340 1578,1292 530,1311"/>
                <Baseline points="544,1342 595,1343 646,1343 697,1343 748,1343 799,1342 850,1341 901,1340 952,1339 1003,1338 1054,1336 1105,1335 1156,1333 1207,1332 1258,1330 1309,1328 1360,1327 1411,1326 1462,1325 1513,1324 1565,1323"/>
                <TextEquiv>
                    <Unicode>nehmen, ist verzweifelt darüber und bestimmt Gerda</Unicode>
                </TextEquiv>
            </TextLine>
            <TextLine id="r1l22" custom="readingOrder {index:21;}">
                <Coords points="1582,1367 2022,1377 2378,1342 2457,1367 2627,1336 2626,1294 1581,1331"/>
                <Baseline points="1594,1361 1645,1361 1696,1360 1747,1360 1798,1359 1849,1359 1900,1358 1951,1357 2002,1356 2053,1355 2104,1354 2155,1353 2206,1351 2257,1349 2308,1348 2359,1346 2410,1344 2461,1342 2512,1340 2563,1338 2614,1336"/>
                <TextEquiv>
                    <Unicode>namen Amadaus führt, wandelt die Lust an, einmal</Unicode>
                </TextEquiv>
            </TextLine>
            <TextLine id="r1l23" custom="readingOrder {index:22;}">
                <Coords points="537,1388 1289,1388 1571,1369 1571,1337 536,1354"/>
                <Baseline points="550,1383 600,1383 650,1384 701,1384 751,1384 802,1383 852,1383 903,1382 953,1381 1004,1380 1054,1379 1104,1377 1155,1376 1205,1375 1256,1373 1306,1371 1357,1370 1407,1369 1458,1367 1508,1366 1559,1365"/>
                <TextEquiv>
                    <Unicode>im letzten Augenblicke noch, Vaterhaus und Ver¬</Unicode>
                </TextEquiv>
            </TextLine>
            <TextLine id="r1l24" custom="readingOrder {index:23;}">
                <Coords points="2354,1389 2368,1388 2381,1401 2441,1385 2491,1394 2524,1379 2567,1390 2632,1380 2631,1356 2594,1342 2576,1348 2560,1341 2547,1355 2520,1345 2442,1359 2405,1347 2353,1347"/>
                <Baseline points="2368,1386 2393,1385 2418,1384 2443,1383 2468,1382 2493,1381 2518,1379 2543,1378 2568,1378 2593,1377 2619,1377"/>
                <TextEquiv>
                    <Unicode>Da er im</Unicode>
                </TextEquiv>
            </TextLine>
            <TextLine id="r1l25" custom="readingOrder {index:24;}">
                <Coords points="1586,1409 2309,1399 2308,1362 2276,1353 1585,1367"/>
                <Baseline points="1598,1403 1632,1403 1667,1403 1702,1403 1737,1403 1772,1403 1807,1403 1842,1402 1877,1402 1912,1401 1947,1400 1981,1400 2016,1398 2051,1397 2086,1397 2121,1395 2156,1394 2191,1393 2226,1391 2261,1390 2296,1388"/>
                <TextEquiv>
                    <Unicode>über den Ehe=Zaun zu springen.</Unicode>
                </TextEquiv>
            </TextLine>
            <TextLine id="r1l26" custom="readingOrder {index:25;}">
                <Coords points="527,1421 777,1447 1572,1416 1571,1368 527,1392"/>
                <Baseline points="540,1426 593,1426 647,1426 700,1426 754,1425 808,1424 861,1423 915,1423 969,1421 1022,1420 1076,1419 1129,1417 1183,1415 1237,1414 1290,1412 1344,1411 1398,1409 1451,1408 1505,1407 1559,1405"/>
                <TextEquiv>
                    <Unicode>lobten zu verlassen und mit ihm in die Welt</Unicode>
                </TextEquiv>
            </TextLine>
            <TextLine id="r1l27" custom="readingOrder {index:26;}">
                <Coords points="1583,1444 2641,1420 2616,1378 1582,1408"/>
                <Baseline points="1596,1445 1647,1444 1699,1444 1750,1443 1802,1442 1853,1442 1905,1440 1956,1439 2008,1438 2059,1437 2111,1435 2163,1434 2214,1433 2266,1431 2317,1429 2369,1428 2420,1426 2472,1424 2523,1423 2575,1420 2627,1419"/>
                <TextEquiv>
                    <Unicode>Verhältnis kameradschaftlicher Osfenheit zur Frau</Unicode>
                </TextEquiv>
            </TextLine>
            <TextLine id="r1l28" custom="readingOrder {index:27;}">
                <Coords points="811,1465 874,1484 983,1453 1062,1478 1138,1456 1199,1476 1232,1454 1586,1450 1585,1421 1470,1402 1436,1429 1373,1407 1255,1433 810,1433"/>
                <Baseline points="824,1461 861,1460 898,1460 936,1460 973,1459 1011,1459 1048,1458 1086,1458 1123,1457 1161,1456 1198,1456 1235,1455 1273,1454 1310,1454 1348,1453 1385,1452 1423,1451 1460,1450 1498,1449 1535,1447 1573,1446"/>
                <TextEquiv>
                    <Unicode>Dann scheint er sich die Sache</Unicode>
                </TextEquiv>
            </TextLine>
            <TextLine id="r1l29" custom="readingOrder {index:28;}">
                <Coords points="2366,1469 2445,1471 2463,1481 2497,1462 2531,1475 2557,1465 2583,1464 2594,1475 2641,1469 2641,1419 2622,1417 2607,1428 2546,1425 2520,1439 2494,1439 2478,1423 2429,1442 2400,1424 2366,1432"/>
                <Baseline points="2379,1465 2406,1464 2434,1462 2462,1462 2489,1462 2517,1462 2545,1462 2572,1462 2600,1462 2628,1462"/>
                <TextEquiv>
                    <Unicode>Sie geht,</Unicode>
                </TextEquiv>
            </TextLine>
            <TextLine id="r1l30" custom="readingOrder {index:29;}">
                <Coords points="530,1481 571,1479 607,1460 637,1477 671,1481 692,1481 702,1470 820,1466 819,1440 777,1446 753,1431 701,1433 690,1423 643,1438 627,1430 559,1435 528,1421"/>
                <Baseline points="543,1465 569,1468 595,1469 622,1468 648,1467 675,1465 701,1463 727,1461 754,1461 780,1461 807,1463"/>
                <TextEquiv>
                    <Unicode>zu gehen.</Unicode>
                </TextEquiv>
            </TextLine>
            <TextLine id="r1l31" custom="readingOrder {index:30;}">
                <Coords points="1588,1501 2379,1466 2378,1432 1587,1446"/>
                <Baseline points="1600,1487 1638,1487 1676,1487 1714,1486 1753,1486 1791,1485 1829,1484 1868,1484 1906,1483 1944,1482 1983,1481 2021,1480 2059,1478 2097,1477 2136,1476 2174,1475 2212,1473 2251,1472 2289,1470 2327,1469 2366,1468"/>
                <TextEquiv>
                    <Unicode>steht, sagt er es ihr rund heraus.</Unicode>
                </TextEquiv>
            </TextLine>
            <TextLine id="r1l32" custom="readingOrder {index:31;}">
                <Coords points="933,1491 1020,1518 1066,1490 1167,1517 1234,1499 1337,1515 1363,1499 1507,1498 1506,1453 932,1467"/>
                <Baseline points="945,1502 972,1502 999,1501 1027,1501 1054,1500 1082,1499 1109,1499 1136,1499 1164,1498 1191,1498 1219,1497 1246,1497 1273,1496 1301,1495 1328,1494 1356,1494 1383,1493 1410,1491 1438,1490 1465,1489 1493,1487"/>
                <TextEquiv>
                    <Unicode>man weiß nicht, warum!</Unicode>
                </TextEquiv>
            </TextLine>
            <TextLine id="r1l33" custom="readingOrder {index:32;}">
                <Coords points="524,1510 660,1518 675,1504 702,1522 759,1507 786,1517 877,1513 876,1471 821,1462 780,1473 704,1469 691,1483 606,1464 583,1475 523,1473"/>
                <Baseline points="537,1508 562,1509 587,1509 612,1509 637,1509 662,1507 687,1507 712,1506 737,1505 762,1505 787,1504 812,1503 837,1503 863,1504"/>
                <TextEquiv>
                    <Unicode>jedoch plötzlich</Unicode>
                </TextEquiv>
            </TextLine>
            <TextLine id="r1l34" custom="readingOrder {index:33;}">
                <Coords points="1586,1536 2581,1515 2642,1471 1584,1491"/>
                <Baseline points="1599,1525 1650,1525 1702,1526 1753,1526 1805,1526 1856,1525 1908,1525 1959,1524 2011,1523 2062,1522 2114,1520 2166,1519 2217,1517 2269,1516 2320,1513 2372,1512 2423,1509 2475,1507 2526,1504 2578,1502 2630,1499"/>
                <TextEquiv>
                    <Unicode>innerlich erschauernd mit gespieltem heiteren Gleich¬</Unicode>
                </TextEquiv>
            </TextLine>
            <TextLine id="r1l35" custom="readingOrder {index:34;}">
                <Coords points="529,1557 1191,1529 1241,1554 1348,1518 1553,1546 1583,1495 528,1525"/>
                <Baseline points="542,1548 593,1547 644,1546 696,1546 747,1545 799,1544 850,1544 902,1543 953,1542 1005,1542 1056,1541 1107,1540 1159,1539 1210,1538 1262,1537 1313,1536 1365,1534 1416,1533 1468,1531 1519,1529 1571,1527"/>
                <TextEquiv>
                    <Unicode>anders überlegt zu haben, denn er greift</Unicode>
                </TextEquiv>
            </TextLine>
            <TextLine id="r1l36" custom="readingOrder {index:35;}">
                <Coords points="1592,1577 2637,1556 2638,1500 1591,1538"/>
                <Baseline points="1605,1565 1656,1567 1707,1568 1758,1568 1809,1568 1860,1567 1911,1566 1962,1565 2013,1564 2064,1562 2116,1561 2167,1559 2218,1557 2269,1555 2320,1553 2371,1551 2422,1549 2473,1548 2524,1547 2575,1546 2627,1545"/>
                <TextEquiv>
                    <Unicode>mut darauf ein. Sie läßt ihn sogar glauben, daß</Unicode>
                </TextEquiv>
            </TextLine>
            <TextLine id="r1l37" custom="readingOrder {index:36;}">
                <Coords points="527,1607 1574,1577 1573,1535 1335,1529 526,1557"/>
                <Baseline points="539,1590 590,1589 641,1588 692,1587 743,1586 794,1585 845,1584 896,1584 947,1583 998,1582 1050,1582 1101,1581 1152,1580 1203,1579 1254,1578 1305,1577 1356,1576 1407,1575 1458,1573 1509,1571 1561,1569"/>
                <TextEquiv>
                    <Unicode>zu einem Radikalmittel, um Gerda zu kurieren: die</Unicode>
                </TextEquiv>
            </TextLine>
            <TextLine id="r1l38" custom="readingOrder {index:37;}">
                <Coords points="1586,1614 2620,1594 2642,1546 1585,1577"/>
                <Baseline points="1598,1609 1649,1608 1701,1608 1752,1607 1804,1606 1856,1606 1907,1605 1959,1604 2011,1602 2062,1601 2114,1599 2166,1598 2217,1596 2269,1594 2321,1592 2372,1590 2424,1588 2476,1585 2527,1584 2579,1581 2631,1578"/>
                <TextEquiv>
                    <Unicode>auch sie für einen Anderen sich interessiere. Als aber</Unicode>
                </TextEquiv>
            </TextLine>
            <TextLine id="r1l39" custom="readingOrder {index:38;}">
                <Coords points="531,1639 1576,1625 1575,1576 1504,1569 531,1605"/>
                <Baseline points="543,1626 594,1626 645,1626 696,1626 747,1627 798,1627 849,1626 900,1626 951,1626 1002,1625 1053,1625 1104,1624 1155,1623 1206,1622 1257,1621 1308,1619 1359,1617 1410,1616 1461,1613 1512,1611 1563,1609"/>
                <TextEquiv>
                    <Unicode>Frau Kommerzienrat hat den ihr im Grunde doch</Unicode>
                </TextEquiv>
            </TextLine>
            <TextLine id="r1l40" custom="readingOrder {index:39;}">
                <Coords points="1582,1656 2642,1615 2421,1582 1581,1614"/>
                <Baseline points="1595,1649 1646,1649 1698,1648 1749,1648 1801,1647 1853,1646 1904,1646 1956,1645 2008,1644 2059,1642 2111,1641 2163,1640 2214,1639 2266,1637 2318,1635 2369,1632 2421,1630 2473,1628 2524,1625 2576,1622 2628,1618"/>
                <TextEquiv>
                    <Unicode>sein Abenteuer mit der veränderungssüchtigen Sänge¬</Unicode>
                </TextEquiv>
            </TextLine>
            <TextLine id="r1l41" custom="readingOrder {index:40;}">
                <Coords points="529,1665 1445,1673 1576,1660 1575,1618 528,1638"/>
                <Baseline points="542,1672 593,1672 644,1671 695,1670 746,1669 797,1669 848,1668 899,1667 950,1667 1001,1666 1052,1665 1103,1665 1154,1664 1205,1663 1256,1662 1307,1661 1358,1660 1409,1658 1460,1657 1511,1655 1562,1653"/>
                <TextEquiv>
                    <Unicode>völlig Fremden um die Gefälligkeit gebeten, ihr einen</Unicode>
                </TextEquiv>
            </TextLine>
            <TextLine id="r1l42" custom="readingOrder {index:41;}">
                <Coords points="1595,1696 2645,1675 2643,1615 1594,1662"/>
                <Baseline points="1608,1689 1659,1690 1710,1689 1761,1689 1812,1688 1863,1687 1914,1687 1966,1685 2017,1684 2068,1683 2119,1681 2170,1679 2221,1678 2272,1676 2324,1674 2375,1672 2426,1671 2477,1669 2528,1667 2579,1665 2631,1664"/>
                <TextEquiv>
                    <Unicode>rin, als dieses Zwischenspiel“ sein schnelles Ende</Unicode>
                </TextEquiv>
            </TextLine>
            <TextLine id="r1l43" custom="readingOrder {index:42;}">
                <Coords points="529,1721 1382,1715 1581,1701 1580,1659 527,1663"/>
                <Baseline points="541,1714 592,1713 643,1712 694,1712 746,1710 797,1710 848,1709 900,1708 951,1707 1002,1706 1054,1705 1105,1704 1156,1703 1207,1702 1259,1701 1310,1700 1361,1699 1413,1698 1464,1696 1515,1695 1567,1693"/>
                <TextEquiv>
                    <Unicode>kostbaren Schmuck in Paris — ausgerechnet!— reparieren</Unicode>
                </TextEquiv>
            </TextLine>
            <TextLine id="r1l44" custom="readingOrder {index:43;}">
                <Coords points="1593,1735 2617,1719 2642,1674 1592,1696"/>
                <Baseline points="1607,1729 1658,1730 1709,1730 1760,1730 1811,1729 1862,1728 1913,1727 1965,1726 2016,1725 2067,1724 2118,1722 2169,1721 2220,1719 2271,1718 2323,1716 2374,1714 2425,1712 2476,1710 2527,1709 2578,1707 2630,1706"/>
                <TextEquiv>
                    <Unicode>erlebt und eine Regung von Eisersucht ihn umso</Unicode>
                </TextEquiv>
            </TextLine>
            <TextLine id="r1l45" custom="readingOrder {index:44;}">
                <Coords points="545,1776 1587,1740 1586,1701 1533,1697 544,1723"/>
                <Baseline points="557,1758 607,1756 658,1754 709,1752 760,1751 811,1749 862,1748 912,1748 963,1747 1014,1746 1065,1746 1116,1745 1167,1744 1218,1743 1268,1743 1319,1742 1370,1741 1421,1739 1472,1738 1523,1736 1574,1734"/>
                <TextEquiv>
                    <Unicode>zu lassen. Als sie ihn nun bringt, wird Gerda, die bereits</Unicode>
                </TextEquiv>
            </TextLine>
            <TextLine id="r1l46" custom="readingOrder {index:45;}">
                <Coords points="535,1803 2646,1763 2621,1706 534,1753"/>
                <Baseline points="549,1797 653,1795 757,1793 861,1791 965,1788 1069,1787 1173,1785 1278,1783 1382,1781 1486,1779 1590,1777 1694,1775 1798,1772 1902,1770 2007,1767 2111,1764 2215,1761 2319,1757 2423,1752 2527,1749 2632,1744"/>
                <TextEquiv>
                    <Unicode>zur Flucht gerüstet ist, aus dem Park hereingeholt — sie stärker zur Frau zurückzieht, da kann er sie allen¬</Unicode>
                </TextEquiv>
            </TextLine>
            <TextLine id="r1l47" custom="readingOrder {index:46;}">
                <Coords points="1585,1827 2593,1805 2650,1774 2636,1738 1584,1775"/>
                <Baseline points="1597,1815 1651,1814 1706,1813 1761,1812 1815,1811 1870,1810 1925,1809 1979,1808 2034,1806 2089,1805 2143,1804 2198,1802 2253,1801 2307,1799 2362,1797 2417,1795 2471,1793 2526,1790 2581,1788 2636,1786"/>
                <TextEquiv>
                    <Unicode>falls in heißer Stunde zu einer Augenblicks=Gewäh¬</Unicode>
                </TextEquiv>
            </TextLine>
            <TextLine id="r1l48" custom="readingOrder {index:47;}">
                <Coords points="542,1842 1461,1833 1550,1820 1550,1792 542,1805"/>
                <Baseline points="556,1837 605,1836 654,1835 703,1834 752,1834 801,1833 850,1832 899,1832 948,1831 997,1831 1047,1830 1096,1829 1145,1828 1194,1827 1243,1826 1292,1825 1341,1824 1390,1822 1439,1820 1488,1819 1538,1816"/>
                <TextEquiv>
                    <Unicode>muß ja zugegen sein, damit das Mittel verfängt! —</Unicode>
                </TextEquiv>
            </TextLine>
            <TextLine id="r1l49" custom="readingOrder {index:48;}">
                <Coords points="534,1871 2619,1849 2654,1798 533,1840"/>
                <Baseline points="547,1875 651,1875 756,1874 861,1873 965,1872 1070,1870 1175,1868 1279,1866 1384,1864 1489,1861 1594,1859 1698,1856 1803,1853 1908,1850 2012,1848 2117,1844 2222,1842 2326,1840 2431,1837 2536,1835 2641,1834"/>
                <TextEquiv>
                    <Unicode>und in ihrer Gegenwart übernimmt der „Graf“ denkrung stimmen, den Rückweg zu ihrem Vertrauen, die</Unicode>
                </TextEquiv>
            </TextLine>
            <TextLine id="r1l50" custom="readingOrder {index:49;}">
                <Coords points="1598,1907 2648,1885 2647,1846 2605,1836 1597,1857"/>
                <Baseline points="1612,1896 1663,1896 1714,1895 1765,1895 1816,1894 1867,1893 1918,1891 1970,1890 2021,1888 2072,1887 2123,1885 2174,1884 2225,1882 2276,1881 2328,1879 2379,1878 2430,1877 2481,1875 2532,1874 2583,1873 2635,1873"/>
                <TextEquiv>
                    <Unicode>Rückkehr zur Ehe findet er nicht mehr. Sie waren</Unicode>
                </TextEquiv>
            </TextLine>
            <TextLine id="r1l51" custom="readingOrder {index:50;}">
                <Coords points="546,1930 1295,1931 1583,1908 1583,1866 546,1877"/>
                <Baseline points="560,1919 610,1918 661,1917 711,1916 762,1915 812,1915 863,1914 913,1914 964,1914 1014,1913 1065,1913 1116,1913 1166,1912 1217,1911 1267,1910 1318,1909 1368,1908 1419,1906 1469,1904 1520,1901 1571,1898"/>
                <TextEquiv>
                    <Unicode>Auftrag und den Schmuck, den Frau Borchertz nie</Unicode>
                </TextEquiv>
            </TextLine>
            <TextLine id="r1l52" custom="readingOrder {index:51;}">
                <Coords points="1590,1938 2654,1933 2652,1873 1589,1898"/>
                <Baseline points="1603,1934 1654,1934 1706,1933 1758,1932 1810,1932 1862,1932 1913,1931 1965,1930 2017,1930 2069,1929 2121,1928 2172,1928 2224,1926 2276,1925 2328,1923 2380,1922 2431,1920 2483,1918 2535,1915 2587,1911 2639,1908"/>
                <TextEquiv>
                    <Unicode>einander zu viel gewesen, als daß sie noch versuchen</Unicode>
                </TextEquiv>
            </TextLine>
            <TextLine id="r1l53" custom="readingOrder {index:52;}">
                <Coords points="543,1950 1583,1951 1582,1906 1517,1902 543,1913"/>
                <Baseline points="556,1961 606,1960 657,1958 708,1957 759,1956 809,1955 860,1955 911,1954 962,1954 1012,1953 1063,1953 1114,1952 1165,1952 1215,1951 1266,1950 1317,1949 1368,1948 1418,1946 1469,1944 1520,1942 1571,1940"/>
                <TextEquiv>
                    <Unicode>wiedersehen wird. Gerda ist geknickt, aber ein Trost</Unicode>
                </TextEquiv>
            </TextLine>
            <TextLine id="r1l54" custom="readingOrder {index:53;}">
                <Coords points="1588,1995 2627,1965 2642,1915 1586,1935"/>
                <Baseline points="1601,1976 1652,1976 1703,1976 1755,1975 1806,1975 1858,1974 1909,1973 1961,1973 2012,1972 2064,1971 2115,1969 2166,1968 2218,1967 2269,1965 2321,1964 2372,1962 2424,1960 2475,1958 2527,1956 2578,1954 2630,1952"/>
                <TextEquiv>
                    <Unicode>könnten, nach jener Episode ein banales Alltags=Paar</Unicode>
                </TextEquiv>
            </TextLine>
            <TextLine id="r1l55" custom="readingOrder {index:54;}">
                <Coords points="536,1999 1592,1991 1591,1952 1536,1947 1117,1971 920,1940 818,1971 535,1944"/>
                <Baseline points="550,2001 601,2001 652,2000 704,1999 755,1999 807,1998 858,1997 910,1997 961,1996 1013,1995 1064,1995 1115,1994 1167,1993 1218,1992 1270,1991 1321,1990 1373,1988 1424,1987 1476,1985 1527,1983 1579,1981"/>
                <TextEquiv>
                    <Unicode>mag es ihr vielleicht sein, daß der Graf, den man</Unicode>
                </TextEquiv>
            </TextLine>
            <TextLine id="r1l56" custom="readingOrder {index:55;}">
                <Coords points="1596,2028 2643,2011 2642,1964 1595,1991"/>
                <Baseline points="1609,2021 1660,2020 1711,2019 1762,2019 1813,2017 1864,2016 1915,2015 1966,2014 2017,2012 2068,2011 2120,2009 2171,2008 2222,2007 2273,2005 2324,2004 2375,2002 2426,2001 2477,1999 2528,1998 2579,1997 2631,1995"/>
                <TextEquiv>
                    <Unicode>zu sein, meint Cäcilie, und weist den werbenden</Unicode>
                </TextEquiv>
            </TextLine>
            <TextLine id="r1l57" custom="readingOrder {index:56;}">
                <Coords points="553,2047 1587,2037 1586,1990 1557,1988 552,2000"/>
                <Baseline points="566,2043 616,2042 666,2041 717,2040 767,2039 817,2038 868,2038 918,2037 968,2037 1019,2036 1069,2036 1119,2035 1170,2035 1220,2034 1270,2033 1321,2032 1371,2030 1421,2029 1472,2027 1522,2025 1573,2023"/>
                <TextEquiv>
                    <Unicode>für einen Diplomaten hält, laut erklärt, er werde</Unicode>
                </TextEquiv>
            </TextLine>
            <TextLine id="r1l58" custom="readingOrder {index:57;}">
                <Coords points="1599,2075 2361,2064 2494,2031 2652,2054 2650,1986 1598,2025"/>
                <Baseline points="1613,2061 1664,2060 1715,2059 1766,2058 1818,2057 1869,2056 1920,2055 1972,2054 2023,2053 2074,2052 2126,2051 2177,2050 2228,2049 2279,2047 2331,2046 2382,2044 2433,2042 2485,2041 2536,2039 2587,2036 2639,2034"/>
                <TextEquiv>
                    <Unicode>Mann zurück. Freilich läßt sie ihm mit einem</Unicode>
                </TextEquiv>
            </TextLine>
            <TextLine id="r1l59" custom="readingOrder {index:58;}">
                <Coords points="550,2080 865,2106 919,2074 1590,2073 1589,2031 1458,2023 549,2046"/>
                <Baseline points="564,2084 614,2084 665,2084 715,2083 766,2083 817,2082 867,2081 918,2080 968,2079 1019,2078 1070,2077 1120,2076 1171,2075 1221,2074 1272,2073 1323,2072 1373,2071 1424,2070 1474,2070 1525,2069 1576,2069"/>
                <TextEquiv>
                    <Unicode>seinen bisherigen Beruf aufgeben. Er zieht von</Unicode>
                </TextEquiv>
            </TextLine>
            <TextLine id="r1l60" custom="readingOrder {index:59;}">
                <Coords points="1606,2107 2656,2076 2629,2033 1606,2073"/>
                <Baseline points="1619,2101 1670,2100 1721,2099 1772,2098 1823,2098 1875,2097 1926,2096 1977,2096 2028,2095 2079,2094 2131,2093 2182,2092 2233,2091 2284,2090 2335,2088 2387,2086 2438,2085 2489,2082 2540,2079 2591,2076 2643,2073"/>
                <TextEquiv>
                    <Unicode>„Vielleicht“ noch eine Hoffnung auf die Zukunft.</Unicode>
                </TextEquiv>
            </TextLine>
            <TextLine id="r1l61" custom="readingOrder {index:60;}">
                <Coords points="538,2134 1114,2106 1203,2136 1284,2100 1585,2124 1585,2072 537,2094"/>
                <Baseline points="551,2124 602,2124 653,2124 704,2123 755,2123 806,2122 857,2121 908,2120 959,2120 1010,2119 1062,2117 1113,2117 1164,2116 1215,2115 1266,2114 1317,2113 1368,2112 1419,2111 1470,2110 1521,2110 1573,2109"/>
                <TextEquiv>
                    <Unicode>dannen, und ein Bote bringt ein Paketchen</Unicode>
                </TextEquiv>
            </TextLine>
            <TextLine id="r1l62" custom="readingOrder {index:61;}">
                <Coords points="1595,2143 2527,2138 2619,2133 2660,2093 2462,2069 1594,2109"/>
                <Baseline points="1609,2143 1660,2142 1712,2141 1764,2140 1816,2140 1868,2139 1920,2138 1972,2137 2024,2136 2076,2135 2128,2134 2179,2133 2231,2132 2283,2130 2335,2128 2387,2126 2439,2123 2491,2120 2543,2118 2595,2115 2647,2111"/>
                <TextEquiv>
                    <Unicode>[Soweit konnte Schnitzler innerhalb seiner künstleri¬</Unicode>
                </TextEquiv>
            </TextLine>
            <TextLine id="r1l63" custom="readingOrder {index:62;}">
                <Coords points="545,2153 1122,2176 1192,2148 1321,2178 1585,2153 1584,2114 1388,2101 545,2132"/>
                <Baseline points="558,2166 608,2165 659,2164 710,2163 761,2162 811,2161 862,2161 913,2160 964,2160 1014,2159 1065,2159 1116,2158 1167,2158 1217,2157 1268,2156 1319,2155 1370,2154 1420,2153 1471,2152 1522,2150 1573,2148"/>
                <TextEquiv>
                    <Unicode>an Frau Kommerzienrat: das gestohlene Brillant¬</Unicode>
                </TextEquiv>
            </TextLine>
            <TextLine id="r1l64" custom="readingOrder {index:63;}">
                <Coords points="1604,2191 2554,2177 2650,2150 2650,2122 1602,2147"/>
                <Baseline points="1617,2185 1668,2185 1719,2184 1770,2183 1821,2182 1872,2181 1923,2180 1974,2178 2025,2178 2076,2176 2127,2174 2178,2173 2229,2171 2280,2170 2331,2168 2382,2166 2433,2164 2484,2162 2535,2161 2586,2158 2638,2157"/>
                <TextEquiv>
                    <Unicode>schen Ehrlichkeit dem Publikums=Empfinden entgegen¬</Unicode>
                </TextEquiv>
            </TextLine>
            <TextLine id="r1l65" custom="readingOrder {index:64;}">
                <Coords points="540,2201 1284,2223 1593,2197 1574,2150 539,2162"/>
                <Baseline points="552,2208 603,2207 654,2206 706,2206 757,2205 809,2204 860,2204 911,2203 963,2202 1014,2201 1066,2201 1117,2200 1168,2199 1220,2198 1271,2197 1323,2196 1374,2195 1425,2194 1477,2192 1528,2191 1580,2190"/>
                <TextEquiv>
                    <Unicode>kollier flimmert ihr daraus entgegen, ein Briefchen</Unicode>
                </TextEquiv>
            </TextLine>
            <TextLine id="r1l66" custom="readingOrder {index:65;}">
                <Coords points="1606,2231 2648,2218 2605,2170 2468,2165 1605,2191"/>
                <Baseline points="1618,2226 1668,2226 1719,2226 1770,2226 1821,2225 1872,2224 1923,2222 1973,2221 2024,2219 2075,2217 2126,2215 2177,2213 2228,2211 2279,2210 2329,2208 2380,2207 2431,2206 2482,2205 2533,2205 2584,2205 2635,2205"/>
                <TextEquiv>
                    <Unicode>kommen. Zu einer banalen Komödien=Versöhnung,</Unicode>
                </TextEquiv>
            </TextLine>
            <TextLine id="r1l67" custom="readingOrder {index:66;}">
                <Coords points="540,2235 1376,2255 1585,2239 1585,2195 540,2203"/>
                <Baseline points="553,2247 604,2246 655,2245 706,2245 757,2244 808,2244 859,2243 910,2243 961,2243 1012,2242 1063,2242 1114,2242 1165,2241 1216,2240 1267,2240 1318,2239 1369,2237 1420,2236 1471,2234 1522,2232 1573,2230"/>
                <TextEquiv>
                    <Unicode>ihres Gatten belehrt sie jedoch, daß es nicht das</Unicode>
                </TextEquiv>
            </TextLine>
            <TextLine id="r1l68" custom="readingOrder {index:67;}">
                <Coords points="1595,2265 2266,2279 2638,2259 2653,2219 1594,2223"/>
                <Baseline points="1609,2268 1660,2267 1712,2266 1763,2265 1815,2264 1866,2263 1918,2261 1969,2260 2021,2259 2072,2257 2124,2256 2175,2254 2227,2253 2278,2251 2330,2250 2381,2249 2433,2247 2484,2246 2536,2246 2587,2244 2639,2244"/>
                <TextEquiv>
                    <Unicode>die der Durchschnitts=Zuhörerschaft besser behagt hätte,</Unicode>
                </TextEquiv>
            </TextLine>
            <TextLine id="r1l69" custom="readingOrder {index:68;}">
                <Coords points="547,2287 1587,2287 1586,2240 1510,2233 546,2243"/>
                <Baseline points="559,2292 609,2291 660,2291 711,2290 762,2289 812,2288 863,2287 914,2287 965,2286 1015,2285 1066,2284 1117,2283 1168,2282 1218,2281 1269,2280 1320,2279 1371,2278 1421,2277 1472,2276 1523,2275 1574,2274"/>
                <TextEquiv>
                    <Unicode>gestohlene sei, sondern ein Pendant, das er zufällig</Unicode>
                </TextEquiv>
            </TextLine>
            <TextLine id="r1l70" custom="readingOrder {index:69;}">
                <Coords points="1603,2315 2556,2297 2663,2249 1602,2271"/>
                <Baseline points="1617,2307 1668,2307 1720,2307 1771,2307 1823,2306 1875,2305 1926,2305 1978,2304 2030,2302 2081,2301 2133,2300 2185,2298 2236,2296 2288,2295 2340,2293 2391,2291 2443,2290 2495,2288 2546,2287 2598,2285 2650,2284"/>
                <TextEquiv>
                    <Unicode>mochte er sich nicht entschließen „Wenn ihr das</Unicode>
                </TextEquiv>
            </TextLine>
            <TextLine id="r1l71" custom="readingOrder {index:70;}">
                <Coords points="556,2343 849,2311 1226,2346 1598,2326 1597,2286 1506,2277 555,2290"/>
                <Baseline points="570,2331 620,2329 671,2328 722,2327 773,2326 824,2326 874,2325 925,2325 976,2324 1027,2324 1078,2324 1128,2323 1179,2323 1230,2322 1281,2322 1332,2321 1382,2320 1433,2320 1484,2319 1535,2317 1586,2316"/>
                <TextEquiv>
                    <Unicode>entdeckt habe. Er schenke ihr diesen Schmuck, denn</Unicode>
                </TextEquiv>
            </TextLine>
            <TextLine id="r1l72" custom="readingOrder {index:71;}">
                <Coords points="1601,2354 2630,2340 2647,2297 1600,2317"/>
                <Baseline points="1615,2350 1666,2350 1717,2349 1768,2348 1819,2347 1870,2346 1921,2345 1972,2344 2023,2343 2074,2342 2125,2340 2176,2339 2227,2338 2278,2336 2329,2335 2380,2333 2431,2331 2482,2329 2533,2327 2584,2324 2636,2323"/>
                <TextEquiv>
                    <Unicode>Glück hättet, erfunden zu sein“, sagt der Dumas¬</Unicode>
                </TextEquiv>
            </TextLine>
            <TextLine id="r1l73" custom="readingOrder {index:72;}">
                <Coords points="556,2379 1590,2364 1589,2319 555,2329"/>
                <Baseline points="570,2371 620,2370 670,2369 721,2369 771,2368 822,2368 872,2367 922,2367 973,2367 1023,2366 1074,2366 1124,2365 1174,2365 1225,2364 1275,2364 1326,2363 1376,2362 1426,2361 1477,2359 1527,2357 1578,2356"/>
                <TextEquiv>
                    <Unicode>nach seiner Voraussage verliere er bei Breyer &amp;</Unicode>
                </TextEquiv>
            </TextLine>
            <TextLine id="r1l74" custom="readingOrder {index:73;}">
                <Coords points="1596,2388 2643,2369 2610,2328 1595,2349"/>
                <Baseline points="1609,2393 1660,2392 1711,2391 1762,2390 1813,2389 1864,2388 1915,2387 1966,2385 2017,2383 2068,2382 2120,2381 2171,2379 2222,2377 2273,2376 2324,2374 2375,2372 2426,2371 2477,2369 2528,2368 2579,2367 2631,2365"/>
                <TextEquiv>
                    <Unicode>sche Raisonneur des Stückes, der Dramatiker und</Unicode>
                </TextEquiv>
            </TextLine>
            <TextLine id="r1l75" custom="readingOrder {index:74;}">
                <Coords points="550,2408 988,2440 1595,2417 1594,2367 1534,2354 550,2377"/>
                <Baseline points="564,2407 614,2408 665,2410 716,2410 767,2411 818,2411 869,2411 920,2410 971,2410 1022,2409 1073,2408 1123,2407 1174,2406 1225,2405 1276,2403 1327,2402 1378,2402 1429,2401 1480,2400 1531,2400 1582,2400"/>
                <TextEquiv>
                    <Unicode>Sohn nicht einen Pfennig. Der Meisterlügner neben</Unicode>
                </TextEquiv>
            </TextLine>
            <TextLine id="r1l76" custom="readingOrder {index:75;}">
                <Coords points="1589,2428 1833,2458 2066,2423 2297,2438 2660,2413 2659,2371 1588,2392"/>
                <Baseline points="1603,2433 1655,2433 1707,2432 1759,2431 1812,2430 1864,2429 1916,2429 1968,2428 2021,2427 2073,2426 2125,2424 2177,2423 2230,2421 2282,2420 2334,2418 2386,2416 2439,2414 2491,2412 2543,2410 2595,2407 2648,2405"/>
                <TextEquiv>
                    <Unicode>Librettist Rhon, „dann würde Euch jetzt das Kind</Unicode>
                </TextEquiv>
            </TextLine>
            <TextLine id="r1l77" custom="readingOrder {index:76;}">
                <Coords points="549,2448 601,2474 628,2473 651,2452 701,2467 745,2450 772,2468 821,2452 921,2456 920,2421 878,2425 860,2412 844,2420 797,2408 763,2421 695,2409 658,2428 580,2414 548,2430"/>
                <Baseline points="561,2452 587,2453 614,2454 641,2454 667,2454 694,2453 721,2453 747,2452 774,2451 801,2451 827,2450 854,2449 881,2449 908,2450"/>
                <TextEquiv>
                    <Unicode>dem Meisterdieb.</Unicode>
                </TextEquiv>
            </TextLine>
            <TextLine id="r1l78" custom="readingOrder {index:77;}">
                <Coords points="2134,2469 2247,2474 2288,2454 2339,2468 2629,2462 2660,2450 2659,2411 2133,2433"/>
                <Baseline points="2146,2463 2171,2463 2196,2463 2221,2463 2246,2462 2271,2462 2296,2461 2321,2461 2346,2460 2371,2459 2396,2458 2421,2457 2446,2456 2471,2455 2496,2455 2521,2454 2546,2452 2571,2452 2596,2450 2621,2450 2647,2448"/>
                <TextEquiv>
                    <Unicode>r nicht Komödienfiguren</Unicode>
                </TextEquiv>
            </TextLine>
            <TextLine id="r1l79" custom="readingOrder {index:78;}">
                <Coords points="1846,2475 1909,2474 1922,2482 1969,2470 2032,2477 2058,2466 2087,2478 2110,2467 2110,2425 2083,2426 2050,2450 2023,2435 1942,2437 1931,2426 1906,2443 1877,2435 1845,2444"/>
                <Baseline points="1858,2474 1884,2470 1911,2468 1937,2467 1964,2467 1990,2467 2017,2467 2043,2467 2070,2467 2097,2465"/>
                <TextEquiv>
                    <Unicode>aber da I</Unicode>
                </TextEquiv>
            </TextLine>
            <TextLine id="r1l80" custom="readingOrder {index:79;}">
                <Coords points="1600,2479 1668,2478 1715,2494 1731,2478 1754,2483 1781,2474 1807,2487 1815,2479 1851,2476 1851,2442 1799,2453 1777,2440 1751,2446 1743,2438 1673,2434 1626,2442 1599,2432"/>
                <Baseline points="1613,2478 1638,2476 1663,2475 1688,2473 1713,2473 1738,2472 1763,2472 1788,2472 1813,2474 1838,2476"/>
                <TextEquiv>
                    <Unicode>versöhnen,</Unicode>
                </TextEquiv>
            </TextLine>
            <TextLine id="r1l81" custom="readingOrder {index:80;}">
                <Coords points="612,2500 1597,2490 1596,2442 1441,2421 1146,2449 1111,2426 1033,2459 939,2432 892,2472 612,2460"/>
                <Baseline points="624,2490 672,2491 720,2493 768,2493 816,2494 864,2494 912,2494 960,2493 1008,2493 1056,2492 1104,2491 1152,2490 1200,2489 1248,2487 1296,2486 1344,2485 1392,2483 1440,2482 1488,2481 1536,2480 1585,2479"/>
                <TextEquiv>
                    <Unicode>Es ist nicht klar, warum Eckart sein Stück eine</Unicode>
                </TextEquiv>
            </TextLine>
            <TextLine id="r1l82" custom="readingOrder {index:81;}">
                <Coords points="1607,2522 2647,2500 2654,2452 1606,2478"/>
                <Baseline points="1621,2515 1672,2514 1723,2513 1774,2512 1825,2511 1876,2510 1927,2509 1978,2508 2029,2507 2080,2506 2131,2505 2182,2503 2233,2502 2284,2500 2335,2499 2386,2498 2437,2496 2488,2495 2539,2493 2590,2491 2642,2490"/>
                <TextEquiv>
                    <Unicode>seid ..“ Eine fein ausgestaltete, keine blos übernommene</Unicode>
                </TextEquiv>
            </TextLine>
            <TextLine id="r1l83" custom="readingOrder {index:82;}">
                <Coords points="565,2547 1554,2537 1604,2533 1604,2489 564,2503"/>
                <Baseline points="577,2536 627,2536 678,2535 729,2535 779,2534 830,2534 881,2534 931,2533 982,2533 1033,2533 1084,2532 1134,2532 1185,2532 1236,2531 1286,2530 1337,2530 1388,2529 1438,2528 1489,2526 1540,2524 1591,2523"/>
                <TextEquiv>
                    <Unicode>„romantische“ Komödie nennt — jedes Bühnenwerk,</Unicode>
                </TextEquiv>
            </TextLine>
            <TextLine id="r1l84" custom="readingOrder {index:83;}">
                <Coords points="1601,2561 2667,2548 2665,2478 1600,2521"/>
                <Baseline points="1615,2557 1666,2556 1718,2556 1770,2555 1822,2554 1874,2553 1926,2552 1977,2551 2029,2549 2081,2548 2133,2547 2185,2545 2237,2543 2289,2541 2340,2540 2392,2537 2444,2536 2496,2534 2548,2532 2600,2530 2652,2528"/>
                <TextEquiv>
                    <Unicode>Figur, dieser mehr verinnerlichte Raisonneur! Das</Unicode>
                </TextEquiv>
            </TextLine>
            <TextLine id="r1l85" custom="readingOrder {index:84;}">
                <Coords points="552,2598 1335,2561 1615,2587 1615,2524 552,2556"/>
                <Baseline points="565,2576 616,2575 668,2575 720,2576 772,2576 824,2576 875,2576 927,2576 979,2576 1031,2576 1083,2576 1134,2575 1186,2575 1238,2574 1290,2573 1342,2572 1393,2571 1445,2569 1497,2567 1549,2565 1601,2562"/>
                <TextEquiv>
                    <Unicode>sin dem ein romantisch angehauchtes Backfischchen</Unicode>
                </TextEquiv>
            </TextLine>
            <TextLine id="r1l86" custom="readingOrder {index:85;}">
                <Coords points="552,2604 2660,2571 552,2585"/>
                <Baseline points="567,2618 671,2618 775,2618 879,2617 983,2617 1087,2615 1191,2613 1295,2611 1399,2609 1503,2607 1607,2604 1711,2601 1815,2598 1919,2595 2023,2591 2127,2588 2231,2585 2335,2582 2439,2578 2543,2575 2648,2572"/>
                <TextEquiv>
                    <Unicode>herumwimmelt, ist darum selbst noch lange nicht Kernwort des Stückes aber, die feine Tendenz, die</Unicode>
                </TextEquiv>
            </TextLine>
            <TextLine id="r1l87" custom="readingOrder {index:86;}">
                <Coords points="1605,2649 2670,2618 2669,2581 2572,2571 1604,2607"/>
                <Baseline points="1618,2642 1672,2642 1727,2641 1782,2640 1836,2639 1891,2638 1946,2636 2000,2635 2055,2633 2110,2631 2164,2629 2219,2627 2274,2625 2328,2623 2383,2621 2438,2619 2492,2617 2547,2616 2602,2614 2657,2613"/>
                <TextEquiv>
                    <Unicode>These, die mit der kleinen Handlung bewiesen werden</Unicode>
                </TextEquiv>
            </TextLine>
            <TextLine id="r1l88" custom="readingOrder {index:87;}">
                <Coords points="552,2669 1600,2652 1599,2613 1484,2601 552,2627"/>
                <Baseline points="565,2660 616,2660 667,2659 718,2659 769,2659 820,2658 871,2658 922,2658 973,2657 1024,2657 1076,2657 1127,2656 1178,2655 1229,2655 1280,2653 1331,2653 1382,2651 1433,2650 1484,2648 1535,2646 1587,2644"/>
                <TextEquiv>
                    <Unicode>romantisch. Aber es ist noch vieles andere unklar in</Unicode>
                </TextEquiv>
            </TextLine>
            <TextLine id="r1l89" custom="readingOrder {index:88;}">
                <Coords points="1604,2692 2661,2657 2644,2616 1603,2645"/>
                <Baseline points="1617,2681 1668,2681 1720,2681 1771,2681 1823,2680 1874,2679 1926,2678 1977,2677 2029,2675 2080,2674 2132,2672 2184,2670 2235,2668 2287,2667 2338,2665 2390,2663 2441,2660 2493,2658 2544,2656 2596,2654 2648,2652"/>
                <TextEquiv>
                    <Unicode>soll, spricht Frau Cäcilie raus: „Waren wir denn</Unicode>
                </TextEquiv>
            </TextLine>
            <TextLine id="r1l90" custom="readingOrder {index:89;}">
                <Coords points="561,2714 1603,2699 1584,2650 560,2666"/>
                <Baseline points="574,2702 624,2701 675,2700 726,2700 777,2700 827,2699 878,2699 929,2698 980,2698 1030,2698 1081,2697 1132,2697 1183,2696 1233,2695 1284,2694 1335,2693 1386,2692 1436,2691 1487,2689 1538,2688 1589,2686"/>
                <TextEquiv>
                    <Unicode>dem „Froschkönig“; überall tun sich Fragezeichen auf,</Unicode>
                </TextEquiv>
            </TextLine>
            <TextLine id="r1l91" custom="readingOrder {index:90;}">
                <Coords points="1614,2728 2664,2716 2662,2666 2612,2660 1613,2691"/>
                <Baseline points="1626,2722 1677,2722 1728,2722 1779,2722 1831,2721 1882,2720 1933,2719 1984,2718 2036,2717 2087,2716 2138,2714 2189,2712 2241,2710 2292,2708 2343,2706 2394,2704 2446,2703 2497,2700 2548,2699 2599,2697 2651,2695"/>
                <TextEquiv>
                    <Unicode>wirklich ehrlich miteinander und offen? Nein, wir</Unicode>
                </TextEquiv>
            </TextLine>
            <TextLine id="r1l92" custom="readingOrder {index:91;}">
                <Coords points="562,2740 1607,2737 1606,2695 1525,2688 561,2711"/>
                <Baseline points="574,2741 625,2741 676,2742 727,2742 778,2742 829,2741 880,2741 931,2741 982,2740 1033,2740 1084,2739 1135,2738 1186,2737 1237,2737 1288,2736 1339,2734 1390,2734 1441,2732 1492,2731 1543,2730 1594,2729"/>
                <TextEquiv>
                    <Unicode>wohin man blickt, sieht man Unmöglichkeiten, schiefe</Unicode>
                </TextEquiv>
            </TextLine>
            <TextLine id="r1l93" custom="readingOrder {index:92;}">
                <Coords points="1609,2770 2560,2756 2664,2746 2663,2698 1608,2729"/>
                <Baseline points="1622,2766 1673,2765 1725,2764 1776,2763 1828,2762 1879,2761 1931,2760 1982,2758 2034,2757 2085,2756 2137,2755 2188,2753 2240,2752 2291,2750 2343,2749 2394,2747 2446,2744 2497,2743 2549,2740 2600,2738 2652,2736"/>
                <TextEquiv>
                    <Unicode>waren es nicht! Wenn wir damals, als wir uns gegen¬</Unicode>
                </TextEquiv>
            </TextLine>
            <TextLine id="r1l94" custom="readingOrder {index:93;}">
                <Coords points="569,2787 1609,2777 1608,2738 1472,2729 569,2748"/>
                <Baseline points="582,2781 632,2782 683,2782 734,2782 784,2782 835,2782 886,2782 936,2781 987,2781 1038,2780 1089,2780 1139,2779 1190,2778 1241,2777 1291,2776 1342,2775 1393,2774 1443,2773 1494,2772 1545,2771 1596,2770"/>
                <TextEquiv>
                    <Unicode>Bilder, verzeichnete Charaktere. Die älteste Tochter</Unicode>
                </TextEquiv>
            </TextLine>
            <TextLine id="r1l95" custom="readingOrder {index:94;}">
                <Coords points="1618,2819 2668,2784 2643,2740 1617,2767"/>
                <Baseline points="1630,2808 1681,2807 1732,2805 1783,2804 1835,2803 1886,2802 1937,2801 1988,2800 2040,2799 2091,2798 2142,2797 2193,2796 2245,2795 2296,2794 2347,2793 2398,2791 2450,2790 2501,2787 2552,2786 2603,2783 2655,2780"/>
                <TextEquiv>
                    <Unicode>seitig gestanden, daß die Neigung uns zu anderen</Unicode>
                </TextEquiv>
            </TextLine>
            <TextLine id="r1l96" custom="readingOrder {index:95;}">
                <Coords points="559,2828 1601,2824 1601,2777 558,2779"/>
                <Baseline points="573,2823 623,2824 674,2824 725,2824 776,2824 826,2824 877,2823 928,2822 979,2822 1029,2821 1080,2820 1131,2819 1182,2818 1232,2817 1283,2816 1334,2815 1385,2814 1435,2813 1486,2813 1537,2812 1588,2812"/>
                <TextEquiv>
                    <Unicode>des Kommerzienrats, die einen Dr. phil. geheiratet</Unicode>
                </TextEquiv>
            </TextLine>
            <TextLine id="r1l97" custom="readingOrder {index:96;}">
                <Coords points="1606,2867 2567,2838 2668,2798 1604,2814"/>
                <Baseline points="1619,2851 1670,2849 1722,2848 1774,2846 1826,2845 1878,2844 1930,2843 1981,2842 2033,2841 2085,2841 2137,2840 2189,2839 2241,2838 2293,2837 2344,2835 2396,2833 2448,2830 2500,2827 2552,2824 2604,2821 2656,2816"/>
                <TextEquiv>
                    <Unicode>zieht, wenn wir damals den Ingrimm hätten aus¬</Unicode>
                </TextEquiv>
            </TextLine>
            <TextLine id="r1l98" custom="readingOrder {index:97;}">
                <Coords points="556,2879 1559,2868 1606,2818 556,2840"/>
                <Baseline points="569,2869 620,2868 671,2868 722,2867 773,2867 825,2866 876,2866 927,2865 978,2865 1029,2864 1081,2863 1132,2863 1183,2862 1234,2861 1285,2860 1337,2860 1388,2859 1439,2858 1490,2857 1541,2856 1593,2855"/>
                <TextEquiv>
                    <Unicode>hat, wird als ein tiefer, durchdringender Geist hinge¬</Unicode>
                </TextEquiv>
            </TextLine>
            <TextLine id="r1l99" custom="readingOrder {index:98;}">
                <Coords points="727,2903 2678,2872 2663,2810 727,2879"/>
                <Baseline points="740,2908 836,2908 932,2907 1028,2906 1124,2905 1221,2903 1317,2901 1413,2899 1509,2897 1605,2894 1702,2892 1798,2889 1894,2886 1990,2883 2086,2880 2183,2878 2279,2875 2375,2872 2471,2869 2567,2866 2664,2864"/>
                <TextEquiv>
                    <Unicode>— den Beweis dafür, daß sie es ist, bleibtitoben lassen, der in uns wüthete, dann wären wir</Unicode>
                </TextEquiv>
            </TextLine>
            <TextLine id="r1l100" custom="readingOrder {index:99;}">
                <Coords points="563,2920 594,2920 599,2914 610,2920 649,2914 665,2921 672,2913 696,2910 695,2881 682,2882 672,2871 643,2869 614,2878 609,2872 604,2878 596,2870 588,2870 577,2876 562,2876"/>
                <Baseline points="576,2910 603,2908 630,2907 657,2907 684,2908"/>
                <TextEquiv>
                    <Unicode>stellt</Unicode>
                </TextEquiv>
            </TextLine>
            <TextLine id="r1l101" custom="readingOrder {index:100;}">
                <Coords points="1622,2937 2494,2928 2682,2895 2681,2863 2568,2863 1621,2897"/>
                <Baseline points="1634,2931 1685,2929 1737,2927 1789,2926 1841,2924 1892,2923 1944,2922 1996,2921 2048,2920 2099,2919 2151,2919 2203,2918 2255,2917 2306,2916 2358,2915 2410,2914 2462,2912 2513,2910 2565,2908 2617,2906 2669,2903"/>
                <TextEquiv>
                    <Unicode>wahr gewesen!“ Eine Entlarvung der angeblichen frei¬</Unicode>
                </TextEquiv>
            </TextLine>
            <TextLine id="r1l102" custom="readingOrder {index:101;}">
                <Coords points="562,2965 1604,2943 1603,2904 1404,2893 561,2920"/>
                <Baseline points="575,2950 625,2949 676,2949 727,2949 778,2949 828,2949 879,2948 930,2948 981,2947 1031,2947 1082,2947 1133,2946 1184,2945 1234,2944 1285,2943 1336,2943 1387,2941 1437,2940 1488,2938 1539,2936 1590,2934"/>
                <TextEquiv>
                    <Unicode>uns der Verfasser schuldig. Er bleibt uns auch die</Unicode>
                </TextEquiv>
            </TextLine>
            <TextLine id="r1l103" custom="readingOrder {index:102;}">
                <Coords points="1618,2972 2610,2979 2681,2967 2679,2888 1617,2941"/>
                <Baseline points="1630,2971 1681,2969 1733,2966 1785,2963 1837,2962 1889,2961 1940,2960 1992,2959 2044,2958 2096,2958 2148,2957 2199,2957 2251,2956 2303,2956 2355,2955 2407,2954 2458,2953 2510,2951 2562,2949 2614,2946 2666,2943"/>
                <TextEquiv>
                    <Unicode>mütigen Kameradschaft in der Ehe, das also ist</Unicode>
                </TextEquiv>
            </TextLine>
            <TextLine id="r1l104" custom="readingOrder {index:103;}">
                <Coords points="562,2995 1581,2988 1603,2943 561,2967"/>
                <Baseline points="575,2990 625,2990 676,2990 727,2990 778,2990 828,2990 879,2990 930,2989 981,2989 1031,2989 1082,2988 1133,2987 1184,2986 1234,2985 1285,2984 1336,2983 1387,2981 1437,2979 1488,2977 1539,2976 1590,2974"/>
                <TextEquiv>
                    <Unicode>wirkliche, überzeugende Motivierung für die Geschehnisse</Unicode>
                </TextEquiv>
            </TextLine>
            <TextLine id="r1l105" custom="readingOrder {index:104;}">
                <Coords points="1615,3024 1662,3034 1703,3004 1748,3022 1790,3006 1945,3019 1944,2959 1904,2959 1894,2970 1823,2961 1808,2974 1700,2984 1687,2973 1648,2982 1614,2972"/>
                <Baseline points="1628,3006 1653,3007 1678,3007 1704,3007 1729,3006 1754,3005 1780,3004 1805,3003 1830,3002 1856,3002 1881,3003 1906,3004 1932,3006"/>
                <TextEquiv>
                    <Unicode>das neue Stück!</Unicode>
                </TextEquiv>
            </TextLine>
            <TextLine id="r1l106" custom="readingOrder {index:105;}">
                <Coords points="563,3051 1613,3024 1612,2982 562,2996"/>
                <Baseline points="575,3032 626,3032 677,3032 728,3032 780,3031 831,3031 882,3031 933,3030 985,3030 1036,3029 1087,3028 1138,3027 1190,3026 1241,3025 1292,3023 1343,3022 1395,3020 1446,3018 1497,3017 1548,3014 1600,3012"/>
                <TextEquiv>
                    <Unicode>schuldig, und auf die Kreditseite seines Kontos kann</Unicode>
                </TextEquiv>
            </TextLine>
            <TextLine id="r1l107" custom="readingOrder {index:106;}">
                <Coords points="1662,3035 1783,3068 1890,3044 2045,3067 2107,3033 2191,3055 2261,3024 2613,3036 2675,3026 2674,2964 1661,3014"/>
                <Baseline points="1676,3045 1725,3045 1774,3044 1823,3043 1873,3042 1922,3041 1971,3040 2020,3040 2070,3038 2119,3037 2168,3036 2217,3035 2267,3033 2316,3032 2365,3031 2414,3029 2464,3027 2513,3025 2562,3023 2611,3021 2661,3019"/>
                <TextEquiv>
                    <Unicode>So lange Schnitzler seinem Zweck geradewegs</Unicode>
                </TextEquiv>
            </TextLine>
            <TextLine id="r1l108" custom="readingOrder {index:107;}">
                <Coords points="563,3075 781,3102 1032,3073 1535,3087 1623,3067 1623,3022 562,3051"/>
                <Baseline points="575,3074 626,3074 678,3073 730,3073 781,3073 833,3072 885,3072 936,3071 988,3070 1040,3070 1092,3069 1143,3068 1195,3067 1247,3066 1298,3064 1350,3063 1402,3061 1453,3059 1505,3057 1557,3055 1609,3053"/>
                <TextEquiv>
                    <Unicode>man eigentlich nur eine Reihe gelungener Witzworte</Unicode>
                </TextEquiv>
            </TextLine>
            <TextLine id="r1l109" custom="readingOrder {index:108;}">
                <Coords points="1955,3092 2136,3102 2169,3074 2230,3101 2266,3076 2413,3085 2496,3058 2565,3088 2675,3074 2673,3027 2430,3037 2408,3019 2354,3050 2262,3024 2202,3052 1954,3058"/>
                <Baseline points="1968,3079 2002,3080 2037,3080 2071,3081 2106,3081 2141,3081 2175,3080 2210,3080 2245,3079 2279,3078 2314,3077 2349,3076 2383,3074 2418,3073 2453,3071 2487,3069 2522,3067 2557,3065 2591,3063 2626,3060 2661,3058"/>
                <TextEquiv>
                    <Unicode>er zwar nicht unsere tiefere</Unicode>
                </TextEquiv>
            </TextLine>
            <TextLine id="r1l110" custom="readingOrder {index:109;}">
                <Coords points="1821,3084 1836,3083 1850,3096 1858,3096 1868,3088 1873,3091 1884,3088 1892,3096 1897,3093 1928,3095 1928,3058 1909,3058 1891,3046 1875,3054 1846,3052 1844,3055 1838,3049 1820,3050"/>
                <Baseline points="1835,3085 1861,3083 1888,3083 1915,3083"/>
                <TextEquiv>
                    <Unicode>hat</Unicode>
                </TextEquiv>
            </TextLine>
            <TextLine id="r1l111" custom="readingOrder {index:110;}">
                <Coords points="1615,3102 1636,3104 1662,3095 1670,3102 1689,3101 1696,3093 1709,3100 1738,3094 1775,3103 1772,3040 1759,3040 1744,3052 1726,3050 1713,3061 1686,3044 1613,3047"/>
                <Baseline points="1627,3095 1654,3089 1681,3086 1708,3085 1735,3086 1762,3088"/>
                <TextEquiv>
                    <Unicode>zustrebt,</Unicode>
                </TextEquiv>
            </TextLine>
            <TextLine id="r1l112" custom="readingOrder {index:111;}">
                <Coords points="563,3145 581,3147 601,3133 635,3131 650,3117 698,3120 695,3080 656,3077 635,3086 619,3077 614,3082 609,3077 582,3076 575,3084 559,3085"/>
                <Baseline points="573,3119 601,3117 629,3115 657,3114 685,3113"/>
                <TextEquiv>
                    <Unicode>setzen.</Unicode>
                </TextEquiv>
            </TextLine>
            <TextLine id="r1l113" custom="readingOrder {index:112;}">
                <Coords points="1755,3131 2669,3115 2668,3076 2497,3062 2223,3099 2162,3074 2045,3101 1753,3065"/>
                <Baseline points="1769,3125 1813,3126 1857,3126 1902,3126 1946,3126 1990,3125 2035,3124 2079,3123 2123,3122 2168,3120 2212,3119 2256,3117 2301,3115 2345,3114 2389,3112 2434,3111 2478,3109 2522,3108 2567,3106 2611,3105 2656,3104"/>
                <TextEquiv>
                    <Unicode>Anteilnahme, zu der kommt es bei der</Unicode>
                </TextEquiv>
            </TextLine>
            <TextLine id="r1l114" custom="readingOrder {index:113;}">
                <Coords points="1618,3135 1644,3142 1649,3137 1670,3136 1691,3136 1699,3141 1725,3132 1741,3145 1757,3145 1755,3095 1729,3098 1724,3093 1716,3099 1703,3099 1695,3091 1677,3100 1653,3097 1617,3104"/>
                <Baseline points="1631,3131 1659,3130 1687,3128 1715,3128 1743,3129"/>
                <TextEquiv>
                    <Unicode>innere</Unicode>
                </TextEquiv>
            </TextLine>
            <TextLine id="r1l115" custom="readingOrder {index:114;}">
                <Coords points="614,3158 1562,3153 1603,3142 1602,3077 1383,3104 1325,3074 1108,3115 817,3096 613,3132"/>
                <Baseline points="627,3149 675,3150 723,3151 771,3152 819,3152 867,3151 915,3151 964,3150 1012,3149 1060,3148 1108,3147 1156,3146 1204,3144 1252,3142 1301,3141 1349,3140 1397,3139 1445,3138 1493,3137 1541,3137 1590,3137"/>
                <TextEquiv>
                    <Unicode>Die Aufführung unter Grubes feinsinniger</Unicode>
                </TextEquiv>
            </TextLine>
            <TextLine id="r1l116" custom="readingOrder {index:115;}">
                <Coords points="2259,3157 2311,3168 2413,3157 2456,3181 2505,3148 2652,3167 2670,3164 2668,3098 2613,3116 2568,3099 2548,3115 2425,3120 2393,3100 2375,3119 2336,3128 2307,3116 2258,3138"/>
                <Baseline points="2271,3158 2296,3157 2322,3157 2348,3156 2373,3155 2399,3154 2425,3153 2451,3152 2476,3151 2502,3149 2528,3148 2554,3148 2579,3147 2605,3147 2631,3147 2657,3147"/>
                <TextEquiv>
                    <Unicode>Handlung nicht,</Unicode>
                </TextEquiv>
            </TextLine>
            <TextLine id="r1l117" custom="readingOrder {index:116;}">
                <Coords points="1777,3169 1884,3185 1981,3165 2023,3183 2062,3161 2154,3162 2199,3179 2253,3165 2252,3121 2114,3118 2080,3140 2046,3125 1776,3130"/>
                <Baseline points="1789,3163 1814,3164 1839,3165 1864,3166 1889,3166 1914,3166 1939,3166 1964,3165 1989,3165 2015,3164 2040,3163 2065,3162 2090,3162 2115,3161 2140,3160 2165,3159 2190,3158 2215,3158 2241,3157"/>
                <TextEquiv>
                    <Unicode>konstruierten kleinen</Unicode>
                </TextEquiv>
            </TextLine>
            <TextLine id="r1l118" custom="readingOrder {index:117;}">
                <Coords points="1623,3184 1660,3174 1673,3179 1678,3176 1683,3181 1697,3181 1702,3175 1707,3181 1720,3183 1741,3171 1754,3171 1752,3134 1734,3138 1723,3133 1713,3138 1700,3134 1666,3138 1653,3135 1645,3141 1622,3142"/>
                <Baseline points="1635,3171 1661,3170 1688,3169 1714,3168 1741,3167"/>
                <TextEquiv>
                    <Unicode>etwas</Unicode>
                </TextEquiv>
            </TextLine>
            <TextLine id="r1l119" custom="readingOrder {index:118;}">
                <Coords points="554,3199 1604,3187 1603,3142 1556,3138 553,3157"/>
                <Baseline points="567,3196 618,3197 669,3198 720,3198 772,3198 823,3197 874,3196 925,3195 977,3194 1028,3193 1079,3191 1130,3190 1182,3188 1233,3186 1284,3185 1335,3183 1387,3182 1438,3181 1489,3180 1540,3180 1592,3180"/>
                <TextEquiv>
                    <Unicode>Regie war vortresslich bis auf — Matkowsky.</Unicode>
                </TextEquiv>
            </TextLine>
            <TextLine id="r1l120" custom="readingOrder {index:119;}">
                <Coords points="1611,3209 2397,3215 2661,3198 2681,3158 1610,3190"/>
                <Baseline points="1625,3210 1677,3209 1729,3209 1781,3208 1833,3208 1886,3207 1938,3207 1990,3206 2042,3205 2094,3204 2147,3203 2199,3202 2251,3201 2303,3200 2355,3198 2408,3196 2460,3194 2512,3192 2564,3190 2616,3187 2669,3184"/>
                <TextEquiv>
                    <Unicode>aber doch unser willig folgendes Interesse.</Unicode>
                </TextEquiv>
            </TextLine>
            <TextLine id="r1l121" custom="readingOrder {index:120;}">
                <Coords points="556,3266 720,3231 1616,3229 1615,3185 1545,3181 555,3200"/>
                <Baseline points="569,3235 620,3237 672,3238 723,3239 775,3239 827,3239 878,3238 930,3238 982,3237 1033,3235 1085,3234 1137,3233 1188,3231 1240,3230 1292,3228 1343,3226 1395,3225 1447,3224 1498,3222 1550,3221 1602,3221"/>
                <TextEquiv>
                    <Unicode>Seiner impulsiven Feuernatur lag der „Graf“ ganz</Unicode>
                </TextEquiv>
            </TextLine>
            <TextLine id="r1l122" custom="readingOrder {index:121;}">
                <Coords points="1615,3258 2670,3234 2643,3192 1614,3211"/>
                <Baseline points="1627,3255 1678,3254 1730,3253 1781,3252 1833,3251 1884,3250 1936,3249 1987,3248 2039,3246 2090,3246 2142,3245 2193,3243 2245,3242 2296,3241 2348,3240 2399,3238 2451,3237 2502,3236 2554,3234 2605,3232 2657,3231"/>
                <TextEquiv>
                    <Unicode>Im Schlußakt verscherzt Schnitzler auch dieses</Unicode>
                </TextEquiv>
            </TextLine>
            <TextLine id="r1l123" custom="readingOrder {index:122;}">
                <Coords points="564,3287 1609,3270 1607,3217 563,3245"/>
                <Baseline points="577,3280 627,3281 678,3281 729,3281 780,3281 831,3280 882,3280 933,3278 984,3278 1035,3276 1086,3275 1136,3273 1187,3272 1238,3270 1289,3268 1340,3267 1391,3265 1442,3263 1493,3262 1544,3260 1595,3259"/>
                <TextEquiv>
                    <Unicode>und gar nicht, und in seiner Darstellung wurde die</Unicode>
                </TextEquiv>
            </TextLine>
            <TextLine id="r1l124" custom="readingOrder {index:123;}">
                <Coords points="1623,3302 2681,3279 2653,3222 1622,3266"/>
                <Baseline points="1637,3296 1688,3295 1739,3294 1791,3293 1842,3292 1894,3291 1945,3290 1997,3289 2048,3287 2100,3286 2151,3285 2202,3284 2254,3282 2305,3281 2357,3279 2408,3278 2460,3276 2511,3274 2563,3272 2614,3270 2666,3268"/>
                <TextEquiv>
                    <Unicode>Interesse mitunter, wenn er Verlegenheits=Szenen und</Unicode>
                </TextEquiv>
            </TextLine>
            <TextLine id="r1l125" custom="readingOrder {index:124;}">
                <Coords points="571,3331 1616,3306 1615,3267 1554,3260 570,3289"/>
                <Baseline points="585,3322 635,3322 686,3321 737,3320 788,3320 839,3319 890,3318 941,3317 992,3316 1043,3315 1094,3314 1144,3313 1195,3311 1246,3310 1297,3309 1348,3307 1399,3305 1450,3303 1501,3301 1552,3299 1603,3297"/>
                <TextEquiv>
                    <Unicode>Figur erst recht unverständlich, wie er selbst es übri¬</Unicode>
                </TextEquiv>
            </TextLine>
            <TextLine id="r1l126" custom="readingOrder {index:125;}">
                <Coords points="1615,3343 2400,3311 2668,3336 2682,3271 1614,3304"/>
                <Baseline points="1629,3334 1681,3334 1733,3333 1785,3332 1837,3332 1889,3331 1941,3330 1993,3329 2045,3328 2097,3327 2150,3326 2202,3325 2254,3324 2306,3322 2358,3321 2410,3319 2462,3317 2514,3315 2566,3313 2618,3311 2671,3308"/>
                <TextEquiv>
                    <Unicode>erkünstelte Situationen einschaltet. Der Anbeter der</Unicode>
                </TextEquiv>
            </TextLine>
            <TextLine id="r1l127" custom="readingOrder {index:126;}">
                <Coords points="576,3374 806,3383 984,3342 1565,3356 1612,3347 1611,3302 575,3330"/>
                <Baseline points="589,3363 639,3363 689,3362 740,3361 790,3360 841,3360 891,3359 942,3357 992,3356 1043,3355 1093,3354 1143,3353 1194,3352 1244,3350 1295,3349 1345,3348 1396,3347 1446,3346 1497,3344 1547,3344 1598,3343"/>
                <TextEquiv>
                    <Unicode>gens zumeist war. Er spielte mit einer gewissen</Unicode>
                </TextEquiv>
            </TextLine>
            <TextLine id="r1l128" custom="readingOrder {index:127;}">
                <Coords points="1616,3382 2671,3349 2670,3312 1615,3342"/>
                <Baseline points="1629,3377 1680,3377 1732,3376 1783,3375 1835,3374 1886,3373 1938,3372 1989,3371 2041,3370 2092,3369 2144,3367 2195,3366 2247,3364 2298,3363 2350,3361 2401,3359 2453,3358 2504,3356 2556,3354 2607,3353 2659,3351"/>
                <TextEquiv>
                    <Unicode>Frau, der zum Gatten kommt, um von ihm die Hand</Unicode>
                </TextEquiv>
            </TextLine>
            <TextLine id="r1l129" custom="readingOrder {index:128;}">
                <Coords points="578,3409 1107,3384 1398,3407 1620,3389 1619,3350 577,3372"/>
                <Baseline points="591,3403 641,3403 692,3403 743,3402 794,3402 844,3401 895,3400 946,3399 997,3398 1047,3397 1098,3395 1149,3394 1200,3393 1250,3392 1301,3390 1352,3389 1403,3388 1453,3387 1504,3385 1555,3385 1606,3384"/>
                <TextEquiv>
                    <Unicode>Müdigkeit, und von der faszinierenden, suggestiven</Unicode>
                </TextEquiv>
            </TextLine>
            <TextLine id="r1l130" custom="readingOrder {index:129;}">
                <Coords points="574,3464 2623,3407 2677,3351 572,3409"/>
                <Baseline points="586,3448 690,3446 794,3443 898,3441 1002,3438 1106,3435 1210,3432 1314,3429 1418,3427 1522,3423 1626,3421 1730,3418 1834,3415 1938,3412 2042,3409 2146,3407 2250,3405 2354,3402 2458,3399 2562,3397 2666,3395"/>
                <TextEquiv>
                    <Unicode>Wirkung, die der Graf auf Gerda ausübt, war nichts seiner Gattin zu erbitten, ist eine französische an¬</Unicode>
                </TextEquiv>
            </TextLine>
            <TextLine id="r1l131" custom="readingOrder {index:130;}">
                <Coords points="1616,3468 2655,3451 2675,3390 1615,3434"/>
                <Baseline points="1629,3461 1680,3460 1732,3459 1783,3458 1835,3457 1887,3456 1938,3455 1990,3453 2042,3452 2093,3451 2145,3450 2197,3448 2248,3447 2300,3446 2352,3445 2403,3443 2455,3441 2507,3439 2558,3437 2610,3435 2662,3433"/>
                <TextEquiv>
                    <Unicode>mutende Schwankidee, die nicht organisch in das</Unicode>
                </TextEquiv>
            </TextLine>
            <TextLine id="r1l132" custom="readingOrder {index:131;}">
                <Coords points="1486,3469 1507,3465 1515,3470 1526,3467 1531,3472 1549,3468 1560,3475 1576,3475 1591,3468 1618,3472 1615,3430 1592,3426 1569,3438 1552,3429 1539,3429 1527,3438 1511,3442 1503,3439 1498,3445 1485,3446"/>
                <Baseline points="1499,3469 1525,3467 1552,3465 1578,3464 1605,3463"/>
                <TextEquiv>
                    <Unicode>Frl.</Unicode>
                </TextEquiv>
            </TextLine>
            <TextLine id="r1l133" custom="readingOrder {index:132;}">
                <Coords points="1204,3475 1228,3472 1254,3490 1291,3476 1319,3484 1353,3465 1406,3482 1471,3476 1497,3470 1497,3431 1429,3443 1313,3431 1204,3446"/>
                <Baseline points="1216,3470 1242,3470 1269,3470 1296,3471 1323,3471 1350,3470 1377,3470 1404,3469 1431,3468 1458,3467 1485,3465"/>
                <TextEquiv>
                    <Unicode>wurde von</Unicode>
                </TextEquiv>
            </TextLine>
            <TextLine id="r1l134" custom="readingOrder {index:133;}">
                <Coords points="887,3486 999,3490 1025,3476 1094,3496 1120,3480 1214,3476 1214,3450 1124,3441 1111,3430 1098,3441 1030,3439 996,3461 928,3438 886,3444"/>
                <Baseline points="901,3477 926,3477 951,3477 976,3477 1001,3476 1026,3476 1051,3475 1076,3474 1101,3473 1126,3473 1151,3473 1176,3474 1202,3476"/>
                <TextEquiv>
                    <Unicode>Die Gerda</Unicode>
                </TextEquiv>
            </TextLine>
            <TextLine id="r1l135" custom="readingOrder {index:134;}">
                <Coords points="834,3486 847,3484 851,3478 859,3474 862,3477 872,3478 877,3474 885,3476 901,3473 897,3445 881,3447 871,3454 866,3449 849,3447 829,3452"/>
                <Baseline points="848,3485 888,3479"/>
                <TextEquiv>
                    <Unicode>S</Unicode>
                </TextEquiv>
            </TextLine>
            <TextLine id="r1l136" custom="readingOrder {index:135;}">
                <Coords points="673,3488 686,3488 694,3496 707,3488 723,3499 739,3491 757,3498 768,3491 788,3498 802,3490 846,3485 846,3456 817,3462 809,3454 770,3446 752,3457 733,3459 699,3446 686,3457 673,3457"/>
                <Baseline points="687,3484 716,3485 745,3486 775,3486 804,3485 834,3483"/>
                <TextEquiv>
                    <Unicode>spuren.</Unicode>
                </TextEquiv>
            </TextLine>
            <TextLine id="r1l137" custom="readingOrder {index:136;}">
                <Coords points="573,3497 587,3497 589,3500 597,3491 605,3499 613,3491 634,3493 649,3477 662,3476 661,3453 640,3453 638,3456 617,3454 614,3457 606,3452 598,3455 585,3442 572,3442"/>
                <Baseline points="585,3489 617,3487 649,3487"/>
                <TextEquiv>
                    <Unicode>zu</Unicode>
                </TextEquiv>
            </TextLine>
            <TextLine id="r1l138" custom="readingOrder {index:137;}">
                <Coords points="1614,3504 2455,3502 2679,3475 2679,3444 1613,3481"/>
                <Baseline points="1628,3504 1682,3501 1737,3498 1792,3497 1846,3495 1901,3494 1956,3493 2010,3492 2065,3492 2120,3491 2174,3491 2229,3490 2284,3489 2338,3487 2393,3486 2448,3484 2502,3481 2557,3478 2612,3474 2667,3469"/>
                <TextEquiv>
                    <Unicode>Werk gehört und der willige Rückzug dieses sonder¬</Unicode>
                </TextEquiv>
            </TextLine>
            <TextLine id="r1l139" custom="readingOrder {index:138;}">
                <Coords points="562,3528 1622,3512 1621,3470 1548,3466 836,3499 561,3470"/>
                <Baseline points="574,3526 625,3526 677,3525 729,3524 781,3524 833,3523 884,3522 936,3521 988,3520 1040,3519 1092,3518 1143,3516 1195,3515 1247,3514 1299,3513 1351,3512 1402,3511 1454,3510 1506,3509 1558,3508 1610,3508"/>
                <TextEquiv>
                    <Unicode>[Eschborn innig und einfach verkörpert; Frl.</Unicode>
                </TextEquiv>
            </TextLine>
            <TextLine id="r1l140" custom="readingOrder {index:139;}">
                <Coords points="1622,3542 2678,3530 2655,3473 1621,3505"/>
                <Baseline points="1636,3542 1687,3541 1738,3540 1790,3539 1841,3539 1893,3538 1944,3537 1995,3536 2047,3535 2098,3533 2150,3532 2201,3531 2252,3529 2304,3528 2355,3527 2407,3525 2458,3524 2509,3522 2561,3521 2612,3519 2664,3518"/>
                <TextEquiv>
                    <Unicode>baren Werbers gibt dem Stück fast etwas ungewollt</Unicode>
                </TextEquiv>
            </TextLine>
            <TextLine id="r1l141" custom="readingOrder {index:140;}">
                <Coords points="558,3602 701,3564 1623,3551 1622,3514 1501,3507 622,3548 556,3523"/>
                <Baseline points="571,3574 623,3571 675,3569 727,3566 779,3565 831,3564 883,3563 935,3562 987,3561 1039,3560 1091,3560 1143,3559 1195,3558 1247,3557 1299,3556 1351,3555 1403,3553 1455,3551 1507,3549 1559,3546 1611,3543"/>
                <TextEquiv>
                    <Unicode>[von Mayburg war ausgezeichnet als die</Unicode>
                </TextEquiv>
            </TextLine>
            <TextLine id="r1l142" custom="readingOrder {index:141;}">
                <Coords points="1620,3588 2683,3561 2682,3516 1619,3541"/>
                <Baseline points="1634,3584 1685,3583 1737,3583 1789,3582 1841,3581 1893,3580 1944,3579 1996,3578 2048,3576 2100,3575 2152,3573 2203,3572 2255,3571 2307,3569 2359,3568 2411,3567 2462,3566 2514,3565 2566,3564 2618,3563 2670,3562"/>
                <TextEquiv>
                    <Unicode>Komisches. Prächtige Einfälle, feingeschliffene Pointen</Unicode>
                </TextEquiv>
            </TextLine>
            <TextLine id="r1l143" custom="readingOrder {index:142;}">
                <Coords points="564,3644 929,3588 1037,3622 1382,3585 1521,3606 1623,3593 1622,3551 562,3589"/>
                <Baseline points="575,3619 626,3615 678,3611 730,3608 781,3606 833,3604 885,3602 936,3601 988,3601 1040,3600 1092,3600 1143,3599 1195,3599 1247,3598 1298,3598 1350,3597 1402,3595 1453,3594 1505,3591 1557,3588 1609,3585"/>
                <TextEquiv>
                    <Unicode>„philosophierende“ Frau Fernow, Herr Böttcher</Unicode>
                </TextEquiv>
            </TextLine>
            <TextLine id="r1l144" custom="readingOrder {index:143;}">
                <Coords points="1620,3625 2354,3632 2688,3597 2666,3558 1619,3588"/>
                <Baseline points="1633,3625 1685,3624 1737,3623 1789,3622 1841,3622 1893,3620 1945,3619 1997,3618 2049,3616 2101,3615 2153,3614 2205,3613 2257,3611 2309,3610 2361,3608 2413,3606 2465,3604 2517,3603 2569,3601 2621,3600 2674,3598"/>
                <TextEquiv>
                    <Unicode>erzwingen sich auch hier ihre Wirkung. Neben treff¬</Unicode>
                </TextEquiv>
            </TextLine>
            <TextLine id="r1l145" custom="readingOrder {index:144;}">
                <Coords points="1515,3663 1539,3658 1542,3661 1561,3638 1576,3639 1594,3632 1608,3642 1620,3630 1633,3629 1630,3590 1612,3591 1599,3598 1547,3597 1538,3592 1523,3602 1510,3603"/>
                <Baseline points="1525,3635 1556,3632 1587,3629 1619,3627"/>
                <TextEquiv>
                    <Unicode>Herr</Unicode>
                </TextEquiv>
            </TextLine>
            <TextLine id="r1l146" custom="readingOrder {index:145;}">
                <Coords points="1129,3645 1216,3657 1289,3635 1310,3650 1478,3646 1477,3609 1391,3600 1380,3589 1333,3608 1309,3598 1294,3614 1210,3599 1129,3616"/>
                <Baseline points="1143,3637 1169,3637 1196,3638 1223,3638 1250,3638 1277,3638 1304,3638 1330,3637 1357,3637 1384,3636 1411,3635 1438,3634 1465,3633"/>
                <TextEquiv>
                    <Unicode>bester Haltung,</Unicode>
                </TextEquiv>
            </TextLine>
            <TextLine id="r1l147" custom="readingOrder {index:146;}">
                <Coords points="568,3652 781,3670 877,3641 959,3657 1055,3636 1134,3645 1133,3605 978,3612 923,3595 887,3617 638,3614 568,3634"/>
                <Baseline points="582,3656 608,3655 635,3653 662,3653 689,3652 716,3650 743,3650 770,3649 797,3648 824,3648 851,3647 877,3646 904,3645 931,3645 958,3644 985,3643 1012,3643 1039,3642 1066,3642 1093,3642 1120,3641"/>
                <TextEquiv>
                    <Unicode>vertrat ihren Gatten in</Unicode>
                </TextEquiv>
            </TextLine>
            <TextLine id="r1l148" custom="readingOrder {index:147;}">
                <Coords points="571,3710 2681,3647 2661,3598 570,3658"/>
                <Baseline points="583,3693 687,3692 791,3691 895,3689 1000,3687 1104,3684 1208,3681 1313,3679 1417,3675 1521,3672 1626,3669 1730,3666 1834,3663 1938,3660 2043,3657 2147,3654 2251,3651 2356,3649 2460,3648 2564,3646 2669,3645"/>
                <TextEquiv>
                    <Unicode>Keßler und Nuscha Butze ragten durch dielichen Vemerkungen, die uns den kritischen, den</Unicode>
                </TextEquiv>
            </TextLine>
            <TextLine id="r1l149" custom="readingOrder {index:148;}">
                <Coords points="579,3744 2684,3684 578,3707"/>
                <Baseline points="591,3735 695,3734 799,3732 903,3730 1007,3728 1111,3725 1215,3722 1319,3719 1423,3717 1527,3713 1631,3710 1735,3707 1839,3704 1943,3701 2047,3698 2151,3696 2255,3693 2359,3691 2463,3689 2567,3688 2671,3687"/>
                <TextEquiv>
                    <Unicode>lebendige Wiedergabe des kommerzienrätlichen Ehe=philosophischen Kopf zeigen, neben Bemerkungen,</Unicode>
                </TextEquiv>
            </TextLine>
            <TextLine id="r1l150" custom="readingOrder {index:149;}">
                <Coords points="576,3775 2676,3730 576,3743"/>
                <Baseline points="589,3780 692,3777 796,3775 900,3773 1004,3770 1107,3767 1211,3764 1315,3761 1419,3758 1522,3756 1626,3753 1730,3750 1834,3746 1937,3744 2041,3740 2145,3737 2249,3735 2352,3732 2456,3729 2560,3726 2664,3724"/>
                <TextEquiv>
                    <Unicode>paares hervor, Grube bot eine kostbare Type als wie etwa: „Man kommt aus einem unerlaubten</Unicode>
                </TextEquiv>
            </TextLine>
            <TextLine id="r1l151" custom="readingOrder {index:150;}">
                <Coords points="1625,3800 2670,3782 2685,3740 1624,3752"/>
                <Baseline points="1637,3786 1688,3786 1740,3786 1792,3786 1844,3785 1895,3785 1947,3784 1999,3783 2051,3782 2102,3782 2154,3780 2206,3779 2258,3777 2309,3776 2361,3775 2413,3773 2465,3772 2516,3770 2568,3768 2620,3766 2672,3765"/>
                <TextEquiv>
                    <Unicode>[Abenteuer eher moralisch heil wieder nach Hause</Unicode>
                </TextEquiv>
            </TextLine>
            <TextLine id="r1l152" custom="readingOrder {index:151;}">
                <Coords points="584,3817 1626,3799 1625,3755 584,3785"/>
                <Baseline points="597,3818 647,3817 698,3815 749,3814 800,3813 850,3812 901,3811 952,3810 1003,3810 1053,3809 1104,3808 1155,3807 1206,3806 1256,3805 1307,3804 1358,3803 1409,3801 1459,3799 1510,3797 1561,3795 1612,3792"/>
                <TextEquiv>
                    <Unicode>Polizeirat, und die Herren Kraußneck, Hertzer</Unicode>
                </TextEquiv>
            </TextLine>
            <TextLine id="r1l153" custom="readingOrder {index:152;}">
                <Coords points="1626,3837 2289,3840 2358,3799 2679,3820 2677,3773 2544,3768 1625,3800"/>
                <Baseline points="1638,3833 1689,3831 1740,3830 1792,3829 1843,3827 1894,3826 1946,3824 1997,3823 2048,3821 2100,3820 2151,3819 2202,3818 2254,3817 2305,3816 2356,3815 2408,3814 2459,3813 2510,3812 2562,3811 2613,3810 2665,3809"/>
                <TextEquiv>
                    <Unicode>als mit einem unerlaubten Wunsch“ neben solchen</Unicode>
                </TextEquiv>
            </TextLine>
            <TextLine id="r1l154" custom="readingOrder {index:153;}">
                <Coords points="590,3866 1627,3841 1626,3799 1408,3786 589,3817"/>
                <Baseline points="604,3859 654,3857 705,3856 755,3854 806,3853 856,3852 907,3851 957,3850 1008,3849 1058,3848 1109,3847 1159,3846 1210,3845 1260,3844 1311,3843 1361,3842 1412,3841 1462,3840 1513,3838 1563,3836 1614,3834"/>
                <TextEquiv>
                    <Unicode>und E. Arndt, denen kleinere Aufgaben zugefallen</Unicode>
                </TextEquiv>
            </TextLine>
            <TextLine id="r1l155" custom="readingOrder {index:154;}">
                <Coords points="1629,3877 2689,3856 2667,3812 2373,3798 1628,3835"/>
                <Baseline points="1641,3871 1692,3870 1744,3870 1796,3870 1847,3869 1899,3868 1951,3867 2002,3866 2054,3865 2106,3864 2158,3863 2209,3861 2261,3860 2313,3858 2364,3857 2416,3856 2468,3854 2519,3853 2571,3852 2623,3851 2675,3850"/>
                <TextEquiv>
                    <Unicode>Bemertungen erzwingen sich auch gröbere Scherze im</Unicode>
                </TextEquiv>
            </TextLine>
            <TextLine id="r1l156" custom="readingOrder {index:155;}">
                <Coords points="590,3906 1595,3890 1620,3844 589,3867"/>
                <Baseline points="602,3902 652,3900 702,3899 752,3897 803,3896 853,3895 903,3894 954,3893 1004,3892 1054,3891 1105,3890 1155,3889 1205,3888 1255,3887 1306,3886 1356,3885 1406,3884 1457,3883 1507,3881 1557,3880 1608,3878"/>
                <TextEquiv>
                    <Unicode>waren, setzten gleichsalls ihr ganzes Können ein. Die</Unicode>
                </TextEquiv>
            </TextLine>
            <TextLine id="r1l157" custom="readingOrder {index:156;}">
                <Coords points="1626,3916 2514,3909 2679,3898 2680,3856 1625,3879"/>
                <Baseline points="1639,3914 1690,3913 1741,3912 1793,3910 1844,3909 1896,3909 1947,3908 1999,3907 2050,3906 2102,3905 2153,3904 2204,3903 2256,3901 2307,3900 2359,3899 2410,3898 2462,3896 2513,3895 2565,3893 2616,3891 2668,3890"/>
                <TextEquiv>
                    <Unicode>Anekdoten= und Witzblatt=Stil ihren Eindruck. Am</Unicode>
                </TextEquiv>
            </TextLine>
            <TextLine id="r1l158" custom="readingOrder {index:157;}">
                <Coords points="591,3948 1594,3931 1628,3927 1627,3880 590,3904"/>
                <Baseline points="603,3937 653,3937 704,3937 754,3937 805,3937 856,3937 906,3936 957,3935 1007,3935 1058,3934 1109,3933 1159,3932 1210,3931 1260,3929 1311,3928 1362,3926 1412,3924 1463,3923 1513,3920 1564,3919 1615,3917"/>
                <TextEquiv>
                    <Unicode>dekorative Einrichtung war vornehm und von erlesenem</Unicode>
                </TextEquiv>
            </TextLine>
            <TextLine id="r1l159" custom="readingOrder {index:158;}">
                <Coords points="1625,3955 2652,3944 2688,3938 2687,3891 1624,3914"/>
                <Baseline points="1639,3953 1690,3953 1742,3953 1794,3952 1846,3952 1898,3951 1949,3950 2001,3949 2053,3948 2105,3946 2157,3945 2208,3944 2260,3942 2312,3941 2364,3939 2416,3937 2467,3936 2519,3934 2571,3933 2623,3932 2675,3930"/>
                <TextEquiv>
                    <Unicode>stärksten vielleicht wirkte es, als Amadeus seinem</Unicode>
                </TextEquiv>
            </TextLine>
            <TextLine id="r1l160" custom="readingOrder {index:159;}">
                <Coords points="592,3981 1174,3996 1527,3964 1566,3989 1619,3972 1618,3930 591,3949"/>
                <Baseline points="606,3978 656,3978 706,3978 756,3978 806,3977 856,3977 906,3976 956,3976 1006,3975 1056,3974 1106,3973 1156,3972 1206,3971 1256,3970 1306,3969 1356,3967 1406,3966 1456,3965 1506,3963 1556,3962 1606,3960"/>
                <TextEquiv>
                    <Unicode>Geschmack — ein prunkender Rahmen für ein minder¬</Unicode>
                </TextEquiv>
            </TextLine>
            <TextLine id="r1l161" custom="readingOrder {index:160;}">
                <Coords points="1618,4022 1806,3989 2689,4001 2687,3936 1616,3954"/>
                <Baseline points="1631,3996 1683,3996 1735,3995 1787,3994 1840,3993 1892,3992 1944,3992 1996,3991 2049,3989 2101,3988 2153,3987 2205,3986 2258,3985 2310,3984 2362,3982 2414,3981 2467,3979 2519,3978 2571,3977 2623,3975 2676,3974"/>
                <TextEquiv>
                    <Unicode>Freunde Rhon, seinem Kartellträger im geplanten</Unicode>
                </TextEquiv>
            </TextLine>
            <TextLine id="r1l162" custom="readingOrder {index:161;}">
                <Coords points="1379,4013 1426,4012 1455,4027 1473,4026 1499,4012 1512,4020 1523,4012 1541,4019 1562,4003 1585,4005 1585,3979 1556,3982 1535,3964 1469,3966 1456,3974 1446,3967 1378,3968"/>
                <Baseline points="1391,4005 1416,4005 1442,4004 1468,4003 1493,4003 1519,4002 1545,4002 1571,4001"/>
                <TextEquiv>
                    <Unicode>N. W.</Unicode>
                </TextEquiv>
            </TextLine>
            <TextLine id="r1l163" custom="readingOrder {index:162;}">
                <Coords points="587,4020 619,4035 681,4029 703,4044 729,4033 747,4046 789,4027 867,4037 993,4019 992,3982 875,3992 848,3974 796,3972 767,3991 623,3993 586,3980"/>
                <Baseline points="600,4018 625,4020 650,4020 676,4021 701,4021 726,4020 752,4019 777,4019 802,4017 828,4017 853,4016 878,4015 904,4015 929,4016 954,4017 980,4018"/>
                <TextEquiv>
                    <Unicode>wertiges Bild ..</Unicode>
                </TextEquiv>
            </TextLine>
            <TextLine id="r1l164" custom="readingOrder {index:163;}">
                <Coords points="1627,4051 2436,4017 2435,3985 2372,3979 1626,4001"/>
                <Baseline points="1641,4039 1680,4038 1719,4035 1758,4035 1797,4034 1836,4033 1875,4032 1914,4031 1953,4030 1992,4030 2032,4029 2071,4029 2110,4028 2149,4027 2188,4026 2227,4024 2266,4023 2305,4021 2344,4019 2383,4017 2423,4013"/>
                <TextEquiv>
                    <Unicode>Zweikampf mit dem Nebenbuhler zuruft:</Unicode>
                </TextEquiv>
            </TextLine>
            <TextLine id="r1l165" custom="readingOrder {index:164;}">
                <Coords points="1687,4097 2072,4069 2381,4085 2530,4055 2529,4002 1686,4052"/>
                <Baseline points="1699,4077 1739,4076 1780,4075 1821,4074 1862,4073 1903,4072 1944,4071 1985,4070 2026,4069 2067,4068 2108,4067 2148,4066 2189,4065 2230,4065 2271,4063 2312,4062 2353,4061 2394,4060 2435,4059 2476,4057 2517,4055"/>
                <TextEquiv>
                    <Unicode>„Er oder ich, einer von uns muß sterben!“</Unicode>
                </TextEquiv>
            </TextLine>
            <TextLine id="r1l166" custom="readingOrder {index:165;}">
                <Coords points="1700,4135 2685,4127 2683,4069 2541,4044 2469,4077 1699,4101"/>
                <Baseline points="1713,4129 1760,4127 1808,4125 1856,4123 1904,4121 1952,4120 2000,4119 2048,4118 2096,4116 2144,4115 2192,4115 2239,4114 2287,4113 2335,4112 2383,4111 2431,4110 2479,4109 2527,4107 2575,4106 2623,4105 2671,4103"/>
                <TextEquiv>
                    <Unicode>„Ach so, Du trachtest ihm nach dem Leben?</Unicode>
                </TextEquiv>
            </TextLine>
            <TextLine id="r1l167" custom="readingOrder {index:166;}">
                <Coords points="635,4126 1641,4116 1640,4069 1597,4052 634,4079"/>
                <Baseline points="647,4125 696,4125 745,4125 794,4124 843,4124 892,4123 941,4122 990,4121 1039,4121 1088,4120 1137,4118 1186,4117 1235,4116 1284,4115 1333,4114 1382,4113 1431,4112 1480,4110 1529,4109 1578,4108 1627,4107"/>
                <TextEquiv>
                    <Unicode>Der Wiener Erfolg von Arthur Schnitzlers</Unicode>
                </TextEquiv>
            </TextLine>
            <TextLine id="r1l168" custom="readingOrder {index:167;}">
                <Coords points="1351,4159 1503,4163 1563,4151 1618,4153 1633,4150 1633,4116 1575,4122 1562,4112 1523,4118 1515,4111 1502,4124 1481,4114 1465,4125 1397,4127 1381,4111 1366,4125 1350,4122"/>
                <Baseline points="1365,4156 1390,4155 1415,4154 1441,4154 1466,4155 1492,4155 1517,4155 1542,4154 1568,4152 1593,4150 1619,4146"/>
                <TextEquiv>
                    <Unicode>im hiesigen</Unicode>
                </TextEquiv>
            </TextLine>
            <TextLine id="r1l169" custom="readingOrder {index:168;}">
                <Coords points="1192,4153 1218,4158 1228,4152 1255,4159 1326,4156 1324,4127 1306,4131 1293,4121 1288,4126 1272,4127 1261,4122 1251,4130 1235,4115 1220,4126 1191,4127"/>
                <Baseline points="1205,4159 1232,4157 1259,4156 1286,4155 1313,4155"/>
                <TextEquiv>
                    <Unicode>gestern</Unicode>
                </TextEquiv>
            </TextLine>
            <TextLine id="r1l170" custom="readingOrder {index:169;}">
                <Coords points="1037,4164 1063,4163 1068,4158 1076,4160 1079,4157 1089,4162 1142,4161 1141,4129 1128,4130 1122,4125 1106,4125 1104,4128 1099,4123 1088,4128 1075,4121 1060,4132 1052,4129 1036,4133"/>
                <Baseline points="1050,4160 1076,4160 1102,4159 1128,4158"/>
                <TextEquiv>
                    <Unicode>hat</Unicode>
                </TextEquiv>
            </TextLine>
            <TextLine id="r1l171" custom="readingOrder {index:170;}">
                <Coords points="672,4167 863,4155 983,4161 1012,4152 1011,4121 941,4133 914,4115 810,4136 752,4121 736,4132 671,4133"/>
                <Baseline points="685,4164 711,4163 737,4163 763,4162 789,4162 815,4161 842,4161 868,4161 894,4160 920,4160 946,4159 972,4158 999,4156"/>
                <TextEquiv>
                    <Unicode>wischensviel“</Unicode>
                </TextEquiv>
            </TextLine>
            <TextEquiv>
                <Unicode>box 25/2
20. Zuischensniel
Ariner Borien=Gbueier A.333.
Sonntag, 26. November 1905.
Untersuchung des Schmuckdiebstahls betraute Polizei=sumfaßt, sondern daß jedes kluge Wort, jede fein¬
zugespitzte Wendung, aus dem eigentlichen Wesen der
rat zugegen ist, und schüttet Gerda sein Herz aus.
Personen und ihrer inneren Erlebnisse entspringt.
Das junge Ding ist selbstverständlich begeistert
Das pariserisch=äußerliche Cyprienne=Motiv, daß
von der Retterinnenrolle, die ihm da so aus dem
Ehegatten einander die Freiheit geben, Freunde und
Himmel in den Schoß fällt, dann aber wird ihm
Kameraden werden wollen, nur um sich dann umso
selbst davor bange, und es verlobt sich im Hand¬
gründlicher wiederzufinden, ist hier vertieft. Den
umdrehen mit dem albernen, ungeliebten Forstassessor.
etwas wienerisch leichtlebigen, verwöhnten Kapell¬
Der „Graf“, der erscheint, um endlich Abschied zu
meister Adams, der überdies den Mozartschen Vor¬
nehmen, ist verzweifelt darüber und bestimmt Gerda
namen Amadaus führt, wandelt die Lust an, einmal
im letzten Augenblicke noch, Vaterhaus und Ver¬
Da er im
über den Ehe=Zaun zu springen.
lobten zu verlassen und mit ihm in die Welt
Verhältnis kameradschaftlicher Osfenheit zur Frau
Dann scheint er sich die Sache
Sie geht,
zu gehen.
steht, sagt er es ihr rund heraus.
man weiß nicht, warum!
jedoch plötzlich
innerlich erschauernd mit gespieltem heiteren Gleich¬
anders überlegt zu haben, denn er greift
mut darauf ein. Sie läßt ihn sogar glauben, daß
zu einem Radikalmittel, um Gerda zu kurieren: die
auch sie für einen Anderen sich interessiere. Als aber
Frau Kommerzienrat hat den ihr im Grunde doch
sein Abenteuer mit der veränderungssüchtigen Sänge¬
völlig Fremden um die Gefälligkeit gebeten, ihr einen
rin, als dieses Zwischenspiel“ sein schnelles Ende
kostbaren Schmuck in Paris — ausgerechnet!— reparieren
erlebt und eine Regung von Eisersucht ihn umso
zu lassen. Als sie ihn nun bringt, wird Gerda, die bereits
zur Flucht gerüstet ist, aus dem Park hereingeholt — sie stärker zur Frau zurückzieht, da kann er sie allen¬
falls in heißer Stunde zu einer Augenblicks=Gewäh¬
muß ja zugegen sein, damit das Mittel verfängt! —
und in ihrer Gegenwart übernimmt der „Graf“ denkrung stimmen, den Rückweg zu ihrem Vertrauen, die
Rückkehr zur Ehe findet er nicht mehr. Sie waren
Auftrag und den Schmuck, den Frau Borchertz nie
einander zu viel gewesen, als daß sie noch versuchen
wiedersehen wird. Gerda ist geknickt, aber ein Trost
könnten, nach jener Episode ein banales Alltags=Paar
mag es ihr vielleicht sein, daß der Graf, den man
zu sein, meint Cäcilie, und weist den werbenden
für einen Diplomaten hält, laut erklärt, er werde
Mann zurück. Freilich läßt sie ihm mit einem
seinen bisherigen Beruf aufgeben. Er zieht von
„Vielleicht“ noch eine Hoffnung auf die Zukunft.
dannen, und ein Bote bringt ein Paketchen
[Soweit konnte Schnitzler innerhalb seiner künstleri¬
an Frau Kommerzienrat: das gestohlene Brillant¬
schen Ehrlichkeit dem Publikums=Empfinden entgegen¬
kollier flimmert ihr daraus entgegen, ein Briefchen
kommen. Zu einer banalen Komödien=Versöhnung,
ihres Gatten belehrt sie jedoch, daß es nicht das
die der Durchschnitts=Zuhörerschaft besser behagt hätte,
gestohlene sei, sondern ein Pendant, das er zufällig
mochte er sich nicht entschließen „Wenn ihr das
entdeckt habe. Er schenke ihr diesen Schmuck, denn
Glück hättet, erfunden zu sein“, sagt der Dumas¬
nach seiner Voraussage verliere er bei Breyer &amp;
sche Raisonneur des Stückes, der Dramatiker und
Sohn nicht einen Pfennig. Der Meisterlügner neben
Librettist Rhon, „dann würde Euch jetzt das Kind
dem Meisterdieb.
r nicht Komödienfiguren
aber da I
versöhnen,
Es ist nicht klar, warum Eckart sein Stück eine
seid ..“ Eine fein ausgestaltete, keine blos übernommene
„romantische“ Komödie nennt — jedes Bühnenwerk,
Figur, dieser mehr verinnerlichte Raisonneur! Das
sin dem ein romantisch angehauchtes Backfischchen
herumwimmelt, ist darum selbst noch lange nicht Kernwort des Stückes aber, die feine Tendenz, die
These, die mit der kleinen Handlung bewiesen werden
romantisch. Aber es ist noch vieles andere unklar in
soll, spricht Frau Cäcilie raus: „Waren wir denn
dem „Froschkönig“; überall tun sich Fragezeichen auf,
wirklich ehrlich miteinander und offen? Nein, wir
wohin man blickt, sieht man Unmöglichkeiten, schiefe
waren es nicht! Wenn wir damals, als wir uns gegen¬
Bilder, verzeichnete Charaktere. Die älteste Tochter
seitig gestanden, daß die Neigung uns zu anderen
des Kommerzienrats, die einen Dr. phil. geheiratet
zieht, wenn wir damals den Ingrimm hätten aus¬
hat, wird als ein tiefer, durchdringender Geist hinge¬
— den Beweis dafür, daß sie es ist, bleibtitoben lassen, der in uns wüthete, dann wären wir
stellt
wahr gewesen!“ Eine Entlarvung der angeblichen frei¬
uns der Verfasser schuldig. Er bleibt uns auch die
mütigen Kameradschaft in der Ehe, das also ist
wirkliche, überzeugende Motivierung für die Geschehnisse
das neue Stück!
schuldig, und auf die Kreditseite seines Kontos kann
So lange Schnitzler seinem Zweck geradewegs
man eigentlich nur eine Reihe gelungener Witzworte
er zwar nicht unsere tiefere
hat
zustrebt,
setzen.
Anteilnahme, zu der kommt es bei der
innere
Die Aufführung unter Grubes feinsinniger
Handlung nicht,
konstruierten kleinen
etwas
Regie war vortresslich bis auf — Matkowsky.
aber doch unser willig folgendes Interesse.
Seiner impulsiven Feuernatur lag der „Graf“ ganz
Im Schlußakt verscherzt Schnitzler auch dieses
und gar nicht, und in seiner Darstellung wurde die
Interesse mitunter, wenn er Verlegenheits=Szenen und
Figur erst recht unverständlich, wie er selbst es übri¬
erkünstelte Situationen einschaltet. Der Anbeter der
gens zumeist war. Er spielte mit einer gewissen
Frau, der zum Gatten kommt, um von ihm die Hand
Müdigkeit, und von der faszinierenden, suggestiven
Wirkung, die der Graf auf Gerda ausübt, war nichts seiner Gattin zu erbitten, ist eine französische an¬
mutende Schwankidee, die nicht organisch in das
Frl.
wurde von
Die Gerda
S
spuren.
zu
Werk gehört und der willige Rückzug dieses sonder¬
[Eschborn innig und einfach verkörpert; Frl.
baren Werbers gibt dem Stück fast etwas ungewollt
[von Mayburg war ausgezeichnet als die
Komisches. Prächtige Einfälle, feingeschliffene Pointen
„philosophierende“ Frau Fernow, Herr Böttcher
erzwingen sich auch hier ihre Wirkung. Neben treff¬
Herr
bester Haltung,
vertrat ihren Gatten in
Keßler und Nuscha Butze ragten durch dielichen Vemerkungen, die uns den kritischen, den
lebendige Wiedergabe des kommerzienrätlichen Ehe=philosophischen Kopf zeigen, neben Bemerkungen,
paares hervor, Grube bot eine kostbare Type als wie etwa: „Man kommt aus einem unerlaubten
[Abenteuer eher moralisch heil wieder nach Hause
Polizeirat, und die Herren Kraußneck, Hertzer
als mit einem unerlaubten Wunsch“ neben solchen
und E. Arndt, denen kleinere Aufgaben zugefallen
Bemertungen erzwingen sich auch gröbere Scherze im
waren, setzten gleichsalls ihr ganzes Können ein. Die
Anekdoten= und Witzblatt=Stil ihren Eindruck. Am
dekorative Einrichtung war vornehm und von erlesenem
stärksten vielleicht wirkte es, als Amadeus seinem
Geschmack — ein prunkender Rahmen für ein minder¬
Freunde Rhon, seinem Kartellträger im geplanten
N. W.
wertiges Bild ..
Zweikampf mit dem Nebenbuhler zuruft:
„Er oder ich, einer von uns muß sterben!“
„Ach so, Du trachtest ihm nach dem Leben?
Der Wiener Erfolg von Arthur Schnitzlers
im hiesigen
gestern
hat
wischensviel“</Unicode>
            </TextEquiv>
        </TextRegion>
    </Page>
</PcGts>
