3484 4352
1930 120 2907 187 Imeraden, wirklich nur Kameraden sein, die einander
1935 173 2914 236 nichts verbergen dürfen. Sie finden auch keinen ver¬
1928 202 2915 258 nünftigen Grund, die musilalischen Beziehungen umzu¬
264 201 1729 292 20. Zuischensniel box 25
1935 249 2926 341 gestalten. Sie würde keinen besseren Correpetitor, und
1936 299 2925 364 er keine bessere Interpretin seiner Lieder finden. Da¬
1921 354 2929 417 rum beschließen sie, nicht wie die ersten besten geschie¬
1935 393 2929 469 denen Ehelente auseinanderzugehen, sondern ihr schönes
1928 447 2934 525 lgemeinschaftliches Heim nicht aufzugeben. „Auf die
1930 497 2921 574 Leute brauchen wir keine Rücksicht zu nehmen! Wir
1945 550 2932 610 haben woh' das Recht einen etwas höheren Standpunkt
1917 592 2932 658 en zunehmen. Wir gehören doch schließlich noch immer
1946 629 2930 711 zusammen, auch wenn von hundert Fäden, die uns
2491 693 2933 759 ... Wir würden uns!
1938 688 2499 753 verknüpfen, einer zerrissen ist.
1940 720 2913 809 über alles aussprechen gerade so wie bisher — ja
1937 773 2918 858 Igewissermaßen über mehr. Ta wäre natürlich die
1943 832 2920 902 Voraussetzung unserer weiteren Beziehungen: Wahrheit
2003 882 2441 948 rückhaltlose Wahrheit.“
2051 907 2948 997 Der Sommer, die Verienzeit ist gekommen. Beide
1955 979 2927 1052 verbringen sie wo anders, Cäcilie in stiller, abgeschie¬
1950 1015 2929 1092 dener Tiroler Gebirgswelt, Adams in der Nähe von
1950 1065 2929 1145 Friederike. Und da die Ferien vorüber sind, finden sich
1929 1116 2935 1188 die Gatten wieder im gemeinsamen Heim. Cäcilie
1945 1171 2924 1243 kehrt eben von einem erfolgreichen Gastspiel aus Berlin
1939 1221 2920 1295 zurück. Der getreue Sigismund war auch dort. Cäcilie
1936 1260 2927 1337 und Adams haben sich täglich geschrieben. Zwischen
1957 1321 2929 1367 Letzterem und Friederike ist mittlerweile Alles aus. Eine
1955 1362 2937 1436 Zeitungsnotiz bringt die Sensationsnachricht, daß sich
1946 1410 2930 1490 Cäcilie mit Fürst Sigismund vermählen werde. Das
1942 1459 2928 1520 ##macht Adans wieder sehr nervös. Da er sie zu ver¬
1937 1505 2945 1576 lieren fürchtet, will er sie erst recht besitzen. Er sieht
1936 1564 2930 1633 nunmehr in Cäcilien ein Schönheit, die er bisher nicht
1934 1606 2942 1676 gekannt, eine, die mehr geschaffen ist, zu beglücken.]
1936 1657 2934 1729 Er zieht sie stürmisch an sich: „Ich liebe Dich, ich
1931 1697 2932 1779 hasse Dich, aber Dein Freund bin ich in diesem Au¬
1943 1750 2927 1825 genblicke nicht! Was Du mir warst: Gattin, Kamera¬
1941 1802 2543 1862 (din . . . es kümmert mich nit
1930 1799 2903 1925 Dein Geliebter will ich heute z1.
2069 1872 2944 1976 Cäcilie: „Das darf nicht! .... Das
1912 1922 2466 2018 Msoll nicht .... nein .
2059 1999 2881 2064 Amadeus: „Nicht Dein Geliebter also.
1076 2002 1874 2110 Theater und Literatur.
1938 2030 2944 2102 nein, etwas Besseres und was Schlimmeres: Derl
1954 2093 2930 2154 Mann, der Dich einem Andern nimmt ... Der, für
989 2076 1760 2186 Vran(Der neue Schnitzler.
1961 2137 2943 2211 den Du Einen verrätst ... Einer, der Dir Seligkeit
1000 2170 1953 2218 „Zwischenspiel“ Komödie in drei Aklen von Arthur
1974 2187 2585 2269 und Sünde zugleich bedeutet! ...
993 2196 1963 2278 Schnitzker. Zum ersten Male aufgeführt im Burg¬
1268 2238 1705 2301 Stheater am 12. Oktober.
2063 2209 2930 2313 Am nächsten Morgen. Adams will, er muß
1335 2293 2882 2351 L.. K. Wien. el. Bericht.) Cäcilie wieder gewinnen und dauernd besitzen.
1096 2324 2928 2392 „Freundschaft zwischen zei Menschen verschie=1beschließt, Sigismund zu fordern. Doch ehe die Se¬
996 2382 2923 2446 denen Geschlechts ist immer eine gefährliche Sache — kundanten beim Fürsten erscheinen, tritt dieser bei
993 2424 2939 2498 sogar zwischen Eheleuten. Wenn die Seelen sich allzu Adams ein und bittet ihn, in die Scheidung von der
991 2478 2947 2542 ##t verstehen, so reißen sie alltgählich auch das mit, Gattin zu willigen, damit er sie endlich heimführen
998 2523 2942 2591 was man gernei bihren möchte; und wenn die Sinne könne. Cäcilie weilt zur selben Zeit bei Friederike,
988 2575 2944 2645 zu einander flietzen, so gleitel mehr von der Seele nach, sum von ihr den einzigen Brief Adams', den Abschieds=
986 2615 2944 2688 als wir ihnen gerade nachsenden wollten. Ein ewiges brief, zu verlangen. Adamens beschwört Cäcilie, ihm
999 2674 2938 2740 Gesetz, das die liefe Unsicherheit aller dischen Be= wieder anzugehören. „Hast Du es wirklich für möglich
997 2720 2936 2789 zehungen zwischen Mann und Weid verschuldet, und gehalten“, erwidert Cäcilie, „daß nun Alles vergessen
990 2771 2929 2842 ##ur, wer es nicht kennt, vertrant den Andern und sich sei, und wir unsere Ehe wieder aufnehmen werden,
1306 2823 2931 2888 Der Kopellmeister und Komponist wo sie unterbrochen wurde. ... Was uns jetzt zu
994 2832 1152 2889 selbst.“
999 2874 2943 2939 Adams Amadens (Herr Kain#ist mit der Opern=leinander treibt, ist nichts als die Angst vor dem wirk¬
2478 2927 2940 2998 Was einmal geschehen
998 2925 2487 2992 sängerin Cäcilie Orienburg (Frl. Witt) verheiratet.flichen Abschiednehmen. .
1002 2965 2944 3038 In heißer Liebe haben sie sich gesunden, und das gegen=sist, könnte . .., müßte sich wiederholen — morgen
994 3011 2936 3087 seitige tiese musitalische Verstehen hat das Bündnis oder in zu Jahren — oder in fünf . .. vielleicht
996 3074 2927 3148 befentige und noch inniger gestaltet. Adams hat füretwas leicht irtiger, vielleicht etwas düsterer als dies¬
998 3105 2947 3190 Eaeilie die ganze Welt bedemet, in ihm war all ihreimal, — kläglicher gewiß . . . Wir waren geschaffen,
990 3165 2927 3230 Sehnsnchtt, all ihre Zärtlichkeil beschlossen. Die Zeituns ewig in Treue zu lieben, noch stark genug, um
999 3212 2926 3280 het es anders gemacht. Die Gebegatten leben viel ge=lunsere Freundschaft rein zu erhalten: Andere fänden
2587 3264 2930 3322 Blieben wir aber
999 3263 2586 3320 trengt, er unternimmt Kunstreisen, sie Gastspielfahrten, sich ab — ich kann es nicht..
994 3304 2926 3374 In das Leben Adams' drängt sich eine Kollegin vonsjetzt zusammen, dann wäre es schon in dieser Selunde
999 3360 2923 3426 Eseilie, die Opernsängerin Gräfin Friederike Moos=aus. Denn dann waren wir um nichts besser als
996 3402 2928 3476 heim, die bei dem Kavellmeister studiert und sich ihm all die, die wir verachtet haben — wir hätten es uns
987 3455 2926 3512 an den Hals wirft. Adams lehnt sich auf, doch er istlnur noch bequemer gemacht als die Andern.“ Sie
1966 3502 2506 3584 scheiden sich nicht, sie scheiden.
989 3509 1966 3581 von Fleisch und Blut, die Sinne siegen. In der
2818 3550 2935 3611 Die
2054 3534 2811 3619 Das Stück fand nur geteilten Beifall.
987 3551 1974 3631 Künstlerehe soll nun die Freundschaft die Liebe ersetzen.
1957 3577 2975 3679 sstättste Wirtung erfolgte am Schlusse des zwei##td
1005 3607 1915 3692 Wir kennen einander so gut, — meint Adams
1944 3688 2926 3770 siltes. Der Regisseur sprach den Daul Arthur Schnitz¬
1936 3763 2923 3838 ers aus und auch der Dichter mußte vor dem Vorhang
1940 3818 2920 3888 rscheinen. Die Darstellung war über alles Lob erha¬
1943 3864 2922 3933 jen. Besondere Erwähnungen verdienen die Leistun¬
1936 3913 2933 3981 jen der Damen Witt, Kollina und Harverle und der
1942 3957 2598 4027 derren Kainz, Treßler und Korff.
