3436 4256
1259 159 1698 265 box 25/4
197 172 1131 288 20 Zuischensbiel
1117 1182 1476 1281 Telephon 12801
1231 1276 1355 1355 55
601 1302 1299 1407 „UBSERVEN
417 1376 1531 1447 I. österr. behördl. konz. Unternehmen für Zeitungs-Ausschnitte
609 1428 1348 1516 Wien, I., Concordiaplatz 4.
820 1500 1132 1572 Vertretungen
417 1539 1519 1612 in Berlin, Budapest, Chicago, Christiania, Genf, Kopenhagen,
420 1605 1522 1659 London, Madrid, Mailand, Minneapolis, New-York, Paris, Rom,
592 1637 1364 1689 San Francisco, Stockholm, St. Petersburg.
770 1678 1185 1751 Quellenangabe ohne Get Wr.)
430 1765 1492 1925 Ansschnitt Aubeitenwille. Aune
550 1820 845 1908 12 4. 1906
435 1870 585 1922 vom:
778 1902 1037 1974 B
592 1959 1267 2069 Kunst und Literatur
487 2021 1479 2121 Grazer Theater. Burgtheaterensemble.
467 2092 1467 2165 Fen den drei Stücken, die Leckerbissen, die uns das
464 2124 1490 2202 cenannte Burgtheaterensemble brachte, mißfiel
462 2151 1481 2241 Tjamilie“ von Schönherr dem P.=T.=Erhöhten¬
470 2207 1477 2272 Preis=Publikum am meisten, weil das Stück „gar so
451 2244 1478 2324 t###urig“ ist, das „Zwischensviel“ Schnitlers
456 2261 1513 2358 würde nicht verstanden, nur Marrer-Prevost#
457 2322 1491 2389 „La plus faible“ ganz blödsinnig mit „Das schwache
460 2381 1494 2428 Geschlecht“ übersetzt, die seichte Bekehrung eines
469 2400 1481 2471 Philisters von der freien Ehe zum staatlich kon¬
467 2458 1470 2508 zessionierten Ehevertrag gefiel sehr — weil es „gut",
469 2476 1478 2553 d. h. mit einer Hochzeit ausgeht. Die Darstellung
463 2525 1472 2591 war in allen drei Stücken mäßiger Durchschnitt; auf
473 2558 1486 2633 höherem Niveau stand nur Frl. Medelsky mit
477 2605 1492 2669 ihrer blutwarmen Sprache und ihren allessagenden
473 2638 1477 2712 Augen, Herr Rorff, der gute, liebe Kerl in allen
869 2677 1495 2746 latzten Stück Herr Frank.
476 2698 814 2754 Lebenslage
477 2716 1493 2791 Das andere Burztheäter war zweite Quadrille. Die
482 2756 1479 2833 an die Schmiere gemahnende Geschmacklosigkeit, auf
483 2785 1484 2866 den Theaterzettel in den Zeitungen nach dem Titel
475 2839 1495 2914 der ersten zwei Stücke zu setzen: „Am k. k. Hofburg¬
466 2866 1493 2957 theater in Wien mit großem Erfolg aufgeführt" und
485 2907 1487 2987 gar „Zug= (!) und Repertoirestück des k. k. Hofburg¬
469 2943 1492 3039 theaters“ gehört auf das Konto der Marktschreiere:,
477 2990 1489 3089 in der sich die Theaterdirektion in letzter Zeit gefällt,
1276 3033 1465 3085 m. sch.
3013 1547 3291 1617 Aber sie weig
1930 1555 2717 1670 A Stadttheater.
3015 1596 3293 1664 sich nicht meh
1936 1643 2995 1715 (Gastspiel des Wiener Hofburgtheater=Ensembles.)
3014 1648 3292 1717 treu, für mich
2089 1685 2836 1758 Arthur Schnizier: „Zwischenspiel.“
3002 1692 3287 1761 weiß, wis in
2017 1726 2986 1797 Der Kapellmeister Amadeus Adams hat mit der
2999 1743 3311 1816 schmachtet ha
1932 1794 2993 1847 Opernsängerin Cäcilie eine Ehe geschlossen, die nur auf
3013 1801 3293 1866 ich mit ausgeb
1937 1849 2995 1906 gegenfeitige Wahrheit gegründet sein soll. Als beide mer¬
2998 1847 3293 1915 warte, das ist
1933 1903 2992 1966 ben, daß Amadeus mit seiner Schülerin, der Opernsän¬
3065 1897 3294 1971 Oder bist
1928 1945 2984 2012 gerin Gräsin Moosheim, cein Verhältnis hat, und daß
3008 1947 3284 2016 daß dir ein G
1948 1995 2994 2063 Cäcilie mit dem Fürsten Sigismund zu flirten scheint,
3008 1997 3293 2066 vielleicht auch
1943 2044 2989 2107 sprechen sich beide ruhig dahin aus, daß jeder von ihnen
3010 2049 3297 2118 er nur dagewe
1940 2100 2994 2158 frei feine Wege gehen soll. Aus Ehegatten werden sie
2999 2100 3298 2168 lich von einan
1936 2148 2982 2212 gute Kameraden und leben als solche gemeinschaftlich
3008 2149 3303 2218 ist gerade so m
1936 2194 2987 2253 nebeneinander fort. Amadeus aber hat inzwischen seinen
3006 2195 3294 2269 ich eben stärke
1935 2248 2994 2292 Bezichungen zur Gräfin ein Ende gemacht, und als
3003 2249 3295 2319 Wir sind eina
1932 2297 2983 2346 seine Frau nach längerer Abwefenheit von einem Gast¬
3004 2294 3298 2362 uns die Erinn
1931 2337 2987 2411 spiel in Berlin mit Ruhm und mit glänzenden Engage¬
2999 2349 3283 2415 Schluß klingt
1924 2394 2982 2451 mentsbedingungen wieder in ihr Heim zurückkehrt, da
3000 2399 3304 2470 Ibsens „Nora
1935 2445 2981 2498 erscheint sie i wie umgewandelt. „Die, die heute
3005 2450 3285 2518 hier ist zuviel
1925 2489 2984 2563 kam, hat eine Stimme, die ich nie gehört, Blicke, die
2991 2493 3292 2569 viel Sophistere
1926 2542 2974 2602 mir fremd sind, eine Schönheit, die ich nicht kenne,
2996 2550 3295 2613 Liebesempfindu
1927 2597 2983 2665 eine, die geschaffen ist, zu beglücken“. Und er wirbt
2992 2600 3304 2672 verständlich, di
1923 2653 2981 2710 stürmisch um seine Frau, wie um eine Geliebte. = Sie
3005 2650 3306 2720 trotz aller gläm
1928 2694 2976 2767 gibt, innerlich widerstrebend, seinem Begehren nach.
2989 2699 3306 2770 mit in seiner
1936 2746 2986 2814 „Denn wenn die Sinne zu einander fließen, so gleitet
3000 2748 3295 2812 Unterredung d
1934 2801 2971 2851 mehr von der Seele nach, als wir ihnen gerade nach¬
2995 2803 3283 2869 liegt zunächst
1924 2845 2987 2900 senden wollten“ meint Albertus, der Raisoneur des
2993 2850 3290 2921 eigentlich eine
1928 2904 2977 2975 Stückes. In Amadeus aber, vollends als aus Fürst
2996 2901 3297 2971 wohl das Stik
1917 2957 2993 3020 Sigismunds Munde selbst di. Bestätigung erhält, daß
2988 2951 3292 3021 ernst behandelt
1926 2999 2989 3066 seiner Frau Beziehungen zu ihm ohne Makel blieben,
3000 3002 3310 3067 gleich er reichti
1932 3050 2978 3116 ist die alte Liebe wieder aufgewacht und er will nun in
2999 3049 3307 3117 schwermütiger 2
1921 3094 3302 3159 treuer und inniger Ehegemeinschaft mit ihr weiter leben. spielartigen Id
