3436 4256
1276 118 1744 218 box 25/5
196 122 395 221 20
371 134 1137 241 Zuischenspiel
122 1242 3225 1323 menschen, wir vertragen nicht jene Derbheit Massenet, der noch auf keiner deutschen Bühne ge=fallerdings ganz und gar nicht dem Geschmacke jenes
136 1315 3223 1407 e Gefundheit in der Betätigung unserer geben wurde, die zweiaktige Oper „Therese“, deren Teiles der Berliner Judenschaft entspricht, der sich
134 1372 3221 1444 Gefühle, welche das Quatrocento und Textbuch einen Stoff aus der großen französischen unter der Fahne des „Vereines deutscher Staatsbürger
159 1415 3227 1476 charakterisieren, denn dazu ist unser Revolution behandelt. Ich bin zu sehr auf die jüdischen Glaubens“ zusammengeschart hat. Darum
146 1468 3229 1545 zu differenziert, zu überkultiviert und zu Bayreuther Kunstprinzipien eingeschworen, als daß ich versuchen auch die liberalen und parteilosen Blätter
145 1503 3213 1599 8 Gedankens Blässe angekränkelt. Deshalb mir eine Musik, welche Volksaufläufe und Barrikaden= dem „dummen Kerl von Berlin“ einzureden, daß es
165 1557 3225 1654 ein modernes Publikum den Liebestrank kämpfe schildern soll, auch nur vorstellen kann, und keine jüdische Kunst gibt. „Es kann nach der Berechti¬
116 1606 2235 1692 a“ nicht in unverwässertem Zustande zu ein Deputierter, der schmachtende Liebesarien singt,gung
2264 1635 2947 1700 dieser Ausstellung gefragt
2982 1634 3213 1709 werden,“
133 1663 3224 1727 nd eine hochwohllöbliche Polizei würde kommt mir wie eine Wachsfigur aus Meyerbeers schreibt, beispielsweise die „Morgenpost", „denn
135 1713 2107 1779 erabreichung eines derartigen Getränkes Raritätenkabinett vor. Allein auch vom Standpunkte
2088 1718 3223 1803 da die Juden an sich kein Volk mehr sind und wohl
128 1758 1012 1832 tten. Was uns also das Kleine
991 1763 3216 1852 der alten Oper aus kann man sich für die „Therese“ nur noch in den östlichen Reichen untereinander in
139 1804 255 1881 der
230 1805 464 1874 Agnes
475 1808 692 1881 Sorma
695 1811 823 1878 zu
846 1812 3205 1893 Liebe, nicht erwärmen, denn die verehrte Dame, welche zwischen einer gewissen volkstümlichen Abgeschlossenheit leben,
193 1844 3208 1947 männertolle Witwe Bianca zum dem rechtmäßigen Gatten und dem Jugendgeliebten im während in Westeuropa schon seit vielen Generationen
135 1892 671 1985 ens= und liebesfreudig
647 1897 3206 1990 spielte, vorsetzte, Duette unentschlossen hin und her schwankt, ohne daß eine völlige Anpassung (??) der Juden mit den Kultur¬
181 1974 3214 2040 ein „Wiener Trankl“, das der öster= das bei den Franzosen in solchen Fällen so sehr be= völkern, die sie einst aufnahmen, stattgefunden hat,
130 1993 3217 2077 chriftsteller Paul Eger nach dem Rezepte liebte Terzett daraus wird, hat nur einen einzigen so kann man natürlich nicht von einer Ausstellung
142 2058 3221 2149 usammeng ebraut und mit der Etikette artigen Menuetteinfall, sonst plätschert sie recht eintönig jüdischer Künstler sprechen, wie man vielleicht von einer
134 2093 889 2162 a“ von Macchiavelli versehen hatte.
970 2094 3196 2173 in einem dünn fließenden Bächlein süßlich=langweiliger Ausstellung englischer oder dänischer Künstler spricht.“
134 2149 2103 2221 Schnitzlers Stücke nicht wie alter Wein Harmonien herum. Die Herbststimmung des Schloßparkes
2178 2171 3213 2252 Sehr richtig, denn eine jübische Kunst gibt
163 2198 991 2265 , je länger sie im Theaterarchive liegen,
996 2203 2926 2277 im ersten Akte schwebt über der ganzen zweiaktigenses nicht, weil der Jude, losgelöst
2910 2216 3206 2285 von seiner
134 2253 2582 2311 der zweite Durchfall des „Zwischenspiels“, Oper, aber es ist nicht die heiterer Resignation, welche heimatlichen Scholle,
2619 2262 2772 2331 unter
2749 2258 3217 2338 den Gastvölkern
156 2299 3213 2392 Brahm eines Gastspieles halber dem am Lebensabend neben fallenden Blättern noch köst= ein parasitäres Dasein führend eben künstle¬
137 2318 3213 2406 eder einmal servierte. Es geht Schnitzler liche Früchte vom Baume schüttelt, sondern die ver=risch unproduktiv überhaupt ist! Und wenn man
151 2384 994 2461 eseinem Freunde Bahr, auch sein literari¬
985 2403 3203 2488 drießliche Melancholie des künstlerisch impotent ge= die ausgestellten Bilder und Skulpturen von Pizzaro,
137 2453 999 2529 lang führt über lauter Leichen durch¬
977 2453 3191 2534 wordenen Meisters, welcher sich vergeblich abquält, Lesser=Ury, Heirzenberg, Henri Levi, Josef Oppen¬
139 2490 396 2566 khnenwerke.
981 2489 3210 2568 seiner vertrockneten Phantasie einen Johannistrieb ab=heimer, Salomon I. Salomon u. s. w. betrachtet hat,
167 2544 3205 2629 die Opern komponierenden deutschen zupressen. Hei, wie schlug darauf „Der Barbier von so erkennt man wieder einmal, wie recht Richard,
150 2598 3196 2659 iserer Zeit vergeblich mit ihren Werken Bagdad“ ein, diese Perle unter den deutschen komischen! Wagner in seinem „Judentum in der Musik“ hat,
146 2647 3207 2725 Hülsen antichambrieren, während Gluck, Opern die unter dem Zauberstabe von Richard wenn er schreibt: „Die sinnliche Anschauungsgabe der
135 2686 3199 2756 er nur höchst selten aufgeführt werden, Strauß in ihrer keuschen Schönheit gar herrlich Juden ist nie vermögend gewesen, bildende Künstler
980 2727 1194 2811 leuchtete!
135 2746 997 2806 ndLortzing gar nicht, steht die Ausländerei
2058 2749 3204 2822 aus ihnen hervorgehen zu lassen: ihr Auge hat sich
134 2784 999 2850 er königlichen Oper“ in schönster Blüte.
1060 2783 3205 2854 Nichts ist vielleicht für die Verjudung der von je mit viel praktischeren Dingen befaßt, als da
152 2839 3193 2933 me Butterfly“ kam „Aida“ in neuer Aus=Metropole Deutschlands so bezeichnend als die Veran= Schönheit und geistiger Gehalt der förmlichen Er¬
152 2881 2523 2967 am vergangenen Mittwoch der neueste staltung einer Ausstellung jüdischer Künstler, welche scheinungswelt sind.“
2898 2906 3158 2992 J. St-g.
