3484 4224
1365 99 1820 201 box 25/6
305 117 1216 231 20. Zuischensniel
1135 791 1354 908 E79
1345 877 1821 988 Der Humorist
1374 1022 2275 1130 Grazer Brief. 7. Februar 1918.
1071 1112 2305 1179 Da wir nun schon den vierten Kriegsfasching erleben, ohne
961 1168 2311 1232 Tänzchen und Kränzchen, ohne Masken=, Haus=, Hof=, Armen=,
973 1212 2307 1284 Industriellen=, Kriegsgewinner=, Hamster=, Flau= und Miesmacher¬
958 1259 2318 1322 Ball, so ist es begreiflich, daß uns tiefes, berechtigtes Mitleid mit
973 1312 2305 1372 der Faschingsfee erfaßt, die, zu unfreiwilliger Muße und Arbeits¬
964 1368 2320 1435 losigkeit verdammt, nun das ganze Jahr hindurch Aschermittwoch
964 1412 2318 1487 und Fastenzeit feiern muß. Daß ihr dieser Zustand nicht gut be¬
978 1454 2323 1532 kommt, ist eine bedauerliche Tatsache. Es war daher recht schön
974 1512 2321 1581 und löblich, daß sich die Herren Willner, Oesterreicher und Kalman
973 1560 2315 1630 zusammentaten, um für die Aermste etwas zu leisten. Ihrem edlen
982 1603 2325 1686 Streben ist es aber leider nicht gelungen, sie aus ihren unsäglich
977 1657 2324 1741 dürftigen Verhältnissen herauszubringen. Die beiden Herren, die
976 1734 2324 1783 schon so viel Textbücher abgefaßt haben, scheuten keine Anstrengung,
974 1766 2318 1824 aus dem reichen Vorrat eigener und fremder Restbestände alles
976 1805 2315 1876 zusammen zu suchen, um der heruntergekommenen Fee ein an¬
980 1877 2333 1921 ständiges Gewand zurecht zu schneidern. Den Schmuck, den Kälman
985 1900 2327 1969 beistellte, entnahm er dem Nachlaß der Csärdäsfürstin und anberer
988 1959 2328 2025 Größen seiner Operettenschöpfungen. Trotz alledem hießen unsere
988 2013 2328 2073 Operettenstammgäste auch diesen neuesten „Stern“ herzlich will¬
980 2055 2317 2109 kommen. Die Vorbeitungen zur Erstaufführung waren tadellos
981 2100 2333 2169 Herr Arnold erfüllte auch zum erstenmal das verantwortungsvolle
981 2146 2337 2217 Amt eines Spielleiters mit Sorgfalt, Umsicht und Schneid. Auch
992 2216 2330 2258 als Hubert stellte er seinen Mann. Eine Glanzrolle hatte Fräulein
987 2243 2320 2303 Münchow; sie ersang sich stürmischen Beifall; desgleichen ihr
988 2303 2337 2357 ebenbürtiger Partner, Herr Agel. Sonst sorgten noch für eine
997 2354 2332 2416 glatte, gerundete Durchführung des Ganzen die Herren Alpassy,
991 2409 2326 2454 Koß, Werk und Kaliger, wi Frl. Normann. Für die tadellose
995 2439 2328 2517 Durchführung des rein musikallschen Teiles gebührt Herrn Kapell¬
1001 2506 1703 2578 meister Voglar volle Anerkennung.
1111 2524 2340 2599 Vor einigen Jahren gelangte hier bereits mit einigen Gästen
1005 2609 2339 2681 Schnitzlers Zwischenspiel“ zur Aufführung. Das ihm in vieler
995 2634 2334 2720 Hinsicht stark vorbeigelungene Stück hinterließ schon damals einen
1002 2681 2339 2750 matten Eindruck. Da es nicht zur Gattung der Holzbirnen gehört,
994 2733 2338 2816 ist es durch das längere Abliegen durchaus nicht besser geworden.
998 2798 2341 2852 Wenn während der Vorstellung etwas über dem Hause lag, das
1000 2841 2351 2912 sich immer deutlicher fühlbarer machte und von unhöflichen Leuten
999 2900 2349 2963 als Langeweile gedeutet werden könnte, so trifft die Schuld daran
1008 2938 2346 3007 durchaus nicht die Darstellung, die redlich bemüht war, den in
1008 2971 2354 3066 seinen Gedankengängen so eigensinnig geistreichen Ehebruchs¬
1011 3024 2347 3103 dramatiker treulich auf seinen krausen Wegen zu folgen. Die
1011 3092 2369 3147 Damen Gerald, Weiser und Imle mühten sich aufs Beste, ihren
1009 3123 2368 3203 durchaus nicht dankbaren Aufgaben gerecht zu werden. Die Herxen
1002 3172 2224 3249 Otto, Olden und Wagner verdienen gleichfalls hohes Lob.
