3436 4352
1018 253 1361 327 Wien.-Ballistug
599 263 681 329 OE.
1838 297 3222 402 wären nur die zivilrechtlichen Grundlagen zu regeln. Sonst habe
1850 359 3215 449 sich Staat und Gesellschaft in diese Privatsachen überhaupt nicht
757 341 1494 474 Feuilleton.
1842 401 3226 485 einzumengen. Es sind soziologische Utopien eines Nervenspezialisten.
1479 450 1529 530 ##
1855 473 3230 528 Das Thema ist ja nicht neu, vielmehr so alt als die Ehe selbst.
960 493 1327 583 Burgtheater.
1854 509 3231 578 Als die Jungdeutschen in ihren freien Stunden an der Befreiung
1853 544 3225 623 des Fleisches arbeiteten — das gehörte zur damaligen Romantik —
475 556 1783 635 („Zwischenspiel“, Komödie in drei Akten von Artur Schnitzler.)
1845 601 3238 665 schrieb der junge Gutzkow seinen interessanten Roman: „Maha
543 624 1824 688 Schnitzler will die Komödie der Ehelüge schreiben, nachdem
1848 641 3237 712 Guru, die Geschichte eines Gottes“. Sein Held ist der Dalat
430 665 1832 739 Ibsen ihre Tragödie geschrieben. Er schreibt sie wie ein Moderner,
1843 684 3233 770 Lama, der Beherrscher eines Reiches, in dem die Vielmännerei ob¬
434 722 1828 773 mit der romantischen Gebärde, das heißt in der ironischen Balance.
1855 727 3239 811 paltet. Wo ein Weib auch mit samtlichen Brüdern ihres Mannes
429 767 1839 824 Die feinste poetische Empfindung hat einen selbstsatirischen Hinter¬
1838 777 3238 857 terheiratet ist. Eine schöne Geschichte. Wie so ein Freiromantiker
429 814 1833 873 gedanken, vielleicht halb unbewußt, jedenfalls weniger bewußt als
1854 822 3237 903 diese Schwägergattenschaften detaillieren kann. Welche polychrome
435 862 1835 928 bei Maurice Donnay etwa. Das ist das Moderne, daß wir an
1841 868 3237 939 Seelenvorgänge sich ihm bieten, bei solcher, in aller Anständigkeit
437 904 1833 974 unseren Glauben nicht mehr glauben, auch wenn er zufällig felsen¬
1854 918 3238 1000 legangener Leviratsorgie. Das schlägt schon in jenes literarische
430 953 1835 1025 fest ist. Wir verschreiben uns dem Teufel, um in den Himmel
1856 959 3241 1049 Fach, das sich auf dem revolutionären Parnaß Frankreichs als
434 1009 704 1083 zu kommen.
1853 1021 2777 1101 „igarrures de l’esprit humain“ bezeichnete.
552 1039 1838 1115 Die Ehelüge zwischen Amadeus Adams, dem berühmten Kapell¬
1940 1043 3238 1130 Nun, Amadeus und Cacilie wissen nichts von Professor Forel
431 1087 1839 1168 meister, und Cacilie Adams=Ortenburg, der gefeierten Sängerin, be¬
1844 1108 3236 1183 und seiner Kur der erotischen Selbstsuggestion. Sie lassen die Dinge
443 1144 1824 1212 steht darin, daß sie angeblich nicht vorhanden ist. Diese Hochwohl¬
1853 1151 3245 1235 hren Gang gehen. Sie werden leiden, als Menschen einer Ueber¬
435 1182 1833 1241 anständigen und Auf= und Abgeklärten haben sich nämlich vor dem
2156 1201 3246 1262 wie Albertus sagt — mit „Verwicklungen, die viel¬
1854 1222 2126 1286 gangsevoche
435 1231 1834 1287 Altare Wahrheit geschworen. Sie werden sich immer alles sagen.
1856 1237 3253 1328 licht für die nächste Generation gar nicht mehr existieren werden
437 1282 1839 1340 Aber auch schon alles. Und wenn „die Stunde“ — wie sich Frau
1855 1283 3248 1364 und jetzt tragisch enden müssen, wenn ein leidlich anständiger Mensch
433 1328 1829 1391 Cäcilie später ausdrückt — den Frauen pflegt ja so „ihr Stündlein“
1853 1318 3271 1425 tineingeräth“. Die Führung der Sache bei Schnitzler ist eine vor¬
432 1382 1838 1443 oder „die Stunde“ zu kommen — also wenn die Stunde kommen
1856 1380 3254 1463 viegend dialektische. In Gesprächen, die aus Lenien und Gegen¬
438 1420 1850 1502 sollte, werden sie in Freundschaft auseinandergehen, jeder zu seinem
1854 1451 3247 1510 Zenien bestehen, wird das Thema geistreich zerfasert und wieder
439 1469 1841 1525 unwiderstehlichen Magneten. Oder auch nicht, meint Amadeus, als
1854 1488 3251 1558 hoffnungslos verflochten. Man könnte daraus ein kleines Ehebrevier
431 1510 1842 1584 die Stunde wirklich gekommen ist. Wozu das behagliche Heim opfern
1853 1530 3255 1621 zusammenstellen. An jedem Aktschluß aber steht eine schöne poetische
446 1563 1848 1634 und die gegenseitige musikalische Anregung, die Förderung ihres
1866 1578 3256 1657 Szene. Schnitzler hält dem Zuschauer den Kopf kühl und die Füße
445 1622 1843 1679 Lernens, seines Schaffens ... und den „Buben“ vaterlos machen...
1868 1615 3252 1696 warm. Das erste Mal ist es die stimmungsvolle Szene, wo
432 1660 1840 1718 wozu das ganze schöne Band zerschneiden, weil ein Faden darin zer¬
1859 1679 3273 1741 Mann und Frau, schon zum Scheiden entschlossen, am Klaviere
440 1715 1842 1775 rissen ist? Die Geliebten sind dahin, die Freunde und Kameraden
1870 1712 3264 1791 das Brahmssche Lied anstimmen: „Nicht mehr zu Dir zu geh'n
441 1758 781 1839 mogen bleiben.
1864 1763 3112 1840 beschloß ich und beschwor ich . . . und geh’ doch jeden Abend
555 1784 1844 1864 Ob das möglich ist? Der Räsonneur des Stückes, Albertus
1858 1779 3274 1894 Und am zweiten Aktschluß ein heißer Augenblick, wo Amadeus
446 1844 1844 1921 Rhon, der Textdichter von Amadeus, sagt Nein. Zwischen Menschen
1862 1850 3262 1928 noch ein letztes Mal der Liebhaber seiner Frau sein will .. . und
445 1911 1854 1951 von verschiedenem Geschlecht, selbst zwischen Eheleuten, sei Freund¬
1856 1900 3257 1978 wird. Diese Hergänge sind spannend gelenkt, der Oberton des
447 1936 1847 2001 schaft gefährlich. Er hat ngtürlich Unrecht, weil er verallgemeinert.
1857 1941 3262 2027 Herzens klingt doch laut oder leise durch alle Kontrapunktik des
445 1986 1855 2045 Diese Dinge sehen sich bei jedem Menschenpärchen anders und
1870 1996 3270 2071 Verstandes. Interessant ist es, die beiden Verläufe in Parallele zu
439 2025 1851 2096 wiederum ganz anders an. Adam und Eva bleiben ewig nur ein
1857 2059 3271 2137 stellen. Sie ist sinnlicher, mehr geneigt auszuspringen, tut's aber
448 2072 1854 2140 einzigesmal vorhanden. Und das kommt gerade davon, womit
1871 2095 3274 2181 doch nicht. Er ist gattentreuer, weniger zur Untreue geneigt, tur's
441 2128 1849 2202 Albertus gerade diesen Satz schließt, von der „tiefen Unsicherheit
1870 2141 3206 2218 aber doch. Denn sie ist Weib und „zogert noch immer, wenn
439 2179 1853 2234 aller irdischen Beziehungen zwischen Mann und Weib“. Ein schönes
1869 2182 3259 2262 schon längst entschlossen ist.“ Sie ist übrigens gar nicht entschlossen.
449 2221 1855 2278 Wort. Ein wahres Empfindungswort. Die tiefe Unsicherheit! Darin
1871 2232 3233 2312 denn sie widersteht mit bewunderungswürdiger Standhaftigkeit. Si
440 2272 1852 2327 allein liegt ein Dichter von echten Seelensachen. Ein ergreifendes
1869 2274 3284 2357 liebt ihn doch mehr, als er sie. Sie hat nicht einmal den Fürster
452 2314 1847 2379 Wort, wenn man ihm nachhängt. Es duftet tragisch, es wiederhollt
1878 2320 3286 2407 erhört, was doch die ganze Welt glaubt und ihr Mann auch. Sie
455 2375 843 2449 von Verhängnis.
1868 2367 3279 2451 ist überhaupt hochanständig. Als ihr Mann mit ihr kamerad¬
560 2397 1837 2468 Dieser Albertus ist überhaupt ein geistvoller Ehekritiker,
1866 2418 3286 2502 schaftlich weiter hausen und zusammen arbeiten möchte, weicht sie
460 2467 1839 2521 nämlich einer, mit dem es sich zu streiten verlohnt. Er meint sogar,
1880 2464 3286 2552 aus. Vielleicht „spater“ — das Arbeiten nämlich — es ist einstweilen.
446 2496 1852 2578 der Künstler brauche kein Abenteuer auswärts zu suchen, er könne es
1873 2517 3289 2607 ein tiefweibliches Genieren in ihr, ein angeborenes, das wie ein an¬
458 2544 1860 2632 ganz nach Bedarf in der Ehe selbst finden. Man könne ja seine
1870 2559 3293 2649 geheiratetes wirkt. Aber sie kennt sich und den heißen Grund ihrer
455 2595 1858 2675 eigene Frau mit allen erforderlichen Illusionen bekleiden. Also nicht
1874 2623 3288 2692 Seele. Sie sagt: Ich weiß es, es wird kommen ... vielleicht in¬
451 2642 1856 2710 „Helenen in jedem Weibe sehen“, sondern jede Helena in seinem
1867 2646 3280 2746 zwei, in fünf Jahren, aber es wird kommen. Er übrigens auch:
450 2691 1858 2758 Weibe. Wer denkt nicht an das wundersame Qutproquo in den
1878 2705 3284 2783 Diesmal siege ich vielleicht noch, aber wer weiß, ob das nächste
445 2738 1853 2828 „Wahlverwandischaften“? Bei Schnitzler aber entgegnet Amadeus:
2895 2752 3277 2817 ist als ob ein
1874 2764 2900 2833 Mal. Also besser, gleich ein Ende machen. Es
457 2793 1854 2865 „Ob man auch das Recht hat, einem Wesen, das einem wert ist,
1882 2810 3282 2883 Sechzigjähriger sich sagte: Mit siebzig sterb' ich ohnehin, also häng'
450 2821 1868 2891 eine solche Rolle zuzumuten?“ Wieder eines jener feelisch feinen
1877 2865 2398 2943 ich mich gleich jetzt auf.
460 2878 1861 2952 Worte, die in dieser innig durchfeinerten Komödie häufig auftauchen.
1981 2889 3286 2968 Ein Theaterdichter alter Schule hätte selbstverständlich den
450 2930 1860 3001 Das ist Gewissen des Herzens. Ehrenpunkt eines Ehegentleman,
1884 2939 3289 3029 „Buben“ benützt, um die Eltern neu zusammenzukitten. Schnitzler
468 2972 1868 3047 eines Fachmannes im Empfindungswesen, im Kunstgewerbe der Liebe.
1878 2996 3287 3056 meidet das mit einer Art Aengstlichkeit. Cäcilie verirrt sich
456 3018 1868 3078 Merkwürdig übrigens, daß auch die moderne Wissenschaft auf diesem
1884 3032 3293 3112 dialektisch im Wirrsal, das sie aus jenem letzten ehelichen Abenteuer
455 3069 1861 3143 Punkte angelangt ist. In dem neuen wichtigen Buche des Professors
1885 3085 3299 3161 herausspinnt. Es ist ein schwieriges Spinnen und man sieht ihr
472 3114 1868 3179 August Forel („Die sexuelle Frage“) ist das Verfahren in den
1882 3161 3296 3210 dahei unbehaglich zu. Tatsächlich haben sich die Beiden in jener
468 3162 1870 3237 „Wahlverwandtschaften“ geradezu als Mittel — das sich sogar schon
1888 3197 3298 3260 Nacht wiedergekunden. Sich wiedererobert. Die hochnotpeinliche
1619 3208 1875 3265 gegen An¬
459 3215 1579 3285 in der psychiatrischen Praxis bewährt haben soll-
1881 3227 3289 3302 Beweisführung Cäciliens, daß sie gleichsam eine Gemeinheit be¬
463 3255 1868 3334 wandlungen ehelicher Untreue empfohlen. Wenn Amadeus und Cäcilie
1884 3279 3292 3348 gangen habe, auf der sich nichts Gutes bauen lasse, mißglückt.
471 3326 1871 3372 den Zuricher Nervenarzt konsultiert hätten, wüßten sie sich zu helfen.
1887 3332 3297 3406 Ibsen wird überibsent. Früher wäre eine reinliche Scheidung
467 3346 1874 3420 Amadeus würde in Cäcilien die verführerische Gräfin Philine sehen
1886 3396 3306 3448 möglich gewesen, jetzt nicht mehr. Es wäre wirklich zu wünschen,
466 3391 1878 3472 und C#tilie in Amadeus den schmachtenden jungen Fürsten Sigis¬
1891 3422 3295 3487 daß der Dichter diesen Schluß einer Kur unterzöge, die ja gar
465 3439 1871 3521 mund von Maradas=Lohsenstein. Aber auch die bloße Lektüre des
1893 3485 3297 3541 nicht schwierig sein kann. Lieber noch gut altmodisch versöhnt, als
481 3487 1878 3569 Forelschen Buches hätte sie davor bewahrt, in Schnitzlers Komödie zu
1897 3524 2514 3609 schlecht neumodisch geschieden.
476 3560 709 3631 verfallen.
2000 3566 3296 3624 Die vorzügliche Darstellung wird jedenfalls helfen, dieses zu
736 3587 774 3633 17
554 3567 1876 3657 Forel schlugi nämlich allen Ernstes die Gruppenehe vor. Er bekämpft
1891 3627 3299 3682 zwei Dritteilen so reizvolle Stück auf der Bühne zu erhalten. Jeder¬
470 3633 1886 3706 mit reinmenschlichen, also naturwissenschaftlichen Gründen das
1896 3665 3300 3727 mann muß Herrn Kainz als Amadeus sehen. Er ist die ganze
482 3686 1878 3758 Hereinragen einer alten Mystik in die heutige Ehegesetzgebung.
1892 3697 3302 3789 Zeit auf der Bühne und erfüllt sie bis in ihre letzten Winkel mit
478 3744 1884 3802 Einzelne Menschen wären wohl monogamisch geartet, die meisten aber
1902 3767 3299 3821 seinem lebendigen, mannigfach wechselnden Pulsschlag. Im Grunde
483 3776 1881 3847 bigamisch, ja polygamisch geborene Naturen. Viele würden auch durch
1902 3792 3302 3880 ist es ein hochmodernes Gemalde der Eifersucht, die sich unter fort¬
475 3818 1884 3878 besondere persönliche Verhältnisse — nehmen wir nur etwa Krank¬
1895 3845 3298 3925 währendem Leugnen unausgesetzt bejaht. Ein sordiniertes Spiel mir
474 3861 1882 3943 heiten des einen Teiles — nach dieser Seite abgedrängt. Es gebe
1900 3901 3297 3958 unuberwachten Ausbrüchen, ganz gespickt mit pikanten Unwillkürlich¬
474 3912 1885 3995 körperliche, seelische, geistige, wirtschaftliche Momente, triviale und
1892 3936 3293 4021 keiten, die tief aus dem Menschlichen geholt sind. Den Handstreich,
479 3986 1881 4043 ideale Gründe der verschiedensten Art, die das eheliche „Zweieck“
1902 3978 3302 4064 mit dem er am zweiten Aktschluß die Gattin erobert, wird kein Zu¬
489 4009 1885 4083 wenn wir dieses Wort erfinden dürfen, im gegebenen Zeitpunkt zum
1898 4028 3304 4104 schauer vergessen. Solche Dinge sind nur von Kainz denkbar. Fräulein
478 4055 1894 4129 Dreieck machen müssen. Wer weiß, vielleicht zum Viereck, Sechseck.
1898 4080 3312 4152 Witt (Cäcilie) hatte neben ihm einen schweren Stand, sie kam ihm
492 4102 1882 4186 Wenn die wahre Sittlichkeit und gesunde Sinnlichkeit der Ehe nur in
1907 4122 3305 4192 linnerlich nicht nach. Allein sie hat so gewinnende und verläßliche
491 4150 1891 4227 einer solchen geometrischen Form aufrechtzuerhalten ist, sollte diese;
1898 4164 3314 4240 Theatereigenschaften, daß sie die Szenen tatsächlich mittrug. Frau
491 4192 1903 4273 seiner Ansicht nach, nicht verpönt, sondern anerkannt und rechtlich
1662 4214 3315 4301 epiß. Es ! Kallina (Grafin), die blotz im ernen Akt anftitt, hat sich ihre
543 4264 861 4316 nanfeciharlein
