3436 4352
1310 132 1762 226 box 25/2
240 141 1145 225 20. ZuISchenSD1E
706 733 1619 876 G“ Dramatische Aufführungen.
838 874 1868 915 Froschkönig.“ Romantische Komödie in drei Acten von
688 919 1900 972 Dietrich Eckart. (Kgl. Schauspielhaus.) — „Zwischenspiel.“ Komödie
808 962 1800 1016 in drei Acten von Arthur Schnitzler. (Lessing=Theaier.)
792 1004 1907 1058 Die Dankbarkeit mch matürliche Regung, ein un¬
682 1055 1893 1106 menschliches Laster gescholten werden — es giebt doch entartete Creaturen,
680 1101 1907 1142 die dieser Empfindung fähig sind. Und ich muß zugeben, daß mir
685 1130 1907 1197 Stunden kommen, in denen auch ich mich nicht ganz frei davon weiß.
685 1179 1903 1222 Wer nicht mit jener schönen Jähigkeit ausgestattet ist, die Bismarck als
683 1220 1904 1271 Wurschtigkeit pries und von der er selber, ach so wenig, besaß; wer sich
683 1257 1916 1293 vielmehr rechtschaffen ärgert, der wird sich meist auch rechtschaffen freuen
683 1284 1914 1366 können. Junig wie sein Geist ist seine Liebe, ausschweifend wie sein
687 1326 1517 1387 Rache= und Vergeltungstrieb seine Dankbarkeit.
793 1356 1903 1428 Meine Bemerkungen über Dietrich Eckart's „Froschkönig“ be¬
691 1416 1905 1465 dürsen solch philosophisch=psychologischer Vorrede. Ohne sie wäre es
689 1449 1907 1494 nicht zu verstehen, weshalb mit der Spottgeburt aus Dreck ohne Feuer,
693 1488 1911 1546 die der Verfasser über unsere königliche Bühne gehen ließ, hier längerer
690 1535 1907 1589 Prozeß als mit hundert anderen dramatischen Scheusalen gemacht wird.
696 1571 1906 1608 Aber Dietrich Eckart hat eine tragische Komödie, „Familienväter“
693 1599 1909 1668 geschrieben, und die erwirkt ihm, so oder so, fürstliche Ehren. Ein vor¬
681 1652 1913 1702 treffliches, ein zuversichtlich wirksames Stück, und darum auch noch an
689 1685 1915 1744 keinem Berliner Theater aufgeführt. Man könnte „Familienväter“ als
696 1729 1915 1780 drematisches Pasquill werthen, als eine gotteslästerliche Schmähschrift
695 1770 1915 1811 in Dialogen, ohne deßhalb seiner Bedeutung Abbruch zu thun. Eckart
695 1808 799 1857 ist —
800 1809 1909 1872 und ich nehme da selbst Ruederer nicht aus, dessen kecke und
697 1849 1915 1902 frisch zugreifende Art mir eine der wenigen Hoffnungen unserer
690 1884 1914 1948 modernen Lustspielbühne scheint — Eckart ist der einzige V#an, der
692 1925 1920 1985 zur Zeit in Deutschland eine politische Komödie schreiben könn Eine
693 1972 1930 2029 Komödie, die uns weinen macht vor Wutl, und doch bewirkt, duß sich
694 2006 1919 2050 die Thränen unversehens in Lachthränen verwandeln; eine Komödie,
700 2050 1912 2082 über deren unbarmherzige und schreckliche Witze man nicht lachen kann,
693 2092 1916 2138 so drastisch sie sind, bei denen man vielmehr zittert und im Grimm die
698 2137 1912 2179 Faust ballt. „Familienväter“, das sind die neuen „Journalisten“.
709 2164 1911 2212 Ohne Freytag's Bonhommie und Piepenbrinck=Art; ohne Freytog's etwas
697 2207 1921 2258 spießigen, guten Stuben=Ton, „dne Freutag's Wohlgefollen an niedlichen
694 2250 1915 2298 Theaterwirkungen. Wir haben die B#dermeier=Zeiten überwunden. An
702 2286 1915 2336 die Stelle der Ibeale ist das Geschäft geteeten. An die Stelle der
694 2326 1915 2379 Humore dem entsprechend das Pamphlet. Genau so grausam und mit¬
696 2366 1916 2400 leidslos zeichnet Eckart die geriebene Zeitungsfabrikation von heute, wie
688 2403 1907 2461 Freytag die gezierte Zeitungskunst von Anno Toback liebevoll und zärt¬
693 2447 1914 2509 lich zeichnete. Wer sich eine unvergeßliche Stunde schaffen will, muß
693 2479 997 2533 das Buch lesen.
789 2508 1919 2568 Alles Gute findet schon auf Erden seine Strafe. Ich für mein
702 2539 1914 2615 Theil habe die unkritische Freude an den „Familienvätern“, die eine
703 2601 1919 2640 reine Stunde der Lust mit drei Stunden „Froschkönig“ bitter gebüßt.
704 2636 1915 2679 Sie kennen die Schicksale Manulescu's, der ein elegant ausgestattetes
691 2683 1925 2730 Werk über seine Hochstapelei=Abenteuer geschrieben hat; Sie kennen ferner
691 2722 1921 2769 Mirbeau's frohlustigen Einacter von dem Gentlemandieb, der nur mit
697 2761 1921 2802 Lakaien stehlen geht und aus der Spitzbüberei eine überlegene Welt¬
686 2803 1922 2852 anschauung gemacht hat. Unser Freund Eckart ist beiden Anregungen
698 2846 1914 2888 mit deutscher Gründlichkeit auf den Leib gegangen. Die fidele Idee des
700 2882 1913 2929 Parisers hat unter seinen treuen Fingern tragisches Ausichen gewonnen.
707 2918 1920 2960 Er nimmt den spaßig=geistreichen Gauner ernst, umkleidet ihn mit allem
690 2952 1913 2991 Zauber der Romantik und macht ihn beinahe zu einem saustischen Karl
705 2989 1912 3040 Moor, der eigentlich nur stiehlt und betrügt, um zu bessern und zu
693 3017 1922 3086 bekehren; der seinen Weltschmerz theils in Byren'schen und Schopen¬
692 3068 1928 3124 hauer'schen Redensarten, theils in der geschickten Entwendung von Bank¬
690 3115 1919 3165 noten kund giebt. Dasselbe schwarzbärtige Individuum, das im ersten
703 3151 1917 3204 Acte als Schmuckdieb und gemeiner Erpresser auftritt, eitirt nachher
700 3192 1924 3248 Goethe, Nietzsche, Shakespeare und die Marlitt, sagt, vom vollen Schein
701 3220 1911 3269 des Mondes umfluthet, melancholisch=grüblerische Gedichte eigener Er¬
696 3275 1893 3329 zeugung her und bezaubert durch seinen Weltschmerz das rothblonde,
709 3311 1851 3358 somnamvule, schrecklich interessante Commerzienrathstöchterlein. D
697 3347 1933 3400 süß=dämonische Kind würde ihm in Nacht und Graus sol# würde
753 3382 1920 3428 irch seinen keuschen Prinzessinnenkuß den armen Froschkönig### ellen
699 3415 1172 3479 Ku##ke erfülen, wenn da
1370 3436 1930 3478 gute alte Onket wäre und dem
694 3448 1938 3525 Saldnhanditen ernstlich in's Gewissen redete. „Es ist unrecht, die eigene.
692 3510 1905 3565 Qual in Smder Qual betäuben und vergessen zu wollen.“ Ganz ge
693 3549 1923 3601 knickt und zesknirscht entsagt der schimmernde Hallunke dem lieben
702 3583 1946 3652 Mädel, Damit sie auch innerlich von ihm loskomme, prellt er in ihrer
1944 214 3154 272 Gegenwart noch rasch die Frau Mama um ihren schönen Brautschmuck.
1945 251 3165 302 Die Prinzessin erkennt, daß der Froschkönig aus seinem Moraste nicht
1949 295 3156 344 mehr hinaus kann und heirathet gehorsam den ihr zugedachten Forst¬
1940 338 3165 384 assessor, einen grünen Hampelmann von nicht alltäglichem Eselthum.
1939 378 3163 434 Ueberhaupt die Planeten, die Eckart um seine Gaunersonne stellt!
1948 418 3164 457 Kunstlosere und gröbere Carieaturen findet man nicht einmal den
1950 453 3172 506 Kalenderwitzen beigegeben. Wären sie originell, so verdiente Dietrich
1951 492 3172 535 Eckart den Preis der Plumpheit. So aber kennen wir sie Alle seit
1937 545 3161 585 Langem: die pfauenstolze und pfauendumme Commerzienräthin, die
1946 586 3166 622 jedem vornehmen Gaste gegenüber die Amerikanerin spielt; den idiotischen
1942 621 3167 668 Polizeirath, der gewohnheitsmäßig daneben greift und vor Eitelkeit platzt:
1953 655 3171 700 den unwissenden, verfutterten Hausarzt und dergleichen mehr. Nicht
1951 701 3172 745 minder fällt daneben der Dialog mit alltäglichen, abgegriffenen oder
1956 729 3167 780 direkt den „Fliegenden Blättern“ entnommenen Wortwitzchen auf, und
1958 768 3163 824 nur kopfschüttelnd erträgt man die technische Unbeholsenheit des Ver¬
1952 808 3161 854 fassees, der uns keinen, aber auch keinen Anfängerfehler erspart. Wahr¬
1958 849 3173 896 haftig, der „Froschkönig“ ist ein außergewöhnlich schlechtes Stück. Und
1947 882 3165 945 dennoch = Dietrich Eckart hätte auch hier nur nöthig gehabt, in's volle
1955 931 3159 985 Leben hineinzugreisen, statt sich mit Schnitzeln und Abfällen aus zwanzig
1961 971 3172 1038 Büchern zu begnügen und Zwischenhändler zu sein, wo er Schöpfer
1965 1009 2183 1068 sein könnte.
2056 1038 3159 1100 Immerhin, ich geb’ ihn nicht verloren. Und das Kgl. Schauspiel¬
1965 1080 3161 1140 haus verdient Dank dafür, daß es dem Autor auf die Bretter half und
1969 1122 3173 1174 wie zur Entschädigung dafür, daß es sein Meisterstück nicht zu spielen
1967 1165 2980 1223 wagte, wenigstens ein mißrathenes Werk von ihm aufführte.
2053 1196 3160 1250 An demselben Abend, wo der „Froschkönig“ mit Beifall abgelehnt
1964 1244 3131 1291 wurde, scheim auch Schnitzler's „Zwischenspiel“ durchgefallen zu sein. Be
1963 1277 3173 1331 der Wiederholung verhielt sich das Publicum hinreichend theilnahmlos
1956 1325 3167 1379 und fällte damit meines Erachtens ein sehr verständiges Urtheil über
1963 1362 3175 1409 das allzu künstlich gestellte Conversationsstück. Der Verfasser thut sich
1970 1405 3167 1459 scheinbar viel darauf zu Gute, daß er die schweren Erschütterungen, die
1976 1436 3180 1491 brohnenden Worte aus seiner Ehestandstragödie ausschaltet — aber was
1978 1481 3166 1534 hat er dadurch für das Drama erreicht? Ihm die großen Wirkungen
1959 1530 3172 1579 genommen und ihm an Lebenswahrheit nichts gewonnen! Denn das
1968 1567 3173 1611 rede uns doch Niemand ein, daß Naturen wie dieser Amadäus und
1961 1600 3176 1648 diese Cäcilie sich gegenseitig im Flüsterton fortgesetzt schrauben und
2009 1646 3166 1695 älen, ohne daß auch nur ein einziges Mal die rothe Leidenschaft
1967 1685 3176 1733 flackernd durchbricht und der echte, alte Grimm aufschreit! Weshalb
1957 1720 3173 1769 vermier Schnitzler##s so ängstlich, dramatisch zu werden und wurde da¬
1967 1759 3174 1814 für lieber theatralisch, schlecht theatralisch, wie in der unmöglichen und
1960 1795 3173 1839 unkünstlerischen Figen des Raisonneurs und Zeichenerklärers Albertus
1972 1843 3179 1909 Ahon* „Einige von ihnen aber wollen sein und tief sein und meinen
1980 1877 2970 1938 Schwäche sei Feinheit und ein Schleier zeige die Tiese an.“
