3436 4480
546 798 1407 882 Wien, Dienstag, den 30. April 1907.
944 883 1172 943 e ee
473 961 1491 1036 Herr säße in der Direktionsloge. Welches
469 1031 1483 1097 Verbrechen! Dieser aner hat sich als Mann
485 1084 1485 1151 von Welt und Takt erwiesen: in dem letzten
468 1134 1497 1207 Referate seines Blattes lobte er das gesamte
469 1200 1487 1261 Ensemble ohne Ausnahme, wiewohl eine solche
468 1261 1492 1325 gerade in diesem Falle objektiv gewesen wäre.
573 1412 1487 1494 Und noch ein Wiener Theaterdirektor.
479 1492 1483 1548 Er hat das Theater vor Jahren gänzlich „juden¬
470 1532 1485 1594 rein“ übernommen. — Man erinnert sich der
476 1594 1494 1658 großen Bewegung, die durch den Blätterwald
477 1644 1486 1720 ging, als das Programm dieses Theaters er¬
483 1705 1489 1766 schien. Man entsinnt sich, daß damals Herr¬
479 1776 1492 1845 schaften, die heute wieder in den Schoß der
1706 629 2415 738 —Einzelne Nummern 24 Heller.
2136 821 2462 887 38. Jahrgang.
1509 955 2511 1035 Stimmung gegen den Musagetes geltend ge¬
1508 1041 2513 1112 macht, die ziletzt anläßlich der Festvorstellung
1513 1078 2524 1144 zu Ehren von Gästen der Stadt Wien hie und
1512 1134 2516 1198 da auch laut wurde, jedoch taktvollst unter¬
1513 1201 2527 1257 drückt wurde. Kein Artikel — ähnlich dem
1502 1262 2515 1326 Inhalt des Eingangs erwähnten — erschien in
1511 1316 2528 1370 irgend einem der antiliberalen Blätter. Diesen
1504 1370 2523 1423 ist dieser Herr genug Antisemit, während ein¬
1490 1445 2531 1498 zeinen liberal gesinnten der andere Herr nicht
1511 1486 2117 1562 genügend liberal erscheint.
1951 1573 2074 1675 418
1804 1676 2243 1773 Zwischenspiel.
1584 1763 2519 1841 Das „Zwischenspiel“ von Schnitzler ist die
1503 1825 2519 1898 Komödie des Eheirrtums. Es bedeutet den
1512 1884 2525 1955 Zusammenbruch einer moralischen Fiktion.
1504 1940 2516 1993 Jener Fiktion, die noch dann an eine wahre
1505 1992 2519 2072 Freundschaft glaubt, der Liebe und Schuld
1507 2058 2527 2130 vorangegangen sind. — Kann auch außer dem
1505 2102 2531 2167 ehelichen Konnex noch zwischen Mann und
1503 2179 2510 2227 Frau Freundschaft, Wahrheit und Zusammen¬
1506 2226 2518 2284 leben sein? Dies ist das Problem des Dichters.
1623 2278 2515 2355 „Was wollt ihr denn von mir? Denkt Euch,
1519 2348 2530 2412 Cäcilie und ich, wir wohnten gemeinsam in
1505 2400 2528 2474 einem behaglichen Haus, in dem wir uns wohl
1505 2468 2531 2524 fühlten, mit weiter Aussicht, die uns beglückt,
1515 2500 2507 2576 und einem wundervollen Garten, in dem wir
1510 2565 2530 2631 gerne spazieren gehen. Und es käme einen von
1505 2615 2516 2682 uns einmal die Lust an, im Walde jenseits des
1509 2679 2531 2735 Gitters Erdbeeren zu pflücken. Müßte deswegen
1519 2726 2530 2786 der andere gleich Untreue, Schmach, Verrat
1514 2785 2514 2842 schreien? Müßten wir Haus und Garten ver¬
1510 2842 2520 2904 kaufen und uns einbilden, daß wir nun nicht
1516 2903 2526 2974 mehr miteinander zum Fenster hinausschauen
1519 2958 2531 3038 und nicht mehr in unseren Alleen herumspazieren
1509 3014 2515 3073 Könnten? Weil unsere Erdbeeren jenseits des
1478 3082 2516 3137 MGitters wachsen —?“ Und an anderer Stelle:
1520 3134 2512 3193 „Wir gehören doch schließlich noch immer
1517 3189 2523 3242 zusammen, auch wenn von hundert Fäden, die
1505 3246 2520 3300 uns verknüpfen, einer zerrissen ist. Oder sollen
1511 3298 2517 3376 wir mit einem Mal vergessen, was wir einander
1507 3362 2529 3439 gewesen sind und was wir uns bleiben können
1517 3419 2519 3481 und müssen? Das steht einmal fest, daß dich
1512 3472 2530 3542 niemand mehr so verstehen wird wie ich, und
1508 3523 2532 3613 mich niemand mehr wie Du . .. Und darauf
1516 3592 1956 3656 kommts doch an!“
1610 3646 2532 3698 Die Ehe zwischen dem Kapellmeister
1518 3697 2516 3765 Amadeus Adams und der Opernsängerin Cäcilie
1515 3758 2520 3819 Adams-Ortenburg war auf Wahrheit gegründet.
1518 3818 2530 3884 Sie wollen sich immer die reine, ungeschminkte
1528 3865 2534 3940 Wahrheit sagen, sich nichts verschweigen. Auch
1524 3939 2523 3988 nicht die leisesten Regungen ihres Herzens,
1525 3983 2527 4045 auch nicht die Imponderabilien des Gefühls.
1514 4045 2538 4118 Da tritt eines Tages die Opernsängerin Gräfin
1698 4160 2439 4230 Musikalien-Leihanstalt
2540 1682 2765 1795 Mea
2533 1790 2723 1878 A
2575 1854 2726 1980 3#
2619 1973 2757 2078 22
