3484 4096
27 3938 64 4004 21
326 4 1244 101 20. Zwischensniel
1399 -4 1861 84 box 25/6
2132 -39 3149 55 Grama verwachten — men moet nondetanmarterken
2124 -10 3204 82 dat his over spanningen beschikt, die alleen met cen
2132 46 3146 115 meesterlijk dramatisch inzicht zoo te bereiken waren.
2155 69 3289 156 Dit „Zwischenspiel“ is hier en daar cen weinig ouder-
2133 118 3205 197 wetsch geworden aan den buitenkant, in kunstgrepen
2136 159 3200 235 als het zingen van een toepasselijk lied, waaronder het
2144 195 3202 275 gordijn op de cerste acte valt, het kind, dat aanleiding
2140 221 3210 314 is tot het zeggen van dingen, die zwaar van beteekenis
2134 270 3204 356 ziin; de heele, wat omslachtige, en verfünde schildering
2142 313 3208 388 van deze kunstenaarsentourage trouwens, waarin een
2140 346 3208 430 componist met een beroemde zangeres getrouwd is en
2142 387 3207 470 de librettoschrijver van ziin opera huisvriend en raison¬
2144 424 3210 516 neur is. Maar op de heift van het cerste bedriff heeft
2144 486 2760 549 men zich al gewonnen gegeven.
2181 497 3207 585 Schnitzler's superioriteit als dramaturg ligt in de
2144 534 3219 614 woorden, die zelfstandig en actief de eigenlijke hoofd¬
2149 573 3202 654 rol vervullen: in het gewone „psychologische praatstuk“
2150 612 3212 709 is het te doen om het een of ander innerlijk conflict,
2139 651 3213 737 dat nu cenmaal in woorden opgevangen moet worden,
2143 695 3211 786 omdat de toeschouwer er anders niets van merken zou,
2154 734 3206 817 maar bij Schnitzler ligt het drama in het feit zelf, dat
2142 769 3221 852 er woorden noodig zijn en gezegd worden. En in de
2151 825 3219 891 wiize, waarop hij ziin terrein voorbereidt en ziin men¬
2145 847 3222 937 schen kiest, bewiist Schnitzler zisn grootheid als psycho¬
2152 869 3229 972 logisch kunstenaar. Want ziin menschen ziin vrij van
2150 920 3222 1002 alle vooroordeelen, en van een perfecte en beheerschte
2143 960 3220 1055 luciditeit in het ondergaan van hun eigen illusies, en
2161 999 3219 1087 # hebben, bij een sceptischen levenskisk, het ideaal of
2146 1046 3223 1135 den moed om „eerlijk“ te willen leven. Als zij jong ziin,
2157 1074 3223 1159 zooals Amadeus en Caecillie in Intermezzo, het ideaal;
2163 1115 3229 1202 als zij ouder zijn, zooals de weduwnaar in „Die Ge¬
2150 1140 3239 1239 fährtin“, den moed. Wanneer op deze ruime en uitge¬
2166 1187 3237 1275 zochte hoogte de waarheid een vergissing bliikt, dan is
2168 1251 2777 1322 de vergissing wel onherstelbaar.
2197 1234 3244 1353 Het conflict wordt op dit terrein zeer zuiver en scherp
2159 1310 3231 1385 gesteld; het is voor bepaalde groepen van menschen
2167 1337 3243 1424 algemeen menscheljjk“. De groep, waarin Schnitzler
2165 1373 3256 1466 ziin personnages zoekt, is die van de menschen, die niet
2178 1412 3246 1494 kunnen leven zonder zich rekenschap te geven; met de
2171 1455 3246 1533 rekenschap komen de woorden, met de woorden de
2170 1485 3241 1563 Schiin — men ziet, hoe hier de spanning wordt voorber
2177 1534 3248 1614 reid. En daaronder doet dan het leven ziin eigen werk,
2173 1563 3262 1658 en van die innerliike metamorphoses wordt maar een deel
2169 1599 3252 1704 door het moeizaam gesponnen netwerk der woorden op¬
2175 1645 3245 1716 gevangen, en men hoort, hoc de toon van het bewuste
2171 1701 3260 1787 schiinbestaan schriller gaat klinken; wanneer dan ten
2178 1724 3245 1811 slotte de onderstroom boven komt en het zelfbedrog
2182 1770 3263 1846 doorbreekt, blijft er een verwarring, die zonder uitzicht
2184 1798 3260 1887 is, maar die, of zij bitter of geresigneerd is, een eigen
2179 1839 3255 1914 atmespheer om zich houdt, waarin de hardheid door
2182 1862 3272 1961 begrip wort getemperd: Schnitzler's atmospheer. Zoo is
2188 1935 3264 1999 het in „Der Einsame Weg“', zoo is het in korter bestek en
2180 1957 3270 2057 met een sneller beloop in „Intermezzo.“ Men kan dit
2191 1997 3268 2074 fin de siècle noemen; ziin wii nu werkelijk aan een
2195 2030 3261 2116 levenshoudling toe, die, even bewust, maar zich niet
2192 2073 3260 2151 meer överbewust voelend, realiseert wat Schnitzler in
2191 2106 3263 2195 ziin Felix Wagrath voorzag: „meer houding, minder
2195 2181 2357 2239 geest'?
2223 2169 3261 2263 Het eerste bedriff van dit „Intermezzo“ is misschien
2199 2228 3268 2303 het-éenvoudigst en gelijkmatigst van kracht; en Vera
2193 2273 3265 2365 Böndam zette hier haar Caecilie zeer mooi, onmiddellijk
2199 2319 3266 2380 in een zekeren en rustigen toon in, die donker en ge¬
2202 2343 3270 2435 resigneerd aangaf, dat al van dit eerste gesprek af voor
2200 2394 3269 2460 haar tragische ernst is, wat voor den man, Amadeus,
2202 2416 3272 2498 nog maar een scrupuleus verantwoorde afleiding is. Zjj
2205 2461 3273 2530 bedriegen elkaar niet; zij bespreken het als vrienden, dat
2199 2525 3277 2585 Amadeus een liaison met cen lichtzinnige operazangeres
2193 2545 3271 2615 beginnen gaat, en Caecilie zich laat gaan in een vriend¬
2206 2577 3283 2657 schap met den jongen Sigismund. Maar het conflict ligt
2207 2630 3284 2695 in den toon, waarop de cerste oprechte woorden al ge¬
2208 2660 3275 2739 sproken worden: men hoort den wrok meeklinken van
2209 2695 3273 2760 itwee menschen die elkaar niet vergeven, dat zij opge¬
2211 2745 2927 2804 houden hebben elkaar lief te hebben.
2239 2769 3273 2853 De tragiek is nooit hevig bii Schnitzler, bij deze be¬
2208 2798 3281 2895 wuste, redeneerende menschen, maar de sleutel voor
2218 2845 3279 2927 zulk een rol ligt in den toon, waarin zij gespeeld kan
2220 2891 3286 2963 wworden, en Vera Bondam gaf die, vooral in de eerste
2224 2940 3286 3005 Scte en aan het slot, soms prachtig. Schnitzler heeft
2223 2972 3289 3043 deze Caecilie met zeer veel toewijding geschreven; pas
2221 3004 3291 3076 wanneer Amadens wat als spel voor hem begon en lan¬
2225 3040 3289 3115 gen tiid bleef, tot een soort twredehandschen ernst wil
2225 3079 3292 3168 umzetten, doct zij dan den ehnst afstand en maakt zich
2228 3123 3298 3189 os. De Amadeus van Cees Laseur, in zeer scherpzinnige
2227 3159 3286 3234 opratting gespeeld, kreeg vooral in het laatste bedriff
2222 3205 3299 3271 voluit ziin karakter; het gevoel komt dan los in een
2226 3238 3298 3295 ronscientieuzen, idealistischen, wat kinderlisken en licht
2226 3268 3293 3344 door ziin eigen spel te begoochelen kunstenaar. Een rol,
2230 3311 3307 3376 die in lichte nuances tot cen karakter grceit, in het con¬
2228 3345 3305 3409 flict van het stuk. Men waardeert het samenspel van
2219 3391 3305 3456 het laatste bedriff temeer omdat het stuk hier een
2228 3428 3293 3495 moeiljjkheid brengt: het geeft een verklaarbare reactie
2227 3465 3298 3549 in cen vorm. die hier in Nederland geen indruk maakt,
2237 3504 3312 3571 cen uitdaging tot een duel. Een sterke steun gaf in dit !
2241 3542 3307 3630 samenspel Cruys Voorbergh, die met zeer bizonderen
2241 3580 3307 3647 tact en fiingevoeligheid de korte, moeiljjke, wat gewron¬
2237 3614 3309 3707 gen rol van Prins Sigismund op een menschelijk plan
2244 3659 3304 3742 bracht. Dirk Verbeek gaf Albertus Rohn, den raisonneur,
2238 3698 3315 3770 grof en luidruchtig, wat nooit de bedoeling kon ziin; hij
2249 3733 3312 3810 zou als cen soort Schnitzler gespeeld kunnen worden,
2247 3786 2968 3848 scherper ironisch en minder storend.
2671 3824 2850 3868 —
2628 3855 2950 3910 H. Arte 1.
