3484 4352
1301 254 1782 365 box 25/1
247 254 1293 379 20. Zuischensniel
3134 1037 3365 1128 sermune
402 1122 3367 1213 steif, so feierlich und gemessen? Warum jauchzen Sie nicht, fähig sein als Sie nur wollen. Mir wird jede Ihrer den Kopf Gettkes, was
1616 1166 3370 1250 Blamagen heilig sein. Ich werde von nun an immer be= anfangen werde. Dabei
412 1184 686 1263 Direktorl?
522 1223 3373 1307 Direktor: Meine Nerven haben sich derartigen haupten: Der Weisse ist ein ganz famoser Mensch, er hatllich erst die meisten zu
2831 1263 3378 1339 Thaller nach Wien gebi
1621 1274 2663 1359 nur den einen Nachteil, daß er nicht Bahr heißt.
404 1272 1508 1362 Ereignissen gegenüber schon ein wenig abgestumpft.
1734 1318 3366 1390 Direktor: Ich werde dieses Unglück mit Anstand holfen, Homma und a
515 1325 1645 1396 Bahr: Sie sollten Stimulantien benützen, sich ein
395 1363 3386 1457 wenig massieren lassen, Direktorl. Sie schauen ja aus, tragen. Nur das eine sage ich Ihnen: Wenn wir unsere während sie gackerten wi
399 1418 3383 1504 als ob Sie ein Lineal geschluckt hätten. Geben Sie doch Rollen vertauschen sollten, solche prärafaelitische Kritiken Gegenstand, arbeitete er
2815 1460 3384 1533 und ist den anderen Di
407 1481 2600 1548 Ihre hundert Zentimetergrandezza auf. Ich verzeihe wie Sie bringe ich wahrhaftig nicht zustande.
1531 1521 1650 1586 So
1719 1491 3322 1580 Bahr: Das glaube ich Ihnen aufs Wort, Direktorl; einen Erfolg voraus.
407 1522 1534 1590 Ihnen ja, daß Sie Direktor des Volkstheaters sind.
2942 1564 3378 1635 Jawohl, um einen
413 1571 2861 1648 weit sogar geht mein Entgegenkommen. Es war ja immer denn Ihnen fehlen vor allem dazu: mein Geist, meine
2842 1605 3386 1690 Zünftler auch geben, die
403 1621 2862 1702 so: der eine hat das Verständnis, der andere das Geld, Versalität und meine Bibliothek. Aber ich bin überzengt,
411 1674 3358 1745 der eine ist Direktor — der andere Schriftsteller. Das ist es wird noch die Zeit kommen, wo ich Ihnen zurfenlfindet die „Exposition“
2845 1717 3363 1790 lung zu gesucht und ein
418 1734 2855 1820 sozusagen ein integrierender Bestandteil unserer göttlichen werde: „Zurück!“ und dann schmerzbewegt, händeringend
2841 1765 3362 1842 fähigung erst mit den
1619 1771 2856 1837 konstatieren muß: „Du rettest den Freund nicht mehr!“
406 1780 809 1859 Weltanschauung.
2843 1818 3379 1885 zur Journalistik plötzlich
524 1817 2854 1894 Direktor: Aber nicht jeder, der kein Geld hat, Vielleicht schlägt in diesem Momente meine Schicksalsstunde.
2841 1868 3378 1936 geflammt ist, der fand
415 1867 2856 1941 muß deshalb auch schon Verständnis haben, lieber Herr Solche „Vorstellungen“ mache ich mir, die anderen überlasse
2848 1910 3380 1985 Stückes lediglich von Of
408 1940 1878 2007 Bahr. Auch ich habe Ihnen Ihre kritischen St. Veits=sich Ihnen.
2854 1971 3386 2034 maß sich ein Urteil an, zu
1735 1952 2858 2033 Direktor: Ich werde dafür unausgesetzt statt
405 1982 845 2060 tänze verziehen.
2843 2005 3402 2090 tät eines Lessing schwerl
526 2029 2849 2103 Bahr: Hören Sie mal, Direktorl — das geht zu Ihres Talentes Ihre riesige Geduld bewundern. Aber nicht
2843 2066 3372 2136 schwungen hätte. So
405 2072 2624 2131 weit. Verzeihen kann doch nur derjenige, der alles be=wahr? Der Friede ist zwischen uns besiegelt?
1731 2095 3382 2183 Bahr: Selbstverständlich bis zum nächsten Mal. Schaffen fühlt sich jeder
415 2132 745 2218 greifen kann.
2846 2166 3396 2247 tives Deutsch er sein eige
518 2152 2401 2252 Direktor: Rezensieren wieder nur derjenige, der! (Sie schütteln einander die Hände.)
2940 2221 3391 2293 Aber das mag Hern
1738 2228 2661 2303 Bahr (für sich). Aufgeblasener Mensch!
404 2216 892 2313 alles begeifern kann.
2617 2258 3397 2348 den kauft hatte einen Erfolg, ein
511 2261 1682 2342 Bahr: Wissens, Direktorl, reden wir uns einmals
1722 2281 2589 2366 Direktor (für sich): Wer schimpft¬
2599 2319 3383 2393 Jobs.XStücke vor diesem Erfolg
408 2308 1863 2427 ordentlich aus. Im Deutschen Volkstheater findet langsam mande
2841 2369 3385 2448 nennt und kennt, sowic
411 2383 1652 2443 das Bibelwort Erfüllung: „Die Letzten sollen die Ersten
2822 2419 3400 2489 werden. Kein Ereignis
406 2430 1632 2489 sein!" Das habe ich ein paar Mal angenagelt. Warum
2831 2471 3396 2543 Erfolg, weil das Publik
410 2484 1636 2543 Das wissen Sie. Hand wäscht Hand. Und zwar ist e
1711 2322 2698 2573 6 Füiterwochen der Saison.
2831 2522 3372 2594 nach dem Verfasser rief,
410 2530 1640 2601 gewöhnlich die Hand, die Tantiemen gibt, gegenüber ber
1642 2551 2853 2621 (Raimundtheater: „Irdische Richter". — Deutsches Volks¬
2843 2569 3394 2640 eben zitierten nicht wissen
410 2582 1644 2653 Hand, die Kritiken schreibt. Können diese beiden Händs
2335 2605 2863 2695 Josefstadt: „Die Dame
1636 2612 2223 2694 theater: „Pfarrers Rieke“
2845 2623 3392 2694 meinen sie, das Leben
411 2633 1641 2696 nun nicht zusammenkommen, Direktorl, dann wird halt
2045 2636 2444 2735 von Nr. 23“.)
2846 2664 3405 2736 ein Stück Leben sein, das
415 2660 1649 2744 gezaust, gezerrt, und ein Paar Perücken kollern hierdurch
1734 2697 3392 2774 Es war heuer großes Gebell um das Raimundtheater. Apostel in der Wüste, dis
420 2741 1657 2796 zu Boden. Ein Geschäftsmann wird mich begreifen, und
1638 2774 3393 2844 Trotzdem der alte Gettke seine besondere Begabung zum tasie. Nun wohl, das
410 2778 1514 2844 Direktoren sind doch in erster Linie Geschäftsleute.
532 2815 3405 2896 Direktor: Ja, ich wollte sogar wegen Ihrer Bühnenleiter auch für die Theaterstadt von ehedem wieder= Es beweist nichts und se
1634 2875 3403 2947 holt erbracht hatte, konnte sich die zünftige Kritik nicht mit nicht gelten, weil die Ko##
413 2872 1643 2957 skandalösen Kritiken von der Bühne herab gegen Sie Stel¬
1627 2923 3403 2998 der Tatsache abfinden, daß der Alte von der Wupper auchi ger als „aktenmäßig“ ist
413 2924 756 3008 lung nehmen.
526 2959 3350 3045 Bahr: Das haben's aber schön bleiben lassen, heuer wieder nach seinem Plane vorgehen wollte. Er Handlung erzählt. D
415 3029 3391 3097 Direktorl. Ehe Sie eine solche Szene aufführen, führen ließ alle „Namen“ ziehen. Girardi, die Niese, ja sogar mit dem Stücke nichts
421 3082 3394 3134 Sie doch lieber mein Stück auf. Ich schließe aber nicht Thaller. Ich bin nicht daheim hinter Kulissen, ich weiß zählung im Beratungszi
411 3126 3394 3189 deshalb Frieden, weil ich Sie als guten Direktor an=Inicht, waren die exorbitanten Gagen daran schuld oder die schworner den Fadenknät
414 3174 3390 3244 erkenne; ich wäre selbstverständlich ein viel besserer. Aber Widerspenstigkeit der Sterne — kurz, es gab heuer für Schicksal eines jungen M
421 3219 3401 3307 das gehört auf ein anderes Kapitel oder, besser gesagt, auf die Kunstverständigen, so ein Amt haben, also auch den hat. Die Erzählung fü
412 3280 3399 3366 ein anderes Kapital. Jetzt, Direktorl, können Sie so un=Inötigen Verstand, viel zu spintisieren. Sie zerbrachen sich nisses, dann setzt die Han
2557 3349 2655 3420 20
