<?xml version="1.0" encoding="UTF-8" standalone="yes"?>
<PcGts xmlns="http://schema.primaresearch.org/PAGE/gts/pagecontent/2013-07-15" xmlns:xsi="http://www.w3.org/2001/XMLSchema-instance" xsi:schemaLocation="http://schema.primaresearch.org/PAGE/gts/pagecontent/2013-07-15 http://schema.primaresearch.org/PAGE/gts/pagecontent/2013-07-15/pagecontent.xsd">
    <Metadata>
        <Creator>prov=University of Rostock/Institute of Mathematics/CITlab/Gundram Leifert/gundram.leifert@uni-rostock.de:name=ONB_Newseye_GT_M1+(htr_id=10810)::::v=2.4.2
prov=University of Rostock/Institute of Mathematics/CITlab/Tobias Gruening/tobias.gruening@uni-rostock.de:name=de.uros.citlab.module.baseline2polygon.B2PSeamMultiOriented:v=2.4.2
prov=University of Rostock/Institute of Mathematics/CITlab/Tobias Gruening/tobias.gruening@uni-rostock.de:name=/mnt/transkribus/LA/DEA/URO/LA_news_onb_att.pb:de.uros.citlab.segmentation.CITlab_LA_ML:v=2.4.2
Transkribus</Creator>
        <Created>2019-10-07T11:19:48.617+02:00</Created>
        <LastChange>2019-10-08T03:49:00.393+02:00</LastChange>
        <TranskribusMetadata docId="223968" pageId="9496663" pageNr="108" tsid="16500316" status="IN_PROGRESS" userId="40391" imgUrl="https://files.transkribus.eu/Get?id=PTTFSQTXRMWEHGOHVWEQVEWB&amp;fileType=view" xmlUrl="https://files.transkribus.eu/Get?id=QCEHQDBKVDOMVMSYPCMRVCGB" imageId="6186890"/>
    </Metadata>
    <Page imageFilename="223968_0108.jpeg" imageWidth="3436" imageHeight="4384">
        <ReadingOrder>
            <OrderedGroup id="ro_1711439549290" caption="Regions reading order">
                <RegionRefIndexed index="0" regionRef="r1"/>
                <RegionRefIndexed index="1" regionRef="r2"/>
            </OrderedGroup>
        </ReadingOrder>
        <TextRegion orientation="0.0" id="r1" custom="readingOrder {index:0;}">
            <Coords points="250,221 250,4005 1750,4005 1750,221"/>
            <TextLine id="r1l1" custom="readingOrder {index:0;}">
                <Coords points="240,261 1760,287 1760,200 1599,182 1494,219 1360,180 240,197"/>
                <Baseline points="250,241 325,249 400,256 475,261 550,265 625,268 700,270 775,270 850,270 925,269 1000,268 1075,266 1150,265 1225,263 1300,261 1375,259 1450,258 1525,257 1600,257 1675,258 1750,259"/>
                <TextEquiv>
                    <Unicode>20. Zuischenspiel box 25/1</Unicode>
                </TextEquiv>
            </TextLine>
            <TextLine id="r1l2" custom="readingOrder {index:1;}">
                <Coords points="512,888 551,895 561,904 569,904 585,886 593,893 617,888 607,697 591,700 585,694 570,701 553,694 538,710 503,713"/>
                <Baseline points="520,878 549,876 578,873 607,875"/>
                <TextEquiv>
                    <Unicode>5</Unicode>
                </TextEquiv>
            </TextLine>
            <TextLine id="r1l3" custom="readingOrder {index:2;}">
                <Coords points="330,967 692,982 693,909 677,903 577,914 546,893 515,907 465,889 429,907 331,904"/>
                <Baseline points="340,938 366,940 392,942 419,944 445,946 472,947 498,947 525,948 551,949 578,949 604,948 631,947 657,946 684,943"/>
                <TextEquiv>
                    <Unicode>Telephon 12801.</Unicode>
                </TextEquiv>
            </TextLine>
            <TextLine id="r1l4" custom="readingOrder {index:3;}">
                <Coords points="1199,1060 1217,1062 1241,1045 1246,1049 1250,1045 1260,1046 1262,995 1247,994 1240,1000 1236,1000 1225,995 1219,997 1215,993 1202,992"/>
                <Baseline points="1209,1042 1251,1044"/>
                <TextEquiv>
                    <Unicode>9</Unicode>
                </TextEquiv>
            </TextLine>
            <TextLine id="r1l5" custom="readingOrder {index:4;}">
                <Coords points="507,1106 742,1086 808,1113 999,1091 1142,1117 1200,1106 1199,990 841,981 749,1002 657,978 507,1034"/>
                <Baseline points="516,1096 549,1092 583,1089 617,1086 651,1084 684,1082 718,1081 752,1081 786,1080 819,1081 853,1081 887,1082 921,1082 954,1083 988,1084 1022,1085 1056,1086 1089,1086 1123,1087 1157,1087 1191,1087"/>
                <TextEquiv>
                    <Unicode>„OBSERVER‘</Unicode>
                </TextEquiv>
            </TextLine>
            <TextLine id="r1l6" custom="readingOrder {index:5;}">
                <Coords points="320,1139 1428,1184 1444,1108 320,1092"/>
                <Baseline points="330,1137 385,1139 440,1141 495,1142 551,1143 606,1144 661,1145 716,1146 772,1146 827,1147 882,1147 937,1148 993,1148 1048,1148 1103,1149 1158,1149 1214,1149 1269,1150 1324,1150 1379,1151 1435,1152"/>
                <TextEquiv>
                    <Unicode>I. österr. behördl. konz. Unternehmen für Zeilungs-Ausschnitte</Unicode>
                </TextEquiv>
            </TextLine>
            <TextLine id="r1l7" custom="readingOrder {index:6;}">
                <Coords points="522,1220 901,1216 1009,1240 1235,1223 1235,1163 1145,1185 787,1159 751,1185 723,1158 672,1178 635,1153 522,1154"/>
                <Baseline points="531,1208 565,1209 600,1209 635,1210 669,1211 704,1211 739,1212 773,1212 808,1212 843,1213 878,1213 912,1213 947,1213 982,1214 1016,1214 1051,1214 1086,1215 1120,1215 1155,1216 1190,1216 1225,1216"/>
                <TextEquiv>
                    <Unicode>Wien, I., Concordiaplatz 4.</Unicode>
                </TextEquiv>
            </TextLine>
            <TextLine id="r1l8" custom="readingOrder {index:7;}">
                <Coords points="730,1272 759,1267 800,1284 817,1273 873,1282 929,1272 957,1283 1018,1264 1038,1268 1039,1238 996,1239 981,1227 941,1244 900,1217 868,1237 834,1223 750,1231 731,1221"/>
                <Baseline points="740,1259 766,1261 792,1262 818,1263 844,1263 870,1264 897,1264 923,1264 949,1265 975,1265 1001,1265 1028,1265"/>
                <TextEquiv>
                    <Unicode>Vertretungen</Unicode>
                </TextEquiv>
            </TextLine>
            <TextLine id="r1l9" custom="readingOrder {index:8;}">
                <Coords points="324,1317 1433,1320 1433,1288 1246,1255 852,1289 325,1272"/>
                <Baseline points="334,1304 388,1306 443,1307 497,1308 552,1309 606,1310 661,1311 715,1311 770,1312 824,1312 879,1312 933,1312 988,1312 1042,1312 1097,1312 1151,1312 1206,1311 1260,1311 1315,1311 1369,1311 1424,1311"/>
                <TextEquiv>
                    <Unicode>in Berlin, Budapest, Chicago, Christiania, Genf, Kopenhagen.</Unicode>
                </TextEquiv>
            </TextLine>
            <TextLine id="r1l10" custom="readingOrder {index:9;}">
                <Coords points="328,1355 1435,1373 1435,1328 1339,1318 328,1316"/>
                <Baseline points="338,1342 392,1344 446,1345 501,1346 555,1347 610,1348 664,1348 718,1348 773,1349 827,1349 882,1349 936,1350 990,1350 1045,1350 1099,1350 1154,1350 1208,1351 1262,1351 1317,1352 1371,1352 1426,1353"/>
                <TextEquiv>
                    <Unicode>London, Madrid. Mailand, Minneapolis, New-York, Paris, Rom,</Unicode>
                </TextEquiv>
            </TextLine>
            <TextLine id="r1l11" custom="readingOrder {index:10;}">
                <Coords points="497,1383 595,1404 1276,1402 1277,1364 1170,1355 498,1353"/>
                <Baseline points="506,1383 544,1384 582,1385 620,1385 658,1385 696,1386 734,1386 772,1386 810,1386 848,1387 886,1387 924,1388 962,1388 1000,1389 1038,1390 1076,1390 1114,1391 1152,1393 1190,1395 1228,1396 1266,1399"/>
                <TextEquiv>
                    <Unicode>San Francisco, Stockholm, St. Petersburg.</Unicode>
                </TextEquiv>
            </TextLine>
            <TextLine id="r1l12" custom="readingOrder {index:11;}">
                <Coords points="677,1433 741,1434 778,1452 851,1432 917,1455 968,1432 1046,1446 1095,1435 1096,1413 1017,1393 921,1407 854,1394 677,1394"/>
                <Baseline points="686,1424 711,1423 736,1423 761,1423 786,1423 811,1423 836,1423 861,1423 886,1423 911,1424 936,1424 961,1425 986,1426 1011,1426 1036,1427 1061,1428 1086,1429"/>
                <TextEquiv>
                    <Unicode>(Ouallenange be ohne Gewahr.)</Unicode>
                </TextEquiv>
            </TextLine>
            <TextLine id="r1l13" custom="readingOrder {index:12;}">
                <Coords points="309,1532 790,1531 897,1570 1101,1548 1355,1605 1393,1596 1398,1516 879,1465 758,1505 432,1453 312,1481"/>
                <Baseline points="320,1514 373,1515 426,1517 479,1519 532,1520 586,1522 639,1524 692,1526 745,1528 798,1530 852,1533 905,1536 958,1539 1011,1543 1064,1547 1118,1551 1171,1557 1224,1563 1277,1569 1330,1577 1384,1585"/>
                <TextEquiv>
                    <Unicode>Ausschnitt aus: Kölnische Zeitung</Unicode>
                </TextEquiv>
            </TextLine>
            <TextLine id="r1l14" custom="readingOrder {index:13;}">
                <Coords points="314,1636 382,1659 865,1675 908,1668 914,1576 824,1593 739,1579 700,1599 628,1570 591,1592 527,1575 478,1595 319,1555"/>
                <Baseline points="326,1607 354,1612 383,1616 412,1620 440,1624 469,1628 498,1631 526,1633 555,1636 584,1639 613,1641 641,1642 670,1643 699,1644 727,1645 756,1645 785,1645 813,1645 842,1644 871,1643 900,1642"/>
                <TextEquiv>
                    <Unicode></Unicode>
                </TextEquiv>
            </TextLine>
            <TextLine id="r1l15" custom="readingOrder {index:14;}">
                <Coords points="580,1784 705,1775 796,1796 845,1775 877,1800 984,1776 1057,1810 1232,1786 1233,1747 1160,1711 1091,1725 963,1708 835,1737 582,1703"/>
                <Baseline points="591,1766 622,1766 654,1768 685,1769 717,1770 749,1771 780,1773 812,1773 843,1774 875,1775 907,1776 938,1777 970,1777 1001,1778 1033,1778 1065,1779 1096,1779 1128,1780 1159,1780 1191,1780 1223,1780"/>
                <TextEquiv>
                    <Unicode>Theater und Musik.</Unicode>
                </TextEquiv>
            </TextLine>
            <TextLine id="r1l16" custom="readingOrder {index:15;}">
                <Coords points="314,1820 1492,1853 1519,1809 1326,1772 1055,1810 315,1769"/>
                <Baseline points="324,1818 383,1820 442,1822 501,1823 561,1824 620,1826 679,1827 738,1828 798,1829 857,1829 916,1831 975,1831 1035,1832 1094,1833 1153,1834 1212,1835 1272,1836 1331,1837 1390,1838 1449,1839 1509,1841"/>
                <TextEquiv>
                    <Unicode>E Wien. Das Hofburgtheater brachte am Donnerstag Arthur</Unicode>
                </TextEquiv>
            </TextLine>
            <TextLine id="r1l17" custom="readingOrder {index:16;}">
                <Coords points="290,1870 1508,1890 1475,1839 291,1840"/>
                <Baseline points="299,1857 359,1859 419,1862 479,1863 539,1865 599,1866 659,1867 719,1868 779,1869 839,1870 899,1870 959,1871 1019,1871 1079,1872 1139,1873 1199,1873 1259,1874 1319,1875 1379,1877 1439,1878 1499,1880"/>
                <TextEquiv>
                    <Unicode>Schnitzlers dreiaktige Komödie Zwischenspiel als Neuigkeit heraus.</Unicode>
                </TextEquiv>
            </TextLine>
            <TextLine id="r1l18" custom="readingOrder {index:17;}">
                <Coords points="282,1892 1503,1935 1503,1893 1419,1877 282,1867"/>
                <Baseline points="290,1899 350,1901 410,1902 470,1904 530,1905 591,1906 651,1907 711,1908 771,1908 831,1909 892,1910 952,1910 1012,1911 1072,1911 1132,1912 1193,1913 1253,1914 1313,1915 1373,1916 1433,1917 1494,1919"/>
                <TextEquiv>
                    <Unicode>Damit hat es dem gespannten Verhältnis zwischen ihm und dem Dichter,</Unicode>
                </TextEquiv>
            </TextLine>
            <TextLine id="r1l19" custom="readingOrder {index:18;}">
                <Coords points="290,1954 1453,1968 1499,1927 290,1907"/>
                <Baseline points="299,1940 358,1941 418,1941 477,1942 537,1943 596,1944 656,1944 715,1945 775,1947 834,1948 894,1949 953,1950 1013,1951 1072,1952 1132,1953 1191,1953 1251,1954 1310,1955 1370,1955 1429,1956 1489,1956"/>
                <TextEquiv>
                    <Unicode>das seit der Zurückziehung des „Schleiers der Beatrice“ wegen Ver¬</Unicode>
                </TextEquiv>
            </TextLine>
            <TextLine id="r1l20" custom="readingOrder {index:19;}">
                <Coords points="292,1980 1502,2004 1502,1966 1442,1960 292,1943"/>
                <Baseline points="302,1978 361,1979 421,1980 480,1981 540,1982 599,1982 659,1983 718,1984 778,1985 837,1986 897,1987 957,1988 1016,1989 1076,1989 1135,1990 1195,1991 1254,1992 1314,1993 1373,1994 1433,1995 1493,1996"/>
                <TextEquiv>
                    <Unicode>schleppung der Aufführung bestand, ein Ende gemacht. Eine gediegenere</Unicode>
                </TextEquiv>
            </TextLine>
            <TextLine id="r1l21" custom="readingOrder {index:20;}">
                <Coords points="288,2016 1518,2056 1495,1989 289,1984"/>
                <Baseline points="298,2017 358,2018 419,2019 479,2020 540,2021 600,2022 661,2023 721,2024 782,2025 842,2027 903,2028 964,2029 1024,2030 1085,2031 1145,2031 1206,2032 1266,2033 1327,2033 1387,2034 1448,2034 1509,2033"/>
                <TextEquiv>
                    <Unicode>Darstellung seines Zwischer piels als im Burgtheater, wo Kainz den</Unicode>
                </TextEquiv>
            </TextLine>
            <TextLine id="r1l22" custom="readingOrder {index:21;}">
                <Coords points="287,2067 1409,2093 1495,2074 1496,2040 287,2037"/>
                <Baseline points="297,2055 356,2056 415,2056 475,2057 534,2059 594,2060 653,2061 713,2063 772,2064 832,2066 891,2067 950,2068 1010,2069 1069,2070 1129,2071 1188,2072 1248,2072 1307,2072 1367,2072 1426,2071 1486,2070"/>
                <TextEquiv>
                    <Unicode>Kapellmeister Amadens Adams mit seiner ganzen psychologischen Fein¬</Unicode>
                </TextEquiv>
            </TextLine>
            <TextLine id="r1l23" custom="readingOrder {index:22;}">
                <Coords points="291,2103 1497,2125 1498,2078 291,2067"/>
                <Baseline points="300,2095 359,2096 418,2096 478,2097 537,2098 596,2099 656,2100 715,2102 774,2103 834,2104 893,2106 952,2107 1012,2108 1071,2109 1130,2110 1190,2111 1249,2112 1308,2112 1368,2112 1427,2112 1487,2111"/>
                <TextEquiv>
                    <Unicode>und Kleinkunst verkörperte, wird Schnitzler kaum finden, und doch</Unicode>
                </TextEquiv>
            </TextLine>
            <TextLine id="r1l24" custom="readingOrder {index:23;}">
                <Coords points="279,2143 1487,2161 1452,2114 279,2107"/>
                <Baseline points="288,2135 347,2136 406,2137 466,2137 525,2138 585,2139 644,2140 704,2141 763,2142 823,2143 882,2144 941,2145 1001,2145 1060,2146 1120,2147 1179,2148 1239,2148 1298,2149 1358,2149 1417,2150 1477,2150"/>
                <TextEquiv>
                    <Unicode>blieb der Erfolg aus. Es soll zugegeben werden, daß Schnitzler seine</Unicode>
                </TextEquiv>
            </TextLine>
            <TextLine id="r1l25" custom="readingOrder {index:24;}">
                <Coords points="286,2187 1506,2190 1459,2154 287,2144"/>
                <Baseline points="296,2175 356,2176 416,2177 476,2178 536,2179 596,2180 656,2182 716,2183 776,2184 836,2185 896,2185 956,2186 1016,2187 1076,2187 1136,2188 1196,2188 1256,2188 1316,2188 1376,2188 1436,2188 1496,2188"/>
                <TextEquiv>
                    <Unicode>eigenen Bahnen wandelt, daß er selbst von Ibsen, dem er geistig sehr</Unicode>
                </TextEquiv>
            </TextLine>
            <TextLine id="r1l26" custom="readingOrder {index:25;}">
                <Coords points="289,2213 1449,2244 1487,2197 290,2185"/>
                <Baseline points="299,2215 357,2215 416,2216 475,2216 534,2217 593,2218 652,2219 711,2220 770,2221 829,2222 888,2223 946,2224 1005,2225 1064,2226 1123,2227 1182,2228 1241,2229 1300,2229 1359,2230 1418,2230 1477,2230"/>
                <TextEquiv>
                    <Unicode>nahe steht, sich merklich dadurch unterscheidet, daß er seine Psycholegie</Unicode>
                </TextEquiv>
            </TextLine>
            <TextLine id="r1l27" custom="readingOrder {index:26;}">
                <Coords points="285,2258 1495,2288 1470,2233 286,2228"/>
                <Baseline points="295,2254 354,2254 414,2254 473,2255 533,2256 592,2257 652,2258 711,2259 771,2260 830,2261 890,2262 950,2263 1009,2264 1069,2265 1128,2265 1188,2266 1247,2267 1307,2267 1366,2268 1426,2268 1486,2268"/>
                <TextEquiv>
                    <Unicode>nicht ins Patholsgische abirren läßt, daß er im allgemeinen grobe Mittel,</Unicode>
                </TextEquiv>
            </TextLine>
            <TextLine id="r1l28" custom="readingOrder {index:27;}">
                <Coords points="284,2306 1466,2323 1485,2278 284,2253"/>
                <Baseline points="293,2292 352,2294 411,2295 470,2296 529,2297 588,2298 647,2299 707,2300 766,2301 825,2302 884,2303 943,2303 1002,2304 1061,2305 1121,2305 1180,2306 1239,2306 1298,2307 1357,2307 1416,2307 1476,2308"/>
                <TextEquiv>
                    <Unicode>wenn sie auch nicht ganz sehlen, verschmäht und mit dem Rüstzeug</Unicode>
                </TextEquiv>
            </TextLine>
            <TextLine id="r1l29" custom="readingOrder {index:28;}">
                <Coords points="272,2340 1495,2365 1475,2321 1355,2310 272,2301"/>
                <Baseline points="282,2331 342,2332 402,2334 462,2335 522,2336 582,2337 642,2338 703,2339 763,2340 823,2341 883,2342 943,2343 1003,2344 1063,2345 1124,2345 1184,2346 1244,2347 1304,2348 1364,2348 1424,2349 1485,2350"/>
                <TextEquiv>
                    <Unicode>eines verfeinerten Dialogs arbeitet. Aber trotz dieser Anerkennung</Unicode>
                </TextEquiv>
            </TextLine>
            <TextLine id="r1l30" custom="readingOrder {index:29;}">
                <Coords points="283,2378 1499,2389 1499,2353 1268,2344 283,2344"/>
                <Baseline points="292,2369 351,2371 411,2373 471,2374 531,2376 591,2377 651,2378 711,2379 771,2380 831,2381 891,2382 950,2383 1010,2384 1070,2385 1130,2385 1190,2386 1250,2386 1310,2387 1370,2387 1430,2388 1490,2388"/>
                <TextEquiv>
                    <Unicode>kann ihm der Vorwurf der Künstelei, der literarischen Spielerei nicht</Unicode>
                </TextEquiv>
            </TextLine>
            <TextLine id="r1l31" custom="readingOrder {index:30;}">
                <Coords points="275,2414 1412,2443 1504,2427 1505,2377 570,2395 276,2364"/>
                <Baseline points="284,2408 344,2411 405,2413 465,2415 526,2416 586,2418 647,2419 707,2420 768,2421 828,2422 889,2422 949,2423 1010,2423 1070,2423 1131,2423 1191,2424 1252,2424 1312,2424 1373,2425 1433,2425 1494,2426"/>
                <TextEquiv>
                    <Unicode>erspart werden. In keinem seiner Stücke tritt dieser Mangel wohl</Unicode>
                </TextEquiv>
            </TextLine>
            <TextLine id="r1l32" custom="readingOrder {index:31;}">
                <Coords points="279,2449 1499,2466 1497,2426 280,2413"/>
                <Baseline points="289,2449 349,2450 409,2452 469,2453 529,2455 589,2456 649,2457 709,2458 769,2459 829,2460 889,2461 949,2462 1009,2463 1069,2463 1129,2464 1189,2464 1249,2465 1309,2465 1369,2465 1429,2465 1489,2466"/>
                <TextEquiv>
                    <Unicode>schärfer hervor als in diesem neuesten. Man hat den Eindruck, daß</Unicode>
                </TextEquiv>
            </TextLine>
            <TextLine id="r1l33" custom="readingOrder {index:32;}">
                <Coords points="277,2503 1501,2497 1501,2465 278,2447"/>
                <Baseline points="286,2487 346,2488 406,2490 466,2491 527,2492 587,2494 647,2495 707,2496 768,2497 828,2498 888,2499 948,2500 1009,2501 1069,2502 1129,2502 1189,2503 1250,2503 1310,2504 1370,2504 1430,2503 1491,2503"/>
                <TextEquiv>
                    <Unicode>der Dichter um jeden Preis etwas noch nicht Dagewesenes bieten</Unicode>
                </TextEquiv>
            </TextLine>
            <TextLine id="r1l34" custom="readingOrder {index:33;}">
                <Coords points="270,2531 1488,2551 1488,2515 1365,2498 271,2493"/>
                <Baseline points="280,2527 343,2528 406,2530 469,2532 532,2533 595,2534 658,2535 721,2536 784,2537 847,2538 911,2538 974,2539 1037,2539 1100,2539 1163,2540 1226,2540 1289,2541 1352,2541 1415,2542 1479,2543"/>
                <TextEquiv>
                    <Unicode>wollte. Vor allen Dingen keinen Schluß, der nach Alltäglichkeit schmecke.</Unicode>
                </TextEquiv>
            </TextLine>
            <TextLine id="r1l35" custom="readingOrder {index:34;}">
                <Coords points="270,2582 1472,2601 1490,2551 270,2539"/>
                <Baseline points="280,2567 340,2568 400,2569 460,2570 520,2571 580,2573 640,2573 700,2575 760,2575 820,2576 880,2577 940,2578 1000,2579 1060,2579 1120,2580 1180,2580 1240,2581 1300,2581 1360,2582 1420,2582 1481,2583"/>
                <TextEquiv>
                    <Unicode>Darum müssen die beiden Eheleute der hypermodernen Ehe, die er uns</Unicode>
                </TextEquiv>
            </TextLine>
            <TextLine id="r1l36" custom="readingOrder {index:35;}">
                <Coords points="271,2605 1470,2636 1470,2587 271,2577"/>
                <Baseline points="280,2604 339,2607 398,2608 457,2610 516,2611 575,2612 634,2614 693,2614 752,2615 811,2616 870,2617 929,2618 988,2618 1047,2619 1106,2620 1165,2620 1224,2621 1283,2622 1342,2622 1401,2623 1461,2624"/>
                <TextEquiv>
                    <Unicode>vorführt, auseinander gehen, obgleich sie mit psychologischer Notwendig¬</Unicode>
                </TextEquiv>
            </TextLine>
            <TextLine id="r1l37" custom="readingOrder {index:36;}">
                <Coords points="279,2663 1480,2669 1480,2631 1417,2625 280,2607"/>
                <Baseline points="288,2644 347,2646 406,2648 465,2649 524,2651 583,2652 642,2653 702,2654 761,2655 820,2656 879,2657 938,2658 997,2658 1056,2659 1116,2660 1175,2660 1234,2660 1293,2661 1352,2661 1411,2662 1471,2662"/>
                <TextEquiv>
                    <Unicode>keit — wenigstens wenn man die Charakterisierung durch den Dichter</Unicode>
                </TextEquiv>
            </TextLine>
            <TextLine id="r1l38" custom="readingOrder {index:37;}">
                <Coords points="266,2702 1390,2721 1485,2714 1486,2669 267,2655"/>
                <Baseline points="276,2689 336,2688 396,2688 456,2689 516,2689 576,2690 636,2691 696,2692 756,2693 816,2694 876,2695 936,2696 996,2698 1056,2699 1116,2699 1176,2700 1236,2701 1296,2701 1356,2701 1416,2700 1477,2700"/>
                <TextEquiv>
                    <Unicode>zur Grundlage nimmt — sich am Ende wieder in die Arme fallen</Unicode>
                </TextEquiv>
            </TextLine>
            <TextLine id="r1l39" custom="readingOrder {index:38;}">
                <Coords points="277,2728 1504,2728 1504,2696 277,2696"/>
                <Baseline points="286,2727 346,2728 406,2729 467,2730 527,2731 588,2732 648,2732 708,2733 769,2733 829,2733 890,2734 950,2734 1010,2735 1071,2735 1131,2736 1192,2737 1252,2738 1312,2739 1373,2740 1433,2742 1494,2744"/>
                <TextEquiv>
                    <Unicode>müßten. Das Künstlerpaar Amadens Adams, Kapellmeister, und</Unicode>
                </TextEquiv>
            </TextLine>
            <TextLine id="r1l40" custom="readingOrder {index:39;}">
                <Coords points="275,2763 1487,2792 1459,2743 275,2733"/>
                <Baseline points="284,2761 343,2762 403,2763 462,2764 522,2766 582,2767 641,2768 701,2769 761,2770 820,2771 880,2772 940,2773 999,2774 1059,2775 1119,2776 1178,2776 1238,2777 1298,2777 1357,2778 1417,2778 1477,2778"/>
                <TextEquiv>
                    <Unicode>Cäcilie Adams=Ortenburg, Opernsängerin, hat nach siebenjähriger Ehe,</Unicode>
                </TextEquiv>
            </TextLine>
            <TextLine id="r1l41" custom="readingOrder {index:40;}">
                <Coords points="266,2807 1380,2830 1502,2826 1503,2777 266,2771"/>
                <Baseline points="275,2802 335,2803 396,2804 457,2805 518,2806 579,2807 640,2808 700,2808 761,2809 822,2810 883,2811 944,2812 1005,2813 1066,2813 1126,2814 1187,2815 1248,2816 1309,2817 1370,2817 1431,2818 1492,2819"/>
                <TextEquiv>
                    <Unicode>die nicht nur auf Liebe, sondern auch auf Wahrheit aufgebaut und der</Unicode>
                </TextEquiv>
            </TextLine>
            <TextLine id="r1l42" custom="readingOrder {index:41;}">
                <Coords points="270,2836 1490,2862 1443,2822 271,2808"/>
                <Baseline points="280,2843 340,2844 400,2845 460,2846 520,2847 580,2848 640,2849 700,2850 760,2851 820,2852 880,2853 940,2854 1000,2854 1060,2855 1120,2855 1180,2856 1240,2856 1300,2855 1360,2855 1420,2854 1481,2853"/>
                <TextEquiv>
                    <Unicode>auch ein Kind entsprossen ist, das Gefühl der gegenseitigen Unentbehr¬</Unicode>
                </TextEquiv>
            </TextLine>
            <TextLine id="r1l43" custom="readingOrder {index:42;}">
                <Coords points="270,2893 1493,2904 1493,2862 270,2837"/>
                <Baseline points="279,2883 339,2884 399,2884 459,2885 520,2885 580,2886 640,2887 700,2888 761,2889 821,2890 881,2891 941,2892 1002,2893 1062,2894 1122,2894 1182,2895 1243,2895 1303,2895 1363,2895 1423,2895 1484,2895"/>
                <TextEquiv>
                    <Unicode>lichkeit durch die einschläfernde Wirkung des täglichen Verkehrs ein</Unicode>
                </TextEquiv>
            </TextLine>
            <TextLine id="r1l44" custom="readingOrder {index:43;}">
                <Coords points="264,2932 1484,2934 1484,2900 1402,2897 265,2891"/>
                <Baseline points="273,2923 333,2923 393,2923 453,2924 513,2925 573,2926 633,2927 693,2928 753,2929 813,2930 874,2931 934,2932 994,2933 1054,2933 1114,2934 1174,2935 1234,2935 1294,2935 1354,2935 1414,2935 1475,2934"/>
                <TextEquiv>
                    <Unicode>wenig verloren und sehnt sich nach neuen Reizen. Er geht einer durch¬</Unicode>
                </TextEquiv>
            </TextLine>
            <TextLine id="r1l45" custom="readingOrder {index:44;}">
                <Coords points="276,2961 1490,2980 1479,2938 276,2933"/>
                <Baseline points="286,2959 345,2961 405,2962 465,2963 525,2964 584,2965 644,2967 704,2968 764,2969 823,2969 883,2970 943,2971 1003,2972 1062,2972 1122,2973 1182,2973 1242,2974 1301,2974 1361,2974 1421,2974 1481,2974"/>
                <TextEquiv>
                    <Unicode>aus nicht faszinterend genug dargestellten Sirene, der dilettantischen</Unicode>
                </TextEquiv>
            </TextLine>
            <TextLine id="r1l46" custom="readingOrder {index:45;}">
                <Coords points="268,3008 1489,3017 1489,2980 268,2951"/>
                <Baseline points="277,2999 337,3000 397,3001 457,3002 517,3003 577,3004 637,3005 698,3006 758,3007 818,3008 878,3009 938,3010 998,3011 1058,3011 1119,3012 1179,3012 1239,3013 1299,3013 1359,3013 1419,3013 1480,3013"/>
                <TextEquiv>
                    <Unicode>Opernsängerin Gräfin Friederike Moosheim, ins Netz; sie läßt sich von</Unicode>
                </TextEquiv>
            </TextLine>
            <TextLine id="r1l47" custom="readingOrder {index:46;}">
                <Coords points="266,3040 1373,3070 1487,3068 1488,3023 267,3024"/>
                <Baseline points="275,3037 335,3038 395,3039 455,3040 515,3041 576,3042 636,3043 696,3044 756,3046 816,3046 877,3048 937,3049 997,3050 1057,3050 1117,3051 1178,3052 1238,3053 1298,3054 1358,3054 1418,3055 1479,3056"/>
                <TextEquiv>
                    <Unicode>Sigismund Fürsten Maradas=Lohsenstein auschmachten, der sich zum</Unicode>
                </TextEquiv>
            </TextLine>
            <TextLine id="r1l48" custom="readingOrder {index:47;}">
                <Coords points="270,3077 1483,3107 1484,3064 270,3053"/>
                <Baseline points="279,3076 338,3077 398,3078 458,3080 518,3081 577,3082 637,3083 697,3084 757,3085 816,3086 876,3087 936,3088 996,3089 1055,3090 1115,3090 1175,3091 1235,3091 1294,3091 1354,3091 1414,3091 1474,3091"/>
                <TextEquiv>
                    <Unicode>Ueberfluß im britten Akt auch noch als vollendeter Trottel vorstellt.</Unicode>
                </TextEquiv>
            </TextLine>
            <TextLine id="r1l49" custom="readingOrder {index:48;}">
                <Coords points="278,3117 1490,3140 1466,3100 278,3091"/>
                <Baseline points="287,3118 346,3118 406,3118 466,3119 525,3120 585,3121 645,3122 704,3123 764,3125 824,3126 884,3127 943,3128 1003,3130 1063,3130 1122,3131 1182,3132 1242,3133 1301,3133 1361,3133 1421,3133 1481,3132"/>
                <TextEquiv>
                    <Unicode>Sie treffen das Uebereinkommen, sich gegenseitig nicht zu genieren</Unicode>
                </TextEquiv>
            </TextLine>
            <TextLine id="r1l50" custom="readingOrder {index:49;}">
                <Coords points="269,3155 1483,3184 1484,3137 270,3123"/>
                <Baseline points="279,3157 338,3157 398,3158 458,3158 517,3159 577,3159 637,3160 696,3162 756,3163 816,3164 876,3165 935,3166 995,3167 1055,3168 1114,3169 1174,3170 1234,3171 1293,3171 1353,3172 1413,3172 1473,3172"/>
                <TextEquiv>
                    <Unicode>wovon er wirklichen, sie, wie sich zum Schluß herausstellt, nur platonisch</Unicode>
                </TextEquiv>
            </TextLine>
            <TextLine id="r1l51" custom="readingOrder {index:50;}">
                <Coords points="273,3199 1504,3212 1484,3171 274,3165"/>
                <Baseline points="283,3196 343,3196 404,3197 464,3198 525,3199 586,3200 646,3201 707,3202 767,3203 828,3204 889,3205 949,3206 1010,3207 1070,3207 1131,3208 1192,3208 1252,3209 1313,3209 1373,3209 1434,3209 1495,3209"/>
                <TextEquiv>
                    <Unicode>Gebrauch macht, und im übrigen gute Freunde und Hausgenossen and</Unicode>
                </TextEquiv>
            </TextLine>
            <TextLine id="r1l52" custom="readingOrder {index:51;}">
                <Coords points="260,3241 1478,3259 1433,3204 261,3207"/>
                <Baseline points="269,3235 329,3235 389,3235 449,3236 509,3237 569,3238 629,3239 689,3240 749,3241 809,3242 869,3244 929,3245 989,3246 1049,3247 1109,3248 1169,3249 1229,3249 1289,3249 1349,3249 1409,3249 1469,3248"/>
                <TextEquiv>
                    <Unicode>bleiben. Im zweiten Akt kehrt Cäcilie von einer Berliner Kunstresse</Unicode>
                </TextEquiv>
            </TextLine>
            <TextLine id="r1l53" custom="readingOrder {index:52;}">
                <Coords points="275,3276 1393,3303 1459,3302 1482,3259 275,3242"/>
                <Baseline points="284,3275 343,3276 402,3276 462,3277 521,3277 580,3278 640,3279 699,3280 758,3281 818,3282 877,3283 936,3284 996,3285 1055,3285 1114,3286 1174,3287 1233,3287 1292,3288 1352,3288 1411,3287 1471,3287"/>
                <TextEquiv>
                    <Unicode>nach Wien zurück, und ihr Reiz packt Amadeus, der übrigens des</Unicode>
                </TextEquiv>
            </TextLine>
            <TextLine id="r1l54" custom="readingOrder {index:53;}">
                <Coords points="265,3304 1471,3335 1461,3294 266,3274"/>
                <Baseline points="275,3315 334,3315 393,3315 453,3315 512,3316 572,3317 631,3317 690,3318 750,3320 809,3321 869,3322 928,3323 987,3324 1047,3325 1106,3326 1166,3327 1225,3327 1284,3328 1344,3327 1403,3327 1463,3326"/>
                <TextEquiv>
                    <Unicode>Verhältnisses mit der Gräfin schon überdrüssig ist, nach der langen</Unicode>
                </TextEquiv>
            </TextLine>
            <TextLine id="r1l55" custom="readingOrder {index:54;}">
                <Coords points="267,3363 1479,3375 1479,3336 1427,3328 268,3305"/>
                <Baseline points="277,3350 336,3352 396,3353 455,3355 515,3356 575,3357 634,3359 694,3360 753,3361 813,3362 873,3363 932,3363 992,3364 1051,3365 1111,3366 1171,3366 1230,3367 1290,3367 1349,3368 1409,3368 1469,3368"/>
                <TextEquiv>
                    <Unicode>Treunung wie etwas ganz Neues. Er reißt sie stürmisch an sich. Die</Unicode>
                </TextEquiv>
            </TextLine>
            <TextLine id="r1l56" custom="readingOrder {index:55;}">
                <Coords points="270,3387 1482,3418 1458,3371 271,3361"/>
                <Baseline points="280,3390 339,3391 399,3392 458,3393 518,3394 578,3395 637,3396 697,3397 756,3398 816,3399 876,3400 935,3402 995,3402 1054,3403 1114,3404 1174,3405 1233,3405 1293,3406 1352,3406 1412,3406 1472,3406"/>
                <TextEquiv>
                    <Unicode>wieder vereinten Ehelemte, sollte man meinen. Aber nein, so einsach</Unicode>
                </TextEquiv>
            </TextLine>
            <TextLine id="r1l57" custom="readingOrder {index:56;}">
                <Coords points="271,3442 1459,3463 1488,3403 272,3408"/>
                <Baseline points="280,3431 339,3431 399,3432 459,3432 519,3433 579,3434 639,3435 699,3436 759,3438 819,3439 879,3440 938,3441 998,3442 1058,3443 1118,3444 1178,3445 1238,3445 1298,3445 1358,3445 1418,3445 1478,3444"/>
                <TextEquiv>
                    <Unicode>und natürlich darf es bei Schnitzler nicht zugehen. Nun will sie nicht,</Unicode>
                </TextEquiv>
            </TextLine>
            <TextLine id="r1l58" custom="readingOrder {index:57;}">
                <Coords points="257,3486 1452,3501 1496,3447 257,3435"/>
                <Baseline points="266,3472 330,3471 394,3472 458,3472 522,3472 586,3473 650,3474 715,3475 779,3476 843,3478 907,3479 971,3480 1035,3481 1100,3482 1164,3483 1228,3483 1292,3483 1356,3483 1420,3483 1485,3482"/>
                <TextEquiv>
                    <Unicode>trotzdem sie selber von der Gräfin, ihrer Nebenbuhlerin, den verhäng¬</Unicode>
                </TextEquiv>
            </TextLine>
            <TextLine id="r1l59" custom="readingOrder {index:58;}">
                <Coords points="256,3523 1408,3536 1484,3503 257,3488"/>
                <Baseline points="266,3511 326,3511 386,3511 447,3512 507,3513 567,3513 628,3514 688,3515 748,3516 809,3516 869,3517 929,3518 990,3519 1050,3520 1110,3521 1171,3522 1231,3522 1291,3523 1352,3523 1412,3524 1473,3524"/>
                <TextEquiv>
                    <Unicode>nisvollen Brief, der zu unangenehmem Zusammentreffen mit deren</Unicode>
                </TextEquiv>
            </TextLine>
            <TextLine id="r1l60" custom="readingOrder {index:59;}">
                <Coords points="254,3556 1476,3571 1476,3531 1375,3522 255,3524"/>
                <Baseline points="264,3548 324,3549 384,3549 444,3550 504,3551 564,3551 624,3552 685,3554 745,3554 805,3556 865,3557 925,3558 985,3559 1045,3560 1106,3560 1166,3561 1226,3562 1286,3562 1346,3562 1406,3563 1467,3562"/>
                <TextEquiv>
                    <Unicode>Manne führen könme, holt. Das heißt, im Grunde will sie doch, denn</Unicode>
                </TextEquiv>
            </TextLine>
            <TextLine id="r1l61" custom="readingOrder {index:60;}">
                <Coords points="259,3589 1482,3603 1479,3559 259,3563"/>
                <Baseline points="267,3587 327,3587 387,3588 447,3589 508,3590 568,3591 628,3592 688,3593 749,3594 809,3595 869,3596 929,3597 990,3598 1050,3599 1110,3599 1170,3600 1231,3600 1291,3600 1351,3600 1411,3600 1472,3599"/>
                <TextEquiv>
                    <Unicode>als er nach der letzten verzwickten Auseinandersetzung, in der das</Unicode>
                </TextEquiv>
            </TextLine>
            <TextLine id="r1l62" custom="readingOrder {index:61;}">
                <Coords points="265,3631 1469,3661 1470,3610 265,3595"/>
                <Baseline points="275,3624 334,3626 393,3627 452,3629 511,3630 571,3631 630,3632 689,3633 748,3634 807,3635 867,3636 926,3637 985,3637 1044,3638 1103,3639 1163,3639 1222,3640 1281,3640 1340,3640 1399,3641 1459,3641"/>
                <TextEquiv>
                    <Unicode>Wiederfinden der Ehegatten gewissermaßen als ein ehelicher Ehebruch</Unicode>
                </TextEquiv>
            </TextLine>
            <TextLine id="r1l63" custom="readingOrder {index:62;}">
                <Coords points="258,3667 1436,3693 1457,3648 258,3632"/>
                <Baseline points="266,3669 325,3669 384,3669 443,3670 502,3670 561,3671 620,3672 679,3672 738,3673 797,3674 856,3675 915,3676 974,3676 1033,3677 1092,3678 1151,3678 1210,3679 1269,3679 1328,3679 1387,3679 1447,3679"/>
                <TextEquiv>
                    <Unicode>gegenüber den beiderseitigen Liebhabern erscheint, davongegangen ist,</Unicode>
                </TextEquiv>
            </TextLine>
            <TextLine id="r1l64" custom="readingOrder {index:63;}">
                <Coords points="254,3717 1474,3728 1474,3682 255,3672"/>
                <Baseline points="264,3706 324,3707 384,3708 444,3708 504,3709 564,3710 624,3711 684,3712 744,3713 804,3713 864,3714 924,3715 984,3716 1044,3717 1104,3718 1164,3718 1224,3719 1284,3720 1344,3720 1404,3721 1465,3722"/>
                <TextEquiv>
                    <Unicode>bricht sie in Träuen auf dem Stuhl zusammen. Aller Fleiß ist auf</Unicode>
                </TextEquiv>
            </TextLine>
            <TextLine id="r1l65" custom="readingOrder {index:64;}">
                <Coords points="258,3743 1464,3781 1480,3721 258,3713"/>
                <Baseline points="267,3746 327,3747 387,3748 447,3749 507,3749 567,3750 627,3751 687,3752 747,3753 807,3753 868,3754 928,3755 988,3755 1048,3756 1108,3756 1168,3757 1228,3758 1288,3758 1348,3759 1408,3759 1469,3760"/>
                <TextEquiv>
                    <Unicode>diese beiden Hauptfiguren verwendet, in endlosen, mit Geistreichigkeiten</Unicode>
                </TextEquiv>
            </TextLine>
            <TextLine id="r1l66" custom="readingOrder {index:65;}">
                <Coords points="259,3787 1475,3810 1449,3763 260,3742"/>
                <Baseline points="268,3785 327,3786 387,3787 447,3787 507,3788 567,3789 627,3790 686,3790 746,3791 806,3792 866,3793 926,3794 986,3794 1046,3795 1105,3795 1165,3796 1225,3796 1285,3797 1345,3797 1405,3797 1465,3797"/>
                <TextEquiv>
                    <Unicode>vollgepfropften Dia= und Monologen, die auf die Dauer ermüden,</Unicode>
                </TextEquiv>
            </TextLine>
            <TextLine id="r1l67" custom="readingOrder {index:66;}">
                <Coords points="261,3828 1194,3853 1437,3849 1470,3810 262,3790"/>
                <Baseline points="270,3822 329,3823 389,3824 448,3824 508,3825 567,3826 627,3827 686,3828 746,3829 805,3830 865,3831 925,3832 984,3832 1044,3833 1103,3834 1163,3834 1222,3835 1282,3836 1341,3836 1401,3836 1461,3837"/>
                <TextEquiv>
                    <Unicode>sollen sie uns wahrscheinlich gemacht werden. Die Nebenfiguren sind</Unicode>
                </TextEquiv>
            </TextLine>
            <TextLine id="r1l68" custom="readingOrder {index:67;}">
                <Coords points="257,3862 1469,3886 1447,3842 257,3828"/>
                <Baseline points="266,3859 325,3860 385,3861 444,3862 504,3864 564,3865 623,3866 683,3867 743,3868 802,3869 862,3870 922,3871 981,3872 1041,3872 1101,3873 1160,3874 1220,3874 1280,3875 1339,3876 1399,3876 1459,3877"/>
                <TextEquiv>
                    <Unicode>durchaus mißlungene, karikaturenhafte Gebilde, die Opernsängerin,</Unicode>
                </TextEquiv>
            </TextLine>
            <TextLine id="r1l69" custom="readingOrder {index:68;}">
                <Coords points="254,3920 1474,3914 1414,3879 255,3878"/>
                <Baseline points="263,3900 323,3900 383,3901 443,3902 503,3902 563,3903 623,3904 683,3905 743,3906 803,3907 863,3908 923,3909 983,3910 1043,3911 1103,3912 1163,3912 1223,3913 1283,3913 1343,3914 1403,3914 1464,3914"/>
                <TextEquiv>
                    <Unicode>der Fürst, der Dichter Albertus Rhon und seine Frau. Die Darsteller,</Unicode>
                </TextEquiv>
            </TextLine>
            <TextLine id="r1l70" custom="readingOrder {index:69;}">
                <Coords points="257,3949 1368,3965 1472,3922 258,3921"/>
                <Baseline points="267,3940 326,3941 386,3942 446,3942 505,3943 565,3944 625,3945 684,3946 744,3947 804,3948 864,3949 923,3950 983,3950 1043,3951 1102,3952 1162,3952 1222,3953 1281,3953 1341,3954 1401,3954 1461,3954"/>
                <TextEquiv>
                    <Unicode>namentlich der unübertreffliche Kainz, ließen nichts unversucht, der</Unicode>
                </TextEquiv>
            </TextLine>
            <TextLine id="r1l71" custom="readingOrder {index:70;}">
                <Coords points="252,4014 1289,3995 1379,4028 1499,4012 1500,3947 252,3943"/>
                <Baseline points="262,3977 323,3980 384,3982 446,3984 507,3986 569,3987 630,3988 691,3988 753,3988 814,3989 876,3989 937,3989 998,3989 1060,3989 1121,3989 1183,3990 1244,3990 1305,3991 1367,3992 1428,3993 1490,3995"/>
                <TextEquiv>
                    <Unicode>Komödie zu einem Erfolge zu verhelfen, aber die Mühe war umsonst.</Unicode>
                </TextEquiv>
            </TextLine>
            <TextEquiv>
                <Unicode>20. Zuischenspiel box 25/1
5
Telephon 12801.
9
„OBSERVER‘
I. österr. behördl. konz. Unternehmen für Zeilungs-Ausschnitte
Wien, I., Concordiaplatz 4.
Vertretungen
in Berlin, Budapest, Chicago, Christiania, Genf, Kopenhagen.
London, Madrid. Mailand, Minneapolis, New-York, Paris, Rom,
San Francisco, Stockholm, St. Petersburg.
(Ouallenange be ohne Gewahr.)
Ausschnitt aus: Kölnische Zeitung

Theater und Musik.
E Wien. Das Hofburgtheater brachte am Donnerstag Arthur
Schnitzlers dreiaktige Komödie Zwischenspiel als Neuigkeit heraus.
Damit hat es dem gespannten Verhältnis zwischen ihm und dem Dichter,
das seit der Zurückziehung des „Schleiers der Beatrice“ wegen Ver¬
schleppung der Aufführung bestand, ein Ende gemacht. Eine gediegenere
Darstellung seines Zwischer piels als im Burgtheater, wo Kainz den
Kapellmeister Amadens Adams mit seiner ganzen psychologischen Fein¬
und Kleinkunst verkörperte, wird Schnitzler kaum finden, und doch
blieb der Erfolg aus. Es soll zugegeben werden, daß Schnitzler seine
eigenen Bahnen wandelt, daß er selbst von Ibsen, dem er geistig sehr
nahe steht, sich merklich dadurch unterscheidet, daß er seine Psycholegie
nicht ins Patholsgische abirren läßt, daß er im allgemeinen grobe Mittel,
wenn sie auch nicht ganz sehlen, verschmäht und mit dem Rüstzeug
eines verfeinerten Dialogs arbeitet. Aber trotz dieser Anerkennung
kann ihm der Vorwurf der Künstelei, der literarischen Spielerei nicht
erspart werden. In keinem seiner Stücke tritt dieser Mangel wohl
schärfer hervor als in diesem neuesten. Man hat den Eindruck, daß
der Dichter um jeden Preis etwas noch nicht Dagewesenes bieten
wollte. Vor allen Dingen keinen Schluß, der nach Alltäglichkeit schmecke.
Darum müssen die beiden Eheleute der hypermodernen Ehe, die er uns
vorführt, auseinander gehen, obgleich sie mit psychologischer Notwendig¬
keit — wenigstens wenn man die Charakterisierung durch den Dichter
zur Grundlage nimmt — sich am Ende wieder in die Arme fallen
müßten. Das Künstlerpaar Amadens Adams, Kapellmeister, und
Cäcilie Adams=Ortenburg, Opernsängerin, hat nach siebenjähriger Ehe,
die nicht nur auf Liebe, sondern auch auf Wahrheit aufgebaut und der
auch ein Kind entsprossen ist, das Gefühl der gegenseitigen Unentbehr¬
lichkeit durch die einschläfernde Wirkung des täglichen Verkehrs ein
wenig verloren und sehnt sich nach neuen Reizen. Er geht einer durch¬
aus nicht faszinterend genug dargestellten Sirene, der dilettantischen
Opernsängerin Gräfin Friederike Moosheim, ins Netz; sie läßt sich von
Sigismund Fürsten Maradas=Lohsenstein auschmachten, der sich zum
Ueberfluß im britten Akt auch noch als vollendeter Trottel vorstellt.
Sie treffen das Uebereinkommen, sich gegenseitig nicht zu genieren
wovon er wirklichen, sie, wie sich zum Schluß herausstellt, nur platonisch
Gebrauch macht, und im übrigen gute Freunde und Hausgenossen and
bleiben. Im zweiten Akt kehrt Cäcilie von einer Berliner Kunstresse
nach Wien zurück, und ihr Reiz packt Amadeus, der übrigens des
Verhältnisses mit der Gräfin schon überdrüssig ist, nach der langen
Treunung wie etwas ganz Neues. Er reißt sie stürmisch an sich. Die
wieder vereinten Ehelemte, sollte man meinen. Aber nein, so einsach
und natürlich darf es bei Schnitzler nicht zugehen. Nun will sie nicht,
trotzdem sie selber von der Gräfin, ihrer Nebenbuhlerin, den verhäng¬
nisvollen Brief, der zu unangenehmem Zusammentreffen mit deren
Manne führen könme, holt. Das heißt, im Grunde will sie doch, denn
als er nach der letzten verzwickten Auseinandersetzung, in der das
Wiederfinden der Ehegatten gewissermaßen als ein ehelicher Ehebruch
gegenüber den beiderseitigen Liebhabern erscheint, davongegangen ist,
bricht sie in Träuen auf dem Stuhl zusammen. Aller Fleiß ist auf
diese beiden Hauptfiguren verwendet, in endlosen, mit Geistreichigkeiten
vollgepfropften Dia= und Monologen, die auf die Dauer ermüden,
sollen sie uns wahrscheinlich gemacht werden. Die Nebenfiguren sind
durchaus mißlungene, karikaturenhafte Gebilde, die Opernsängerin,
der Fürst, der Dichter Albertus Rhon und seine Frau. Die Darsteller,
namentlich der unübertreffliche Kainz, ließen nichts unversucht, der
Komödie zu einem Erfolge zu verhelfen, aber die Mühe war umsonst.</Unicode>
            </TextEquiv>
        </TextRegion>
        <TextRegion orientation="0.0" id="r2" custom="readingOrder {index:1;}">
            <Coords points="2099,106 2099,4164 3251,4164 3251,106"/>
            <TextLine id="r2l1" custom="readingOrder {index:0;}">
                <Coords points="2531,136 2559,150 2581,142 2681,150 2700,141 2741,155 2767,140 2792,148 2814,132 2833,134 2834,79 2763,78 2736,100 2695,79 2532,78"/>
                <Baseline points="2540,128 2565,131 2591,132 2617,133 2643,134 2669,134 2694,134 2720,134 2746,134 2772,135 2798,135 2824,136"/>
                <TextEquiv>
                    <Unicode>Ween</Unicode>
                </TextEquiv>
            </TextLine>
            <TextLine id="r2l2" custom="readingOrder {index:1;}">
                <Coords points="2104,179 3228,187 3228,149 3099,137 2104,150"/>
                <Baseline points="2113,183 2168,184 2223,185 2278,186 2334,186 2389,186 2444,185 2500,185 2555,184 2610,183 2666,183 2721,182 2776,181 2831,181 2887,180 2942,180 2997,179 3053,180 3108,180 3163,181 3219,182"/>
                <TextEquiv>
                    <Unicode>in Berlin, Budapest, Chicago, Christiania, Genf, Kopenhagen,</Unicode>
                </TextEquiv>
            </TextLine>
            <TextLine id="r2l3" custom="readingOrder {index:2;}">
                <Coords points="2100,227 3233,241 3233,194 3124,185 2100,205"/>
                <Baseline points="2110,222 2165,223 2221,224 2277,224 2332,224 2388,224 2444,224 2499,223 2555,222 2611,222 2667,221 2722,221 2778,220 2834,220 2889,220 2945,220 3001,220 3056,221 3112,222 3168,223 3224,225"/>
                <TextEquiv>
                    <Unicode>London, Madrid, Mailand, Minneapolis, New-York, Paris, Rom,</Unicode>
                </TextEquiv>
            </TextLine>
            <TextLine id="r2l4" custom="readingOrder {index:3;}">
                <Coords points="2297,289 2400,274 2425,293 2472,268 3051,278 3051,233 3019,227 2297,231"/>
                <Baseline points="2306,261 2342,261 2379,261 2416,261 2453,261 2490,260 2526,260 2563,259 2600,259 2637,259 2674,258 2710,258 2747,258 2784,258 2821,258 2858,258 2894,258 2931,259 2968,260 3005,261 3042,262"/>
                <TextEquiv>
                    <Unicode>San Francisco, Stockholm, St. Petersburg.</Unicode>
                </TextEquiv>
            </TextLine>
            <TextLine id="r2l5" custom="readingOrder {index:4;}">
                <Coords points="2467,315 2596,323 2662,303 2709,331 2767,307 2881,313 2881,275 2834,269 2467,274"/>
                <Baseline points="2476,298 2502,298 2528,298 2555,298 2581,297 2608,297 2634,297 2660,297 2687,297 2713,297 2740,297 2766,298 2792,298 2819,298 2845,299 2872,300"/>
                <TextEquiv>
                    <Unicode>(Quellenangabe ohne Dewähr.)</Unicode>
                </TextEquiv>
            </TextLine>
            <TextLine id="r2l6" custom="readingOrder {index:5;}">
                <Coords points="2107,401 2150,412 2295,404 2308,416 2357,401 2377,416 2462,402 2484,417 2520,401 2521,361 2447,357 2431,342 2393,343 2378,358 2108,352"/>
                <Baseline points="2116,394 2142,395 2168,395 2195,395 2221,395 2247,395 2274,395 2300,395 2326,395 2353,395 2379,396 2405,396 2432,396 2458,397 2484,398 2511,400"/>
                <TextEquiv>
                    <Unicode>Ausschnitt aus:</Unicode>
                </TextEquiv>
            </TextLine>
            <TextLine id="r2l7" custom="readingOrder {index:6;}">
                <Coords points="2558,426 2618,453 2654,441 2780,468 2879,432 2954,445 3143,427 3142,369 3097,371 3069,347 2904,350 2827,388 2557,365"/>
                <Baseline points="2567,422 2595,428 2623,432 2651,435 2680,438 2708,439 2736,440 2765,440 2793,439 2821,439 2850,437 2878,436 2906,434 2934,432 2963,431 2991,429 3019,428 3048,428 3076,427 3104,427 3133,428"/>
                <TextEquiv>
                    <Unicode>Wiener Bilder</Unicode>
                </TextEquiv>
            </TextLine>
            <TextLine id="r2l8" custom="readingOrder {index:7;}">
                <Coords points="2103,505 2293,485 2771,504 2785,476 2729,451 2474,423 2374,454 2327,435 2282,460 2192,450 2103,472"/>
                <Baseline points="2113,497 2146,495 2179,494 2212,493 2245,492 2278,491 2311,490 2344,490 2377,490 2410,490 2444,491 2477,491 2510,492 2543,493 2576,494 2609,495 2642,497 2675,498 2708,500 2741,502 2775,504"/>
                <TextEquiv>
                    <Unicode>vom: 4ö. URTUßEK 180.</Unicode>
                </TextEquiv>
            </TextLine>
            <TextLine id="r2l9" custom="readingOrder {index:8;}">
                <Coords points="2239,633 2458,653 2532,622 2625,666 2663,642 2963,652 3029,636 3030,576 2623,561 2528,595 2351,557 2240,573"/>
                <Baseline points="2249,628 2287,628 2326,628 2364,629 2403,629 2441,630 2480,631 2518,632 2557,633 2595,634 2634,635 2673,637 2711,637 2750,638 2788,638 2827,639 2865,638 2904,638 2942,636 2981,635 3020,633"/>
                <TextEquiv>
                    <Unicode>Wiener Theaterbilder.</Unicode>
                </TextEquiv>
            </TextLine>
            <TextLine id="r2l10" custom="readingOrder {index:9;}">
                <Coords points="2189,727 3089,744 3232,731 3232,660 3075,697 2883,658 2654,694 2189,674"/>
                <Baseline points="2199,721 2250,721 2301,722 2352,722 2403,723 2454,724 2505,725 2557,725 2608,726 2659,726 2710,727 2761,727 2812,728 2863,728 2915,728 2966,728 3017,728 3068,727 3119,727 3170,726 3222,725"/>
                <TextEquiv>
                    <Unicode>Burgtheater. Arthur Schnitzlers Komödie:</Unicode>
                </TextEquiv>
            </TextLine>
            <TextLine id="r2l11" custom="readingOrder {index:10;}">
                <Coords points="2102,786 3205,799 3222,732 2102,741"/>
                <Baseline points="2112,776 2167,775 2222,775 2277,775 2332,775 2387,775 2442,775 2497,775 2552,775 2607,776 2662,776 2717,776 2772,776 2827,777 2882,777 2937,777 2992,777 3047,777 3102,776 3157,776 3212,775"/>
                <TextEquiv>
                    <Unicode>„Zwischenspiel“ fand am letzten Donnerstag eine sehr freund=</Unicode>
                </TextEquiv>
            </TextLine>
            <TextLine id="r2l12" custom="readingOrder {index:11;}">
                <Coords points="2100,839 3230,844 3230,800 3143,783 2100,785"/>
                <Baseline points="2109,823 2164,823 2220,823 2275,823 2331,824 2386,824 2442,824 2497,825 2553,825 2608,825 2664,826 2720,826 2775,826 2831,827 2886,827 2942,827 2997,827 3053,827 3108,826 3164,826 3220,825"/>
                <TextEquiv>
                    <Unicode>liche Aufnahme, die nur durch den nebulosen Schluß eine Ab=2.</Unicode>
                </TextEquiv>
            </TextLine>
            <TextLine id="r2l13" custom="readingOrder {index:12;}">
                <Coords points="2112,882 3076,889 3190,881 3232,834 2111,839"/>
                <Baseline points="2120,877 2175,876 2230,875 2285,875 2340,875 2395,875 2450,875 2505,875 2560,875 2615,876 2671,876 2726,876 2781,877 2836,877 2891,877 2946,877 3001,876 3056,875 3111,874 3166,873 3222,871"/>
                <TextEquiv>
                    <Unicode>chwächung erfuhr. Die zahlreichen, widerspruchslosen Hervor.5</Unicode>
                </TextEquiv>
            </TextLine>
            <TextLine id="r2l14" custom="readingOrder {index:13;}">
                <Coords points="2107,927 3125,927 3225,956 3225,882 3178,875 2107,893"/>
                <Baseline points="2116,927 2171,926 2226,926 2281,925 2336,925 2391,924 2446,924 2501,924 2556,924 2611,924 2666,924 2721,924 2776,925 2831,925 2886,926 2941,926 2996,927 3051,927 3106,928 3161,928 3216,929"/>
                <TextEquiv>
                    <Unicode>rufe des Dichters, und das Interesse, mit dem das Publikumg</Unicode>
                </TextEquiv>
            </TextLine>
            <TextLine id="r2l15" custom="readingOrder {index:14;}">
                <Coords points="2107,987 3237,970 3203,915 3029,945 2108,930"/>
                <Baseline points="2116,973 2171,974 2227,975 2282,975 2338,975 2394,975 2449,975 2505,974 2560,974 2616,973 2672,973 2727,973 2783,973 2838,973 2894,973 2950,974 3005,975 3061,976 3116,978 3172,981 3228,983"/>
                <TextEquiv>
                    <Unicode>den Gang der Handlung verfolgte, sind ein Beweis von der</Unicode>
                </TextEquiv>
            </TextLine>
            <TextLine id="r2l16" custom="readingOrder {index:15;}">
                <Coords points="2096,1030 3218,1034 3231,977 2096,995"/>
                <Baseline points="2105,1027 2160,1026 2216,1025 2272,1024 2328,1023 2384,1022 2440,1022 2495,1022 2551,1022 2607,1022 2663,1022 2719,1022 2775,1022 2831,1022 2886,1022 2942,1022 2998,1022 3054,1022 3110,1021 3166,1021 3222,1020"/>
                <TextEquiv>
                    <Unicode>großen Wertschätzung und dem Kredit, dessen sich der Dichter</Unicode>
                </TextEquiv>
            </TextLine>
            <TextLine id="r2l17" custom="readingOrder {index:16;}">
                <Coords points="2090,1073 3166,1093 3233,1072 3233,1029 2090,1046"/>
                <Baseline points="2099,1074 2155,1074 2211,1073 2267,1073 2324,1073 2380,1073 2436,1073 2492,1073 2549,1073 2605,1073 2661,1074 2717,1074 2774,1074 2830,1074 2886,1074 2942,1074 2999,1074 3055,1073 3111,1073 3167,1072 3224,1071"/>
                <TextEquiv>
                    <Unicode>der „Liebelei“ erfreut. Denn der Stoff und die Führung der##</Unicode>
                </TextEquiv>
            </TextLine>
            <TextLine id="r2l18" custom="readingOrder {index:17;}">
                <Coords points="2094,1120 3193,1141 3208,1079 2093,1088"/>
                <Baseline points="2103,1122 2157,1123 2212,1123 2267,1124 2322,1124 2376,1124 2431,1123 2486,1123 2541,1122 2595,1121 2650,1121 2705,1120 2760,1119 2814,1119 2869,1119 2924,1118 2979,1119 3033,1119 3088,1120 3143,1121 3198,1122"/>
                <TextEquiv>
                    <Unicode>Handlung sind nicht ganz einwandfrei. Daß Schnitzler seinen</Unicode>
                </TextEquiv>
            </TextLine>
            <TextLine id="r2l19" custom="readingOrder {index:18;}">
                <Coords points="2108,1183 3207,1169 3207,1138 3123,1125 2108,1136"/>
                <Baseline points="2117,1171 2171,1171 2225,1171 2279,1172 2333,1172 2387,1172 2441,1172 2495,1172 2549,1172 2603,1172 2657,1172 2711,1172 2765,1172 2819,1171 2873,1171 2927,1171 2981,1170 3035,1170 3089,1170 3143,1169 3197,1168"/>
                <TextEquiv>
                    <Unicode>Stoff mit einem geistigen Inhalt erfüllt, der über manche</Unicode>
                </TextEquiv>
            </TextLine>
            <TextLine id="r2l20" custom="readingOrder {index:19;}">
                <Coords points="2095,1212 2438,1242 3209,1217 3170,1178 2095,1186"/>
                <Baseline points="2105,1223 2159,1222 2214,1221 2269,1221 2324,1220 2378,1220 2433,1219 2488,1219 2543,1219 2597,1218 2652,1218 2707,1218 2762,1218 2816,1219 2871,1219 2926,1219 2981,1220 3035,1220 3090,1221 3145,1221 3200,1222"/>
                <TextEquiv>
                    <Unicode>phycholog'sche Untiefen der Handlung hinüberführt, daß sein</Unicode>
                </TextEquiv>
            </TextLine>
            <TextLine id="r2l21" custom="readingOrder {index:20;}">
                <Coords points="2096,1278 3053,1295 3195,1287 3217,1227 2095,1246"/>
                <Baseline points="2105,1274 2160,1273 2215,1271 2270,1271 2325,1270 2381,1269 2436,1268 2491,1268 2546,1268 2601,1267 2657,1267 2712,1267 2767,1267 2822,1267 2877,1267 2933,1267 2988,1267 3043,1268 3098,1268 3153,1268 3209,1268"/>
                <TextEquiv>
                    <Unicode>glänzender Dialog die Situation mit einem Stimmungsgehalt</Unicode>
                </TextEquiv>
            </TextLine>
            <TextLine id="r2l22" custom="readingOrder {index:21;}">
                <Coords points="2110,1328 3213,1321 3161,1273 2110,1291"/>
                <Baseline points="2119,1321 2173,1319 2227,1318 2281,1318 2335,1317 2390,1317 2444,1317 2498,1317 2552,1317 2606,1317 2661,1318 2715,1318 2769,1319 2823,1319 2877,1319 2932,1319 2986,1319 3040,1319 3094,1319 3148,1318 3203,1317"/>
                <TextEquiv>
                    <Unicode>ausstatet, der die Regungen des Widerspruchs zum Schwei¬</Unicode>
                </TextEquiv>
            </TextLine>
            <TextLine id="r2l23" custom="readingOrder {index:22;}">
                <Coords points="2104,1375 3157,1384 3213,1326 2104,1332"/>
                <Baseline points="2113,1374 2167,1372 2222,1371 2276,1370 2331,1370 2385,1369 2440,1369 2494,1368 2549,1368 2603,1368 2658,1368 2713,1369 2767,1369 2822,1369 2876,1369 2931,1369 2985,1369 3040,1369 3094,1369 3149,1369 3204,1369"/>
                <TextEquiv>
                    <Unicode>gen bringt, zeugt von der dichterischen Begabung, seineigenes</Unicode>
                </TextEquiv>
            </TextLine>
            <TextLine id="r2l24" custom="readingOrder {index:23;}">
                <Coords points="2098,1423 3201,1442 3201,1367 3096,1395 2098,1393"/>
                <Baseline points="2107,1423 2161,1421 2215,1420 2269,1418 2324,1418 2378,1417 2432,1417 2486,1417 2541,1417 2595,1418 2649,1418 2703,1419 2758,1419 2812,1419 2866,1419 2920,1419 2975,1419 3029,1419 3083,1418 3137,1417 3192,1415"/>
                <TextEquiv>
                    <Unicode>Innenleben auch dann zur Geltung zu bringen, wenn die emp¬</Unicode>
                </TextEquiv>
            </TextLine>
            <TextLine id="r2l25" custom="readingOrder {index:24;}">
                <Coords points="2098,1469 3201,1475 3201,1436 3028,1423 2098,1441"/>
                <Baseline points="2107,1470 2161,1469 2215,1469 2269,1469 2324,1468 2378,1468 2432,1468 2486,1467 2541,1467 2595,1467 2649,1467 2703,1467 2758,1467 2812,1467 2866,1467 2920,1467 2975,1467 3029,1467 3083,1466 3137,1466 3192,1466"/>
                <TextEquiv>
                    <Unicode>irischen Tatsachen des Lebens lauten Einspruch dagegen er</Unicode>
                </TextEquiv>
            </TextLine>
            <TextLine id="r2l26" custom="readingOrder {index:25;}">
                <Coords points="2106,1527 3138,1534 3201,1522 3201,1475 2105,1480"/>
                <Baseline points="2114,1518 2167,1518 2221,1517 2275,1517 2329,1517 2383,1517 2437,1517 2490,1517 2544,1517 2598,1517 2652,1516 2706,1516 2760,1516 2814,1516 2867,1516 2921,1516 2975,1516 3029,1515 3083,1515 3137,1515 3191,1514"/>
                <TextEquiv>
                    <Unicode>heben. Der Kapellmeister und Komponist Amadeus</Unicode>
                </TextEquiv>
            </TextLine>
            <TextLine id="r2l27" custom="readingOrder {index:26;}">
                <Coords points="2112,1563 3187,1589 3174,1521 2112,1536"/>
                <Baseline points="2121,1569 2173,1568 2226,1567 2279,1567 2332,1566 2385,1566 2438,1566 2490,1566 2543,1566 2596,1565 2649,1565 2702,1566 2755,1566 2808,1566 2860,1566 2913,1566 2966,1566 3019,1566 3072,1565 3125,1565 3178,1565"/>
                <TextEquiv>
                    <Unicode>Adams lebt mit seiner Gattin Cäcilie sieben Jahre in</Unicode>
                </TextEquiv>
            </TextLine>
            <TextLine id="r2l28" custom="readingOrder {index:27;}">
                <Coords points="2105,1629 3184,1630 3150,1568 2105,1586"/>
                <Baseline points="2115,1621 2168,1620 2221,1619 2274,1618 2327,1617 2380,1617 2433,1617 2486,1617 2539,1617 2592,1617 2645,1617 2698,1617 2751,1617 2804,1617 2857,1617 2910,1617 2963,1617 3016,1617 3069,1617 3122,1616 3175,1615"/>
                <TextEquiv>
                    <Unicode>glücklicher Ehe. Daß diese Ehe glücklich war, beweist schon das</Unicode>
                </TextEquiv>
            </TextLine>
            <TextLine id="r2l29" custom="readingOrder {index:28;}">
                <Coords points="2104,1683 3070,1684 3187,1665 3187,1629 2104,1632"/>
                <Baseline points="2114,1669 2167,1667 2220,1665 2273,1665 2326,1664 2380,1663 2433,1663 2486,1663 2539,1662 2592,1662 2646,1663 2699,1663 2752,1663 2805,1663 2858,1663 2912,1663 2965,1664 3018,1663 3071,1663 3124,1663 3178,1662"/>
                <TextEquiv>
                    <Unicode>schöne, kameradschaftliche Verhältnis, und die Anwesenheit eines</Unicode>
                </TextEquiv>
            </TextLine>
            <TextLine id="r2l30" custom="readingOrder {index:29;}">
                <Coords points="2100,1703 3194,1743 3182,1662 2100,1684"/>
                <Baseline points="2110,1717 2163,1716 2217,1715 2271,1714 2324,1714 2378,1713 2432,1713 2485,1713 2539,1712 2593,1712 2647,1712 2700,1712 2754,1713 2808,1713 2861,1713 2915,1713 2969,1713 3022,1714 3076,1714 3130,1714 3184,1714"/>
                <TextEquiv>
                    <Unicode>sechsjährigen Söhnchens, zwei Momente, die für bürgerlich</Unicode>
                </TextEquiv>
            </TextLine>
            <TextLine id="r2l31" custom="readingOrder {index:30;}">
                <Coords points="2103,1769 3102,1765 3237,1801 3237,1715 3201,1701 3154,1731 2103,1724"/>
                <Baseline points="2113,1766 2168,1766 2224,1766 2280,1766 2335,1766 2391,1765 2447,1765 2502,1764 2558,1764 2614,1763 2670,1763 2725,1763 2781,1763 2837,1763 2892,1763 2948,1763 3004,1764 3059,1765 3115,1766 3171,1768 3227,1770"/>
                <TextEquiv>
                    <Unicode>Begriffe als die mächtigsten Stützen eines Lebensbundes gel#</Unicode>
                </TextEquiv>
            </TextLine>
            <TextLine id="r2l32" custom="readingOrder {index:31;}">
                <Coords points="2099,1813 3207,1830 3207,1781 3100,1764 2192,1793 2099,1768"/>
                <Baseline points="2107,1816 2161,1815 2216,1815 2270,1814 2325,1814 2379,1813 2434,1813 2488,1813 2543,1813 2597,1813 2652,1813 2707,1813 2761,1814 2816,1814 2870,1814 2925,1814 2979,1814 3034,1814 3088,1814 3143,1814 3198,1813"/>
                <TextEquiv>
                    <Unicode>ten. Die Beiden haben sich aber schon im Anfang gegenseitige</Unicode>
                </TextEquiv>
            </TextLine>
            <TextLine id="r2l33" custom="readingOrder {index:32;}">
                <Coords points="2100,1865 3216,1883 3252,1830 2276,1814 2100,1842"/>
                <Baseline points="2110,1866 2166,1866 2223,1865 2279,1865 2336,1865 2393,1865 2449,1865 2506,1865 2563,1865 2619,1865 2676,1865 2733,1865 2789,1865 2846,1865 2903,1866 2959,1866 3016,1866 3073,1866 3129,1866 3186,1866 3243,1866"/>
                <TextEquiv>
                    <Unicode>rückhaltlose Aufrichtigkeit gelobt. — Hier stutz' ich schon. Kling: &amp;</Unicode>
                </TextEquiv>
            </TextLine>
            <TextLine id="r2l34" custom="readingOrder {index:33;}">
                <Coords points="2107,1942 2199,1914 3244,1926 3244,1873 3067,1864 2107,1869"/>
                <Baseline points="2116,1914 2171,1913 2227,1912 2283,1912 2339,1911 2395,1911 2451,1911 2507,1911 2563,1912 2619,1912 2675,1912 2730,1912 2786,1913 2842,1913 2898,1913 2954,1913 3010,1913 3066,1913 3122,1912 3178,1911 3234,1910"/>
                <TextEquiv>
                    <Unicode>das nicht schon von vorneherein, wie eine Ehe auf Kündisia.</Unicode>
                </TextEquiv>
            </TextLine>
            <TextLine id="r2l35" custom="readingOrder {index:34;}">
                <Coords points="2099,2023 3227,2021 3226,1956 2099,1985"/>
                <Baseline points="2109,2019 2164,2018 2219,2016 2275,2015 2330,2014 2386,2012 2441,2011 2497,2010 2552,2010 2608,2009 2663,2008 2718,2008 2774,2008 2829,2007 2885,2008 2940,2008 2996,2009 3051,2010 3107,2011 3162,2012 3218,2014"/>
                <TextEquiv>
                    <Unicode>gung? Ist dieser geistige Vorbehalt etwas anderes, als das</Unicode>
                </TextEquiv>
            </TextLine>
            <TextLine id="r2l36" custom="readingOrder {index:35;}">
                <Coords points="2097,2066 3204,2066 3204,2032 3044,2013 2097,2025"/>
                <Baseline points="2107,2064 2161,2063 2215,2061 2270,2060 2324,2059 2379,2059 2433,2058 2487,2058 2542,2058 2596,2057 2651,2057 2705,2058 2759,2058 2814,2058 2868,2058 2923,2058 2977,2059 3031,2059 3086,2059 3140,2059 3195,2059"/>
                <TextEquiv>
                    <Unicode>bekann'e Verhällnis mit dem „süßen Mädel“ von dem auch</Unicode>
                </TextEquiv>
            </TextLine>
            <TextLine id="r2l37" custom="readingOrder {index:36;}">
                <Coords points="2103,2115 3205,2116 3204,2066 3150,2060 2103,2066"/>
                <Baseline points="2113,2112 2167,2112 2221,2111 2275,2110 2329,2110 2383,2110 2437,2110 2492,2110 2546,2110 2600,2110 2654,2110 2708,2110 2762,2110 2816,2110 2871,2110 2925,2110 2979,2110 3033,2110 3087,2109 3141,2109 3196,2108"/>
                <TextEquiv>
                    <Unicode>jeder Teil weiß, daß es ei es „Tages aus sein wird. Es</Unicode>
                </TextEquiv>
            </TextLine>
            <TextLine id="r2l38" custom="readingOrder {index:37;}">
                <Coords points="2098,2172 3196,2164 3196,2119 3121,2114 2098,2114"/>
                <Baseline points="2107,2163 2163,2162 2220,2161 2277,2161 2334,2160 2390,2160 2447,2160 2504,2159 2561,2159 2618,2159 2674,2159 2731,2159 2788,2159 2845,2159 2902,2158 2958,2158 3015,2158 3072,2158 3129,2158 3186,2158"/>
                <TextEquiv>
                    <Unicode>ist also der latente Ehebruch in den Heiratskontrokt als Auf¬</Unicode>
                </TextEquiv>
            </TextLine>
            <TextLine id="r2l39" custom="readingOrder {index:38;}">
                <Coords points="2103,2194 2236,2235 3202,2209 3183,2158 3082,2185 2103,2176"/>
                <Baseline points="2113,2211 2169,2210 2226,2210 2283,2209 2340,2209 2396,2208 2453,2208 2510,2208 2567,2208 2624,2207 2680,2207 2737,2207 2794,2207 2851,2207 2908,2207 2964,2207 3021,2206 3078,2206 3135,2206 3192,2206"/>
                <TextEquiv>
                    <Unicode>richtigkeitsparagraph ausgenommen. Echte Liebe ist bei einem</Unicode>
                </TextEquiv>
            </TextLine>
            <TextLine id="r2l40" custom="readingOrder {index:39;}">
                <Coords points="2099,2268 3202,2275 3202,2215 3147,2211 2236,2235 2099,2196"/>
                <Baseline points="2109,2260 2163,2259 2217,2258 2271,2258 2325,2257 2379,2257 2433,2257 2488,2257 2542,2257 2596,2257 2650,2257 2704,2257 2758,2257 2812,2257 2867,2257 2921,2257 2975,2257 3029,2256 3083,2256 3137,2256 3192,2256"/>
                <TextEquiv>
                    <Unicode>solchen seltsamen Bunde von vorneherein ausgeschlossen. Ist</Unicode>
                </TextEquiv>
            </TextLine>
            <TextLine id="r2l41" custom="readingOrder {index:40;}">
                <Coords points="2111,2316 3209,2309 3209,2275 3102,2252 2112,2265"/>
                <Baseline points="2121,2306 2174,2305 2228,2305 2282,2304 2336,2304 2390,2304 2444,2304 2498,2305 2552,2305 2606,2306 2660,2306 2713,2307 2767,2307 2821,2308 2875,2308 2929,2308 2983,2308 3037,2308 3091,2307 3145,2307 3199,2306"/>
                <TextEquiv>
                    <Unicode>eine solche ohne Leidenschaft und ohne Eifersucht denkbar?</Unicode>
                </TextEquiv>
            </TextLine>
            <TextLine id="r2l42" custom="readingOrder {index:41;}">
                <Coords points="2119,2369 3200,2362 3143,2308 2119,2317"/>
                <Baseline points="2128,2356 2181,2356 2234,2356 2287,2356 2340,2356 2393,2356 2446,2356 2499,2357 2552,2357 2605,2357 2659,2357 2712,2357 2765,2356 2818,2356 2871,2356 2924,2356 2977,2356 3030,2355 3083,2355 3136,2355 3190,2354"/>
                <TextEquiv>
                    <Unicode>Und müßten nicht schon die „aufrichtig“ gestandenen Ge¬</Unicode>
                </TextEquiv>
            </TextLine>
            <TextLine id="r2l43" custom="readingOrder {index:42;}">
                <Coords points="2113,2418 3205,2420 3194,2360 2113,2362"/>
                <Baseline points="2122,2405 2175,2405 2229,2405 2282,2405 2336,2405 2390,2406 2443,2406 2497,2406 2551,2406 2604,2407 2658,2407 2712,2407 2765,2407 2819,2407 2873,2407 2926,2406 2980,2406 3034,2405 3087,2405 3141,2404 3195,2403"/>
                <TextEquiv>
                    <Unicode>bankensünden, auftauchende Wünsche und Begierden, jeden</Unicode>
                </TextEquiv>
            </TextLine>
            <TextLine id="r2l44" custom="readingOrder {index:43;}">
                <Coords points="2118,2464 3201,2478 3173,2411 2118,2411"/>
                <Baseline points="2128,2450 2181,2451 2234,2452 2287,2453 2340,2453 2394,2453 2447,2453 2500,2453 2553,2453 2606,2453 2660,2453 2713,2452 2766,2452 2819,2452 2872,2451 2926,2451 2979,2451 3032,2451 3085,2452 3138,2452 3192,2453"/>
                <TextEquiv>
                    <Unicode>Augenblick den Gleichklang der Seelen stören? Diese Aufrich¬</Unicode>
                </TextEquiv>
            </TextLine>
            <TextLine id="r2l45" custom="readingOrder {index:44;}">
                <Coords points="2145,2566 3186,2581 3256,2569 3257,2516 2146,2513"/>
                <Baseline points="2155,2544 2209,2545 2264,2547 2318,2548 2373,2548 2428,2549 2482,2550 2537,2550 2591,2551 2646,2552 2701,2552 2755,2553 2810,2553 2864,2554 2919,2555 2974,2556 3028,2557 3083,2559 3137,2561 3192,2563 3247,2566"/>
                <TextEquiv>
                    <Unicode>#tigkeit trägt auch sonderbare Früchte. Amudeus will sei¬</Unicode>
                </TextEquiv>
            </TextLine>
            <TextLine id="r2l46" custom="readingOrder {index:45;}">
                <Coords points="2149,2606 3254,2632 3237,2560 2150,2566"/>
                <Baseline points="2159,2595 2213,2596 2267,2596 2321,2597 2376,2598 2430,2599 2484,2600 2539,2600 2593,2601 2647,2602 2702,2602 2756,2603 2810,2604 2864,2605 2919,2606 2973,2607 3027,2609 3082,2610 3136,2612 3190,2613 3245,2614"/>
                <TextEquiv>
                    <Unicode>neu sinnlichen Trieben zu einer abenteuernden Gräfin freien</Unicode>
                </TextEquiv>
            </TextLine>
            <TextLine id="r2l47" custom="readingOrder {index:46;}">
                <Coords points="2154,2643 3259,2691 3260,2631 3121,2613 2155,2607"/>
                <Baseline points="2163,2644 2217,2645 2271,2646 2325,2647 2380,2648 2434,2649 2488,2650 2543,2651 2597,2652 2651,2653 2706,2654 2760,2655 2814,2656 2868,2657 2923,2658 2977,2659 3031,2660 3086,2661 3140,2662 3194,2663 3249,2664"/>
                <TextEquiv>
                    <Unicode>Lauf lassen, und Cäcilie fühlt auch ihre leidenschaftliche Natur</Unicode>
                </TextEquiv>
            </TextLine>
            <TextLine id="r2l48" custom="readingOrder {index:47;}">
                <Coords points="2152,2687 3245,2733 3247,2664 2152,2670"/>
                <Baseline points="2161,2693 2214,2694 2268,2695 2322,2696 2376,2697 2430,2698 2483,2699 2537,2700 2591,2701 2645,2702 2699,2703 2752,2704 2806,2705 2860,2706 2914,2707 2968,2708 3021,2708 3075,2709 3129,2711 3183,2712 3237,2713"/>
                <TextEquiv>
                    <Unicode>erwachen. So trennen die Beiden die eheliche Gemeinschaft,</Unicode>
                </TextEquiv>
            </TextLine>
            <TextLine id="r2l49" custom="readingOrder {index:48;}">
                <Coords points="2147,2764 2705,2776 2774,2745 3250,2785 3252,2717 2149,2693"/>
                <Baseline points="2158,2741 2212,2743 2266,2745 2320,2746 2374,2747 2428,2749 2482,2749 2537,2750 2591,2750 2645,2751 2699,2751 2753,2752 2807,2752 2861,2753 2916,2754 2970,2755 3024,2756 3078,2757 3132,2760 3186,2762 3241,2765"/>
                <TextEquiv>
                    <Unicode>bleiben jedoch als gute Kameraden beisammen. Das ist gewiß</Unicode>
                </TextEquiv>
            </TextLine>
            <TextLine id="r2l50" custom="readingOrder {index:49;}">
                <Coords points="2151,2791 3260,2843 3244,2758 2152,2759"/>
                <Baseline points="2160,2790 2214,2791 2269,2793 2323,2795 2378,2796 2432,2797 2487,2798 2541,2799 2596,2799 2650,2800 2705,2801 2760,2802 2814,2802 2869,2803 2923,2804 2978,2805 3032,2806 3087,2807 3141,2809 3196,2811 3251,2813"/>
                <TextEquiv>
                    <Unicode>ein seltener Fall. Wie dann, wenn die Frau ihn noch immer</Unicode>
                </TextEquiv>
            </TextLine>
            <TextLine id="r2l51" custom="readingOrder {index:50;}">
                <Coords points="2146,2857 3174,2877 3257,2868 3258,2823 2147,2788"/>
                <Baseline points="2156,2841 2210,2843 2265,2844 2319,2845 2374,2846 2428,2847 2483,2847 2537,2848 2592,2849 2646,2849 2701,2850 2756,2850 2810,2851 2865,2852 2919,2853 2974,2855 3028,2856 3083,2858 3137,2860 3192,2862 3247,2866"/>
                <TextEquiv>
                    <Unicode>liebt? Was nützt dann alle Aufrichtigkeit? Adelt sie dann</Unicode>
                </TextEquiv>
            </TextLine>
            <TextLine id="r2l52" custom="readingOrder {index:51;}">
                <Coords points="2136,2896 3256,2930 3257,2868 3137,2857 2137,2858"/>
                <Baseline points="2146,2890 2201,2892 2256,2893 2311,2895 2366,2896 2421,2896 2476,2897 2531,2897 2586,2898 2641,2898 2696,2898 2751,2899 2806,2899 2861,2900 2916,2901 2971,2902 3026,2903 3081,2905 3136,2907 3191,2910 3247,2913"/>
                <TextEquiv>
                    <Unicode>den Verrat? Amadeus ist von seinem Sinnesrausch mit der</Unicode>
                </TextEquiv>
            </TextLine>
            <TextLine id="r2l53" custom="readingOrder {index:52;}">
                <Coords points="2145,2964 2964,2952 3171,2982 3252,2970 3253,2931 2146,2913"/>
                <Baseline points="2156,2939 2210,2940 2264,2941 2319,2942 2373,2943 2427,2944 2482,2945 2536,2946 2590,2946 2645,2947 2699,2948 2753,2949 2808,2950 2862,2951 2916,2952 2971,2954 3025,2955 3079,2957 3134,2958 3188,2960 3243,2962"/>
                <TextEquiv>
                    <Unicode>Gräfin bald ernüchtert, und als Cäcilie von einem Gastspiel</Unicode>
                </TextEquiv>
            </TextLine>
            <TextLine id="r2l54" custom="readingOrder {index:53;}">
                <Coords points="2144,3010 3202,3027 3253,3009 3254,2972 2145,2957"/>
                <Baseline points="2154,2993 2208,2993 2262,2993 2317,2993 2371,2993 2426,2994 2480,2994 2535,2995 2589,2996 2644,2997 2698,2998 2752,2999 2807,3000 2861,3001 2916,3003 2970,3004 3025,3006 3079,3007 3134,3009 3188,3010 3243,3012"/>
                <TextEquiv>
                    <Unicode>„gereister“ und schöner denn je zurückkehrt, ist er wieder so</Unicode>
                </TextEquiv>
            </TextLine>
            <TextLine id="r2l55" custom="readingOrder {index:54;}">
                <Coords points="2150,3048 3251,3076 3252,3033 3125,3012 2151,3011"/>
                <Baseline points="2159,3040 2213,3040 2267,3041 2321,3042 2375,3043 2430,3043 2484,3045 2538,3045 2592,3047 2646,3048 2701,3049 2755,3050 2809,3051 2863,3052 2917,3053 2972,3054 3026,3055 3080,3056 3134,3057 3188,3058 3243,3059"/>
                <TextEquiv>
                    <Unicode>aufricht'g, ihr seine wiedererwachte Liebe zu gestehen, die sich</Unicode>
                </TextEquiv>
            </TextLine>
            <TextLine id="r2l56" custom="readingOrder {index:55;}">
                <Coords points="2146,3098 2978,3127 3204,3121 3244,3078 2146,3061"/>
                <Baseline points="2156,3086 2209,3087 2263,3088 2317,3090 2371,3090 2425,3092 2479,3093 2532,3093 2586,3094 2640,3095 2694,3096 2748,3097 2802,3098 2856,3100 2909,3101 2963,3102 3017,3103 3071,3105 3125,3106 3179,3109 3233,3110"/>
                <TextEquiv>
                    <Unicode>aber in einer merkwürdig unsauberen Idee äußert. Er fleht!</Unicode>
                </TextEquiv>
            </TextLine>
            <TextLine id="r2l57" custom="readingOrder {index:56;}">
                <Coords points="2140,3150 3253,3177 3227,3109 2381,3118 2141,3085"/>
                <Baseline points="2150,3137 2204,3139 2259,3141 2313,3143 2368,3144 2423,3145 2477,3146 2532,3147 2587,3147 2641,3148 2696,3149 2751,3149 2805,3150 2860,3150 2915,3151 2969,3151 3024,3152 3079,3153 3133,3153 3188,3154 3243,3156"/>
                <TextEquiv>
                    <Unicode>sie nicht an, ihm zu vergeben, und zu ihm als sein Weib</Unicode>
                </TextEquiv>
            </TextLine>
            <TextLine id="r2l58" custom="readingOrder {index:57;}">
                <Coords points="2139,3184 2568,3223 3234,3219 3235,3174 3031,3152 2140,3150"/>
                <Baseline points="2148,3185 2201,3187 2255,3189 2309,3190 2363,3192 2417,3193 2471,3194 2525,3195 2579,3195 2633,3196 2687,3197 2740,3197 2794,3198 2848,3199 2902,3199 2956,3200 3010,3201 3064,3203 3118,3204 3172,3206 3226,3207"/>
                <TextEquiv>
                    <Unicode>zurückzusehren: Es reitzt ir den zukünf igen Getten seiner Frau</Unicode>
                </TextEquiv>
            </TextLine>
            <TextLine id="r2l59" custom="readingOrder {index:58;}">
                <Coords points="2136,3243 3236,3260 3236,3217 2137,3183"/>
                <Baseline points="2146,3237 2200,3238 2254,3239 2308,3240 2362,3241 2416,3242 2470,3243 2524,3243 2578,3244 2632,3245 2686,3246 2740,3247 2794,3247 2848,3248 2902,3249 2956,3250 3010,3251 3064,3252 3118,3253 3172,3254 3227,3255"/>
                <TextEquiv>
                    <Unicode>zu betrügen, und diese, vom Sturm der Leidenschaft fortge¬</Unicode>
                </TextEquiv>
            </TextLine>
            <TextLine id="r2l60" custom="readingOrder {index:59;}">
                <Coords points="2141,3302 3239,3331 3240,3252 2142,3251"/>
                <Baseline points="2152,3287 2205,3288 2259,3289 2313,3289 2367,3290 2421,3291 2475,3292 2529,3292 2583,3293 2637,3294 2691,3295 2744,3296 2798,3296 2852,3297 2906,3298 2960,3299 3014,3301 3068,3302 3122,3303 3176,3304 3230,3305"/>
                <TextEquiv>
                    <Unicode>rissen, willigt ein. Das ist ein Sakrilegium an den heiligsten</Unicode>
                </TextEquiv>
            </TextLine>
            <TextLine id="r2l61" custom="readingOrder {index:60;}">
                <Coords points="2131,3349 3242,3371 3243,3311 2132,3301"/>
                <Baseline points="2140,3334 2194,3335 2249,3336 2303,3337 2358,3338 2413,3339 2467,3340 2522,3341 2577,3342 2631,3343 2686,3343 2741,3344 2795,3345 2850,3346 2905,3347 2959,3348 3014,3349 3069,3350 3123,3352 3178,3353 3233,3354"/>
                <TextEquiv>
                    <Unicode>Gefühlen, und in welcher Seelenfalte können die Motive</Unicode>
                </TextEquiv>
            </TextLine>
            <TextLine id="r2l62" custom="readingOrder {index:61;}">
                <Coords points="2130,3397 3177,3415 3224,3410 3225,3373 2131,3350"/>
                <Baseline points="2140,3383 2193,3384 2247,3385 2301,3386 2354,3388 2408,3389 2462,3389 2515,3390 2569,3391 2623,3392 2677,3393 2730,3394 2784,3395 2838,3395 2891,3396 2945,3397 2999,3398 3052,3400 3106,3400 3160,3402 3214,3403"/>
                <TextEquiv>
                    <Unicode>schlummern, die ein Weib bewegen, nach diesem Li#e#</Unicode>
                </TextEquiv>
            </TextLine>
            <TextLine id="r2l63" custom="readingOrder {index:62;}">
                <Coords points="2131,3426 2280,3459 2457,3436 3246,3477 3248,3409 2131,3407"/>
                <Baseline points="2140,3433 2194,3434 2249,3434 2304,3435 2359,3436 2414,3437 2469,3438 2523,3439 2578,3440 2633,3441 2688,3442 2743,3443 2798,3445 2853,3446 2907,3447 2962,3448 3017,3449 3072,3451 3127,3452 3182,3453 3237,3454"/>
                <TextEquiv>
                    <Unicode>erst recht auf der Trennung zu bestehen? Das geht hart an</Unicode>
                </TextEquiv>
            </TextLine>
            <TextLine id="r2l64" custom="readingOrder {index:63;}">
                <Coords points="2133,3485 3225,3511 3226,3460 3194,3458 2134,3454"/>
                <Baseline points="2143,3484 2196,3484 2250,3485 2303,3485 2357,3486 2411,3487 2464,3487 2518,3488 2571,3489 2625,3490 2679,3491 2732,3492 2786,3493 2839,3494 2893,3495 2947,3497 3000,3498 3054,3499 3107,3500 3161,3501 3215,3502"/>
                <TextEquiv>
                    <Unicode>die Grenze des Wunderlichen. Wie dann, erlaubt sich da der</Unicode>
                </TextEquiv>
            </TextLine>
            <TextLine id="r2l65" custom="readingOrder {index:64;}">
                <Coords points="2122,3518 2352,3558 3183,3569 3184,3522 3080,3499 2123,3493"/>
                <Baseline points="2132,3533 2184,3533 2236,3533 2288,3534 2340,3534 2392,3535 2444,3536 2497,3537 2549,3538 2601,3539 2653,3540 2705,3541 2757,3542 2809,3543 2862,3544 2914,3545 2966,3546 3018,3548 3070,3548 3122,3549 3175,3551"/>
                <TextEquiv>
                    <Unicode>Dutzendverstand zu fragen, wenn der Sinnesteumel F##¬#</Unicode>
                </TextEquiv>
            </TextLine>
            <TextLine id="r2l66" custom="readingOrder {index:65;}">
                <Coords points="2128,3596 3236,3614 3237,3569 2128,3549"/>
                <Baseline points="2138,3585 2192,3586 2246,3586 2301,3587 2355,3587 2410,3588 2464,3588 2519,3588 2573,3589 2628,3589 2682,3590 2736,3590 2791,3591 2845,3592 2900,3593 2954,3594 3009,3596 3063,3598 3118,3600 3172,3602 3227,3605"/>
                <TextEquiv>
                    <Unicode>hat? Wird neben dem Peterl dann auch der Paul den neu¬</Unicode>
                </TextEquiv>
            </TextLine>
            <TextLine id="r2l67" custom="readingOrder {index:66;}">
                <Coords points="2132,3634 3095,3645 3233,3676 3234,3625 3137,3603 2133,3602"/>
                <Baseline points="2142,3631 2196,3632 2250,3633 2304,3633 2358,3634 2412,3634 2466,3635 2520,3635 2574,3636 2628,3637 2683,3638 2737,3638 2791,3639 2845,3640 2899,3641 2953,3643 3007,3644 3061,3646 3115,3648 3169,3650 3224,3652"/>
                <TextEquiv>
                    <Unicode>rasthenischen Haaripaltereien der Gatten geopfert werden? Dieser</Unicode>
                </TextEquiv>
            </TextLine>
            <TextLine id="r2l68" custom="readingOrder {index:67;}">
                <Coords points="2125,3682 2967,3715 3228,3687 3103,3649 2125,3634"/>
                <Baseline points="2134,3679 2188,3680 2242,3681 2296,3682 2350,3682 2405,3683 2459,3685 2513,3685 2567,3686 2621,3687 2676,3688 2730,3689 2784,3690 2838,3691 2892,3692 2947,3693 3001,3693 3055,3694 3109,3695 3163,3695 3218,3696"/>
                <TextEquiv>
                    <Unicode>letzte Akt wirkte abkühlend auf die gute Stimmung, die der Aben</Unicode>
                </TextEquiv>
            </TextLine>
            <TextLine id="r2l69" custom="readingOrder {index:68;}">
                <Coords points="2124,3737 3120,3773 3223,3758 3225,3702 2125,3695"/>
                <Baseline points="2134,3729 2188,3729 2242,3730 2296,3731 2350,3732 2404,3733 2458,3734 2512,3735 2566,3736 2620,3737 2674,3738 2728,3739 2782,3740 2836,3741 2890,3743 2944,3744 2998,3745 3052,3746 3106,3747 3160,3748 3214,3749"/>
                <TextEquiv>
                    <Unicode>gebracht. Denn es muß konstatiert werden, daß das Stück</Unicode>
                </TextEquiv>
            </TextLine>
            <TextLine id="r2l70" custom="readingOrder {index:69;}">
                <Coords points="2129,3786 3233,3819 3234,3765 2129,3747"/>
                <Baseline points="2138,3776 2192,3779 2246,3781 2300,3783 2355,3785 2409,3786 2463,3787 2518,3788 2572,3790 2626,3790 2681,3791 2735,3792 2789,3793 2843,3793 2898,3794 2952,3795 3006,3795 3061,3796 3115,3797 3169,3798 3224,3799"/>
                <TextEquiv>
                    <Unicode>trotz vielfacher Bedenken stark wirkte. Man war verwirrt, aber</Unicode>
                </TextEquiv>
            </TextLine>
            <TextLine id="r2l71" custom="readingOrder {index:70;}">
                <Coords points="2128,3852 3222,3860 3222,3817 3117,3797 2129,3807"/>
                <Baseline points="2138,3833 2191,3834 2245,3836 2299,3837 2353,3838 2406,3838 2460,3839 2514,3839 2568,3839 2621,3839 2675,3839 2729,3839 2783,3839 2836,3840 2890,3840 2944,3841 2998,3842 3051,3844 3105,3845 3159,3848 3213,3851"/>
                <TextEquiv>
                    <Unicode>auch bestochen von dem geistreichen Labyrinth von psychologi¬</Unicode>
                </TextEquiv>
            </TextLine>
            <TextLine id="r2l72" custom="readingOrder {index:71;}">
                <Coords points="2797,3957 2874,3960 2893,3949 2969,3967 3000,3954 3026,3967 3060,3958 3150,3971 3191,3961 3193,3919 3044,3922 3020,3908 2977,3920 2908,3906 2875,3917 2799,3897"/>
                <Baseline points="2806,3946 2831,3946 2856,3946 2881,3946 2906,3947 2931,3947 2956,3948 2981,3949 3006,3951 3031,3951 3056,3952 3081,3954 3106,3955 3131,3955 3156,3955 3181,3956"/>
                <TextEquiv>
                    <Unicode>schen Scharfsinn und</Unicode>
                </TextEquiv>
            </TextLine>
            <TextLine id="r2l73" custom="readingOrder {index:72;}">
                <Coords points="2787,3999 2993,4016 3023,4000 3055,4019 3160,4004 3196,4014 3197,3971 2788,3956"/>
                <Baseline points="2796,3991 2822,3992 2848,3992 2874,3993 2900,3994 2926,3995 2952,3996 2978,3997 3004,3998 3030,3999 3056,4001 3082,4002 3108,4002 3134,4003 3160,4003 3187,4004"/>
                <TextEquiv>
                    <Unicode>dialektischen Spitzfin¬</Unicode>
                </TextEquiv>
            </TextLine>
            <TextLine id="r2l74" custom="readingOrder {index:73;}">
                <Coords points="2779,4061 2910,4049 3004,4070 3051,4054 3090,4069 3128,4058 3189,4073 3190,4028 3127,4009 3080,4025 2966,4003 2956,4013 2874,3999 2823,4009 2780,3997"/>
                <Baseline points="2789,4040 2815,4041 2841,4043 2867,4044 2893,4045 2919,4046 2945,4046 2971,4047 2997,4047 3023,4048 3049,4048 3075,4049 3101,4049 3127,4050 3153,4050 3180,4051"/>
                <TextEquiv>
                    <Unicode>digkeiten, denen aller¬</Unicode>
                </TextEquiv>
            </TextLine>
            <TextLine id="r2l75" custom="readingOrder {index:74;}">
                <Coords points="2782,4105 2863,4115 2931,4103 2956,4121 3024,4103 3172,4122 3191,4113 3192,4072 3106,4058 3083,4069 3052,4055 3001,4067 2907,4048 2879,4059 2783,4053"/>
                <Baseline points="2792,4089 2818,4092 2844,4094 2870,4096 2896,4097 2922,4097 2948,4097 2974,4097 3000,4097 3026,4097 3052,4097 3078,4097 3104,4098 3130,4100 3156,4102 3182,4105"/>
                <TextEquiv>
                    <Unicode>dings Herr Kainz</Unicode>
                </TextEquiv>
            </TextLine>
            <TextLine id="r2l76" custom="readingOrder {index:75;}">
                <Coords points="2789,4162 3003,4153 3016,4165 3115,4156 3140,4170 3192,4163 3193,4113 3163,4121 3025,4103 2951,4120 2925,4105 2904,4117 2875,4105 2852,4118 2790,4096"/>
                <Baseline points="2798,4141 2823,4144 2849,4146 2875,4147 2900,4148 2926,4149 2952,4150 2978,4150 3003,4150 3029,4151 3055,4151 3081,4151 3106,4151 3132,4152 3158,4152 3184,4153"/>
                <TextEquiv>
                    <Unicode>durch eine meisterhafte</Unicode>
                </TextEquiv>
            </TextLine>
            <TextEquiv>
                <Unicode>Ween
in Berlin, Budapest, Chicago, Christiania, Genf, Kopenhagen,
London, Madrid, Mailand, Minneapolis, New-York, Paris, Rom,
San Francisco, Stockholm, St. Petersburg.
(Quellenangabe ohne Dewähr.)
Ausschnitt aus:
Wiener Bilder
vom: 4ö. URTUßEK 180.
Wiener Theaterbilder.
Burgtheater. Arthur Schnitzlers Komödie:
„Zwischenspiel“ fand am letzten Donnerstag eine sehr freund=
liche Aufnahme, die nur durch den nebulosen Schluß eine Ab=2.
chwächung erfuhr. Die zahlreichen, widerspruchslosen Hervor.5
rufe des Dichters, und das Interesse, mit dem das Publikumg
den Gang der Handlung verfolgte, sind ein Beweis von der
großen Wertschätzung und dem Kredit, dessen sich der Dichter
der „Liebelei“ erfreut. Denn der Stoff und die Führung der##
Handlung sind nicht ganz einwandfrei. Daß Schnitzler seinen
Stoff mit einem geistigen Inhalt erfüllt, der über manche
phycholog'sche Untiefen der Handlung hinüberführt, daß sein
glänzender Dialog die Situation mit einem Stimmungsgehalt
ausstatet, der die Regungen des Widerspruchs zum Schwei¬
gen bringt, zeugt von der dichterischen Begabung, seineigenes
Innenleben auch dann zur Geltung zu bringen, wenn die emp¬
irischen Tatsachen des Lebens lauten Einspruch dagegen er
heben. Der Kapellmeister und Komponist Amadeus
Adams lebt mit seiner Gattin Cäcilie sieben Jahre in
glücklicher Ehe. Daß diese Ehe glücklich war, beweist schon das
schöne, kameradschaftliche Verhältnis, und die Anwesenheit eines
sechsjährigen Söhnchens, zwei Momente, die für bürgerlich
Begriffe als die mächtigsten Stützen eines Lebensbundes gel#
ten. Die Beiden haben sich aber schon im Anfang gegenseitige
rückhaltlose Aufrichtigkeit gelobt. — Hier stutz' ich schon. Kling: &amp;
das nicht schon von vorneherein, wie eine Ehe auf Kündisia.
gung? Ist dieser geistige Vorbehalt etwas anderes, als das
bekann'e Verhällnis mit dem „süßen Mädel“ von dem auch
jeder Teil weiß, daß es ei es „Tages aus sein wird. Es
ist also der latente Ehebruch in den Heiratskontrokt als Auf¬
richtigkeitsparagraph ausgenommen. Echte Liebe ist bei einem
solchen seltsamen Bunde von vorneherein ausgeschlossen. Ist
eine solche ohne Leidenschaft und ohne Eifersucht denkbar?
Und müßten nicht schon die „aufrichtig“ gestandenen Ge¬
bankensünden, auftauchende Wünsche und Begierden, jeden
Augenblick den Gleichklang der Seelen stören? Diese Aufrich¬
#tigkeit trägt auch sonderbare Früchte. Amudeus will sei¬
neu sinnlichen Trieben zu einer abenteuernden Gräfin freien
Lauf lassen, und Cäcilie fühlt auch ihre leidenschaftliche Natur
erwachen. So trennen die Beiden die eheliche Gemeinschaft,
bleiben jedoch als gute Kameraden beisammen. Das ist gewiß
ein seltener Fall. Wie dann, wenn die Frau ihn noch immer
liebt? Was nützt dann alle Aufrichtigkeit? Adelt sie dann
den Verrat? Amadeus ist von seinem Sinnesrausch mit der
Gräfin bald ernüchtert, und als Cäcilie von einem Gastspiel
„gereister“ und schöner denn je zurückkehrt, ist er wieder so
aufricht'g, ihr seine wiedererwachte Liebe zu gestehen, die sich
aber in einer merkwürdig unsauberen Idee äußert. Er fleht!
sie nicht an, ihm zu vergeben, und zu ihm als sein Weib
zurückzusehren: Es reitzt ir den zukünf igen Getten seiner Frau
zu betrügen, und diese, vom Sturm der Leidenschaft fortge¬
rissen, willigt ein. Das ist ein Sakrilegium an den heiligsten
Gefühlen, und in welcher Seelenfalte können die Motive
schlummern, die ein Weib bewegen, nach diesem Li#e#
erst recht auf der Trennung zu bestehen? Das geht hart an
die Grenze des Wunderlichen. Wie dann, erlaubt sich da der
Dutzendverstand zu fragen, wenn der Sinnesteumel F##¬#
hat? Wird neben dem Peterl dann auch der Paul den neu¬
rasthenischen Haaripaltereien der Gatten geopfert werden? Dieser
letzte Akt wirkte abkühlend auf die gute Stimmung, die der Aben
gebracht. Denn es muß konstatiert werden, daß das Stück
trotz vielfacher Bedenken stark wirkte. Man war verwirrt, aber
auch bestochen von dem geistreichen Labyrinth von psychologi¬
schen Scharfsinn und
dialektischen Spitzfin¬
digkeiten, denen aller¬
dings Herr Kainz
durch eine meisterhafte</Unicode>
            </TextEquiv>
        </TextRegion>
    </Page>
</PcGts>
