3436 4352
1326 178 1807 287 box 25/2
269 207 1211 312 20. Zuischenspiel
1472 891 3381 993 stück, dessen Harmonie ein seitab führendes Zwischenspiel Ein lächelndes Verstehen für all das Hal
468 945 705 1024 46
1468 936 3378 1011 nicht stören könne. Aber darin täuschen sie sich; unver=mischte, daraus sich unser Leben zusammen
585 975 1361 1063 DonerWerliner Theatern.
1487 987 3367 1065 zehens ist aus dem Scherzo ein Doloroso geworden, aus dem Stücke Fellingers, und damit eine a
830 1052 3369 1131 K. 0 Berlin, Anfang Dezbr. Die Frau als die sittlich feinfühligere, empfindet zuerst künstlerischen Unzulänglichkeiten respektable
1495 1076 3345 1158 eine Ehe, die ihre Erneuerung einem sinnlichen Augen= inneren Anschauung Wenn der Dichter
502 1102 1499 1187 Man komut“ aus Schnitzlerschen Stücken selten
1492 1112 3380 1204 blickswunsch, einem gemeinen Zufall verdanken soll, als haben wird, seine Gestalten runder und vo#
416 1152 1498 1234 anders als mil einer zarlell, d Melodie
2529 1162 3367 1223 zuarbeiten und das, was sie uns bedeuten
1483 1168 2544 1240 Ifür immer beschmutzt und vergiftet; der Mann muß ihr
1034 1203 1497 1257 Schwarm von Gedanken
2535 1195 3373 1277 Handlung und Bewegung umzusetzen, anstat
426 1218 953 1271 im Herzen und Anem gan
1502 1227 2544 1293 sendlich, wenn auch nur halb verstehend, recht geben und
985 1251 1509 1316 rde sich Bielleicht verdichten
2541 1245 3369 1320 gesprächen anzuvertrauen, so werden wir n
415 1248 961 1324 im Kopf. Die Mesadie i
431 1265 2551 1352 und nur als münkalische Stimmung noch für lange die ein Haus verlassen, dessen Geist er in frevelhaftem Spiel
2535 1293 3364 1381 tüchtige und sympathische Werk von ihm
434 1312 2546 1401 Seele füllen, wenn uns die Gedanken nicht oft weit beleidigt hat. So suhnen die beiden in schmerzlichstem
2540 1350 2696 1416 haben.
433 1360 2545 1449 mehr vom spezifischen Problem des Werkes weg allge= Ernst die Komödie, die sie sich gegeneeinig an einem
2611 1363 3360 1458 Auch das Kgl. Schauspielhaus ist mit
422 1398 2556 1505 meinen theoretischen Fragen zuführten. In der Komödieskritischen Wendepunkt ihres Lebens, über die heilig ernste
2549 1421 3363 1493 Neuheit um ein paar Schritte über das
427 1488 2543 1538 „Zwischenspiel“, die das Lessingtheater aufführte, ist es Wahrheit des Herzens leichtsinnig hinwegtändelnd, vorge¬
2543 1465 3371 1555 hinausgegangen, das ihm sonst Norm und
427 1484 2551 1577 die Frage nach den Grenzen und Möglichkeiten der# aufelt haben. Ein Schriftsteller, der wie ein zweites Ich des
2537 1510 3376 1585 deutet Dietrich Eckarts romantische Ko#
437 1534 2548 1620 Bühne, die uns bewegt und die, einmal aufgeworsen, Dichters durch das Stück geht, spricht es klar und
2543 1562 3371 1624 Froschkönig“ zeigt uns einen genialen Ho#
1493 1578 2553 1657 knapp aus, was dieser beider Lebens- und Schicksals¬
427 1601 1506 1663 uns so bald nicht wieder zu dem Stücke selbst kommen
2554 1599 3374 1665 Gewohnheitsdieb, einen Manolescu-Typus, de
1498 1622 2551 1685 wieler Frevel war: die überhebliche Verachtung des
442 1646 1506 1709 läßt. Ist das, was wir da an uns vorübergleiten
2543 1647 3360 1725 sich unter der Maske eines Grafen in der #
1496 1667 2549 1743 ihnen philisterhaft dünkenden „jesten Entschlusses, allee
436 1691 1507 1749 sehen, dieses übernervöse Spiel zweier seinbesaileter
2542 1682 3367 1751 reichen Kommerzienrats einzunisten und d
1500 1693 2557 1783 abzuwehren, wodurch ein sicheres Glück aufs Spiel gesetzt
440 1726 1511 1806 Künstlernaturen mit dem Sinn der Ehe, dieses spinn¬
2545 1729 3373 1809 Byronischen Schwermuts=Philosophie um ei
1495 1756 2559 1829 werden könnte". .. Leichter und genußreicher als von
441 1772 1508 1842 webdünne psychologisch=philosophische Gespinst, das wi¬
2549 1777 3373 1857 und Hand des holden Töchterleins gen
433 1794 2563 1889 ein Sommerfaden hin= und herweht, ist das überhauptlder Bühne lassen sich die Schönheiten, die geistreichen
2558 1824 3379 1894 Dabei wird er sich selbst bewußt, in we
1502 1842 2559 1897 Betrachtungen und leise schwingenden Stimmungen des
434 1862 1519 1935 noch ein Drama, verträgt das überhaupt noch das Rüst¬
2555 1863 3357 1946 er eigentlich sitzt und daß ihn aus d
1514 1886 2549 1953 Schnitzlerschen Stückes aus der Buchausgabe (Berlin,
443 1908 1518 1978 zeug der Bühne? Und wenn nicht, wen sollen wir
2561 1912 3378 1979 nur die Liebe eines reinen Kin
1514 1915 2564 2000 J. Fischer) schöpfen; ihr sollte jeder eine Stunde widmen,
442 1948 1510 2010 deshalb anklagen? Den Dichter, dessen ätherische Übei¬
2546 1941 3331 2026 könne, wie den Froschkönig im
1506 1976 2563 2051 der sich von einem feinen Seelendeuter in die nur zu
444 1994 1515 2064 seinheit die Schranken der Materie überfliegen zu können
1520 1993 3379 2085 oft und zu gerne verschwiegenen Geheimnisse unseres Kuß der Prinzessin. Gerda ist bereit, diese
440 2038 1518 2116 glaubt, oder den Apparat, der sich seinen verstiegenen
2548 2044 3343 2110 zu spielen und auch mit dem Räuber auf
1524 2075 2451 2142 Alltagsdenkens und =fühlens führen lassen möchte.
448 2088 1519 2146 Ansprüchen versagt? Ich fürchte, es gäbe ein ärgerliches,
2550 2082 3374 2166 gehen, da erscheint noch gerade zur rechten
1585 2115 2570 2177 Große Erwartungen setzte man auf den jungen
436 2128 1522 2196 heilloses Durcheinander der Kunstarten, wollte man einem
2556 2125 3380 2201 merksamer Onkel als rettender Engel u
1520 2144 2573 2230 Dramatiker Richard Fellinger, von dem kürzlich das
452 2159 1520 2232 Schnitzler, nur weil er ein paar Gramm Geist und Witz
2555 2168 3376 2242 Pfeudo-Grasen auseinander, welchen neuen
1519 2190 2568 2272 „Kleine Theater“ die dreiaktige Tragikomödie „Ein
455 2208 1523 2285 mehrral als die meisten seiner dramatischen Kollegen,
2566 2217 3365 2287 Frevel er da zu begehen im Begriff steht.
1522 2239 2558 2318 Feiertag“ aufführte. In gewissem Sinne sind diese
447 2268 1514 2318 das Recht zubilligen, das man jedem andern verweigert.
2560 2253 3377 2329 denn im letzten Augenblick seine Hand ##
1515 2281 2561 2347 Erwartungen eher übertroffen als enttäuscht worden.
448 2305 1519 2370 Und wem schadet er durch diese kritillose Leidenschaft
2566 2302 3376 2378 von der Beute und überläßt das Ko
1512 2329 2569 2403 „Der Feiertag“ ist, soviel wir wissen, das erste Bühnen¬
1326 2340 1525 2405 ch selbst?
449 2338 1308 2432 für die Bühnenform im Grunde mehr o!
2563 2352 3377 2417 röchterchen einem friedlicheren Glück, das di
457 2369 2561 2459 Warum in Akte und Szenen zerschlagen,# Natur stück, das der junge aus den Rheinlanden stammende
2565 2387 3375 2478 Eltern in Gestalt eines Forstassessors schon
460 2413 2568 2512 gar keinen dramatischen Nerv in sich b: Warum nicht Jurist geschrieben hat. Und da bedeutet es immerhin
2567 2439 3373 2508 halten. Das Stück hat, ohne künstlerisch h
455 2462 2578 2548 als Novelle geben, was mit allen F# nach dieserseiwas, wenn man sieht, wie eigen und selbständig die
2563 2487 3366 2560 doch gewisse Qualitäten, die im Kgl.S
1533 2507 2575 2573 Wege sind, die dieser dramatische Anfänger zu gehen
466 2521 1541 2591 stilleren, leiseren und innerlicheren Form verlangt?
2568 2527 3335 2604 nicht zu den Alltäglichkeiten gehören.
1530 2552 2569 2620 wagt. Schon die Wahl des Themas und seine Formung
452 2570 1534 2630 Gewiß werden sich überall ein paar hundert feingeartete
2565 2555 3372 2642 eingestreuten Gesellschaftssatire zeigt sich e
1522 2594 2572 2661 zu einer Tragikomödie zeugt von einer gewissen Kühnheit,
459 2607 1526 2680 Menschen finden, die über das dere Gewand hinweg¬
2578 2611 3369 2687 zuweilen mehr als bloß äußerlich geschick
1521 2640 2574 2711 freilich zugleich auch von einer gewissen Überschätzung der
455 2653 1530 2734 zusehen vermögen und die sich ## süßen Kern auch aus
2573 2652 3379 2728 Billige Ansprüche an Psychologie und
1524 2690 2580 2760 jugendlichen Kräfte. Lebenshumor, der doch als erstes und
461 2703 1536 2778 der widerspenstigsten Schale zu i###en wissen, aber wird
2574 2714 3376 2776 scheint der Verfasser dagegen durch das in ?
1526 2727 2577 2793 wichtigstes Erfordernis zu einer Tragikomödie gehört, ist
456 2727 1535 2805 nicht diese schwere Mühe auch #e ihnen dem reinen
1530 2743 3363 2836 eine seltene Frucht, die eigentlich nur für das Alter recht nebelhafte Zauberwort „romantisch“ ##
1281 2778 1528 2850 Will man
458 2804 1301 2858 Genuß schließlich Abbruch tun? ...
1531 2795 3328 2879 teift. Nichtsdestoweniger hat Fellinger die linde abweisen zu wollen. Jedenfalls ist
458 2828 1533 2903 Schnitzlers jüngstes Stück auf eine kurze Formel
2573 2820 3365 2905 ebenso gebildeten wie gefühlvollen und
1527 2857 2588 2924 Resignationsstimmung, die einen lieben alten Herrn
462 2875 1537 2953 bringen, so mag man es die Tragilomödie des Spiels
2582 2884 3363 2949 Hochstaplers eine so papierne Erscheinung,
1532 2908 2574 2971 uberkommt, wenn er just an seinem Jubiläumstage inne¬
461 2918 1550 2989 mit Lebenswerten nennen, die ihrer innersten Natur nach
2577 2916 3379 2998 die temperamentvolle Darstellungskunst ein
472 2943 2580 3032 nicht mit sich spielen und spotten lassen. Das Wesenl wird, daß seine Musenopfer nichts anderes waren als
2576 2970 3279 3047 nicht lebendig zu machen vermochte.
1537 2993 2583 3055 die Verirrung eines Dilettanten, sehr hübsch, und zwar
467 3005 1545 3080 der Ehe ist die Treue, die Festigkeit, der Ernst, die
2647 2990 3370 3089 Mehrere ausländische Dramen, die un
472 3048 2588 3118 heilige Unantastbarkeit. An diesem Wesen gerade ver-nicht nur äußerlich genrehaft zu zeichnen verstanden.
2580 3045 3379 3123 Bühnen während der letzten Wochen v#
468 3079 2584 3154 sündigen sich der Kapellmeister Amadeus Adams und Freilich, die innere Wandlung anschaulich zu machen,
2585 3104 3360 3174 stätigten uns von neuem die hier schon y
474 3119 2584 3204 seine Gattin, die Sängeri Cäcilie Adams=Osterburg, die zu dieser Erkenntnis führt, ist dem Dichter dann
2581 3151 3348 3208 gesprochene Ansicht, daß wir für die
1528 3169 2581 3233 ebensowenig gelungen wie der schwierige Übergang, aus
464 3188 1542 3260 indem sie — der Mann in verwegenem Lebensübermut
2582 3183 3371 3259 dramatischen Entwicklung. in der wir
1542 3205 2588 3273 diesem eben errungenen Verzicht bei dem Bureauvorsteher
463 3228 1549 3294 und trugerischer Selbstsicherheit, die Frau nur halb
2589 3236 3349 3311 stehen, von den meisten Schöpfungen des
1532 3259 2592 3309 Dollereder alsbald von neuem die hold-lörichte Eitelkeit
464 3284 1546 3349 widerwillig, mehr aus beleidigter Liebe als aus Unbe¬
2588 3283 3344 3355 gehemmt als gesördert werden können.
1542 3300 2592 3362 hervorwachsen zu lassen, nun gerade diese entsagungsbereite
474 3322 1545 3386 ständigkeit — ein geistreich-frivoles Spiel damit treiben
2586 3316 3357 3392 geradezu Gespenster einer bei uns selber
1540 3338 2597 3399 Stimmung, das erste ganz eigene und persönliche Erlebnis
486 3362 1539 3421 Sie reden sich ein, die Ehe sei so etwas wie ein niedliches
2593 3352 3367 3436 wundenen Vergangenheit, die uns da
1539 3384 2588 3456 des Schreibstubenpoeten, zum Ausgangspunkt einer neuen
477 3402 1548 3491 Vögelchen, das man am Bande hin- und herflattern lassen
2593 3407 3374 3482 wenn Hermann Heijermans der Hollän
474 3465 2591 3515 darf, um es zu jeder Zeit, wenn es einem nur dramatischen Arbeit zu nehmen. Vielleicht daß es ihm
2594 3457 3369 3528 „Ghetto“ sich so in die Milieu= und D#
473 3472 2603 3566 beliebt, wieder zu sich zuruck ins Bauer ziehen darf, mit dieser subjektiven Tragikomödie besser gelingt als
474 3550 3374 3608 oder — un bei dem Titel zu bleiben — ein Musik- mit seinen bisherigen Römer= und Burgunderdramen. verliert, daß er alle höhere Schn#
