3484 4256
1315 113 1770 205 box 25/4
237 117 1174 225 20 Zuischenspiel
1910 861 2933 921 —rischen Botschaftern,
1544 882 1764 967 K n
1848 963 2932 1019 Leute, die im Innern Musikanten wären, auch wenn
1841 989 2939 1056 eine Schicksalslaune den Mann zum Kassenrevisor
868 872 1623 1056 Shrater und Mast.
1855 1035 2944 1084 und die Frau zur Zahnärztin gemacht hätte. Zwei
1849 1072 2936 1120 Menschen mit subtilen, auf die leifeste Reizung leb¬
927 1093 1538 1173 Deutsches Schauspielhaus.
1845 1107 2932 1170 haft reagierenden Nerven. Nicht die Liebe allein hat
1861 1146 2941 1209 sie zusammengeführt, sondern auch die Betätigung auf
759 1145 1797 1209 Baron Berger hat die wertlosen Karten, die er in
1859 1186 2945 1240 demselben Gebiet der Kunst. Und darum ist ihre Ehe
683 1188 1787 1253 der Hand hatte, zu Anfang der Spielzeit fortgegeben
1859 1234 2945 1279 keine reine Liebesehe, die eins im andern aufgehen
677 1248 1791 1301 und kommt nun Schlag auf Schlag mit seinen hohen
1851 1272 2950 1323 läßt und aus zwei getrennten Wesen eins macht.
692 1280 1784 1335 Trümpsen heraus. Nach Shaws paradoxem Tendonz¬
1855 1311 2950 1359 Ider von beiden weiß, daß er als Künstler nur etwas
681 1310 1795 1372 werk, Sudermanns Sensationsstück. Und danach gestern
1863 1351 2946 1408 sein kann, wenn er seine besondere Individualität,
680 1370 1794 1414 Arthur Schnitzlers feine psychologische Studie
1861 1394 2000 1445 seine
2651 1393 2955 1445 Und weil
1994 1379 2301 1457 Persönlichkeit
2301 1390 2641 1460 streng wahrt.
682 1401 1783 1469 „Zwischenspiel“. Schnitzler nennt seine Dichtung
1855 1431 2003 1491 beide
2349 1425 2948 1491 hat jeder von ihnen
1996 1433 2330 1487 das wissen,
690 1426 1789 1491 Komödie. Nach alrem schiechten Brauch darf eine
2536 1469 2943 1526 vor der In¬
2326 1462 2551 1528 Ehrfurcht
1864 1470 2321 1531 auch eine heilige
696 1460 1782 1537 Bühnendichtung nicht für sich stehen, sondern muß in
1853 1512 2949 1563 dividualität, der Persönlichkeit des andern. Sie unter¬
688 1509 1784 1578 eine Rubrik gezwängt werden, auch wenn sie nicht
1862 1549 2942 1606 scheiden dabei nicht zwischen dem allgemein Menschlichen
692 1552 1781 1612 hineinpaßt. Das „Zwischenspiel“ paßt nicht in die
1858 1591 2938 1655 und dem besonderen Künstlerischen. Und so machen sie
687 1595 1780 1653 Rubrik: Komödie. Auch nicht in die benachbarte:
1853 1633 2942 1685 sich's zum Gesetz, daß jeder seinen Weg gehen, seinen
681 1635 1788 1697 Tragikomödie. Es will sich überhaupt in keine der
1864 1659 2950 1723 Empfindungen und Eindrücken sich hingeben darf. Aber
690 1674 1791 1738 hergebrachten Rubriken fügen. Wenn man seine Art
1865 1711 2939 1761 nicht heimlich vor dem andern, nicht im Gefühl, dem
700 1722 1786 1773 klar machen will, muß man schon zu Bildern und
1858 1747 2950 1804 andern Unrecht zu tun. Wahrheit soll zwischen ihnen
1279 1754 1779 1815 so gar nichts hundfestes
689 1761 1246 1826 Gleichnissen greifen. Es
1851 1784 2938 1843 sein und Offenheit. Gete Kameraden wollen sie sein,
694 1810 1783 1863 und derbes, so gar nichts bekanntes und traditionelles
1854 1821 2949 1881 die nichts vor einander verbergen. Der Mann hat den
687 1844 1791 1905 in diesem Werk. Es ist alles so fein und zart, als
1860 1859 2943 1911 Gedanken gefaßt, dem ie Frau zustimmt. Der über¬
682 1879 1793 1942 wäre es aus Marienfäder gewoben, so dämmerig glän¬
1861 1909 2948 1957 sinnlich=sinnliche Schwät ner hat dabei nur übersehen,
693 1923 1791 1981 zend, als hinge es im Netz silberner Mondenstrahlen,
1860 1945 2947 1994 daß die Liebe ihr Gesetz in sich selbst trägt und sich kein
692 1963 1791 2023 Während man den Gesprächen und Vorgängen auf
1854 1973 2947 2031 anderes vorschreiben läßt. Und so muß er's erleben,
681 1993 1792 2064 der Bühne folgt, meint man, einen von jenen exo¬
1862 2022 2945 2065 daß seine Frau sich von ihm abwendet und ihren Le¬
684 2032 1785 2101 tischen Faltern zu sehen, die mehr einer Blume
1858 2062 2944 2108 bensweg von dem seinen für immer trennt, just da, als
691 2077 1790 2138 gleichen als einem Tier. Oder eine jener wunder¬
1858 2103 2942 2145 ihm selber klar wird, daß das Gefühl, das er für sie
702 2118 1788 2178 lichen Orchideen, die eher ein Lebewesen scheinen als
1888 2134 2953 2198 egt, stärker ist als alle Theorie, daß auch der Künstler
690 2164 1789 2220 eine Blüte. Oder eines jener irisierenden gläsernen
1877 2180 2948 2228 nur ein Mensch ist. Er wollte aus seinem Leben, sei¬
698 2203 1788 2260 Wunder, denen ein verträumter Muraneser Künstler
1897 2214 2948 2261 er Ehe ein Capriccio machen: nun wird wider seinen
695 2244 1790 2302 die Form eines Trinkgefäßes gab, die aber fast zu
1877 2248 2629 2311 Willen daraus ein Capriccio doloroso.
702 2276 1797 2343 zart für die Berührung sind, geschweige denn, daß
1933 2293 2950 2353 Zergliedern wir das nicht im einzelnen! Versuchen
683 2327 1787 2393 man ihre Höhlung mit einem Getränk — und wäre
1855 2338 2953 2395 wir nicht, trocken nachzuerzählen, wie es sich vor uns ab¬
696 2368 1783 2419 es noch so edel — füllen dürfte. Ein Seltsames, ein
1861 2380 2953 2437 spielt, vor uns auslebt. Der Reiz des Werkes liegt
693 2393 1792 2458 Erlesenes, wie diese köstlichen Dinge, ist auch Schnitz¬
1855 2419 2950 2473 nicht in der Handlung, die sich im knappen Rahmen
700 2445 1798 2497 lers „Zwischenspiel“. Etwas, dem man nicht mit dem
1851 2461 2943 2510 einer Anekdote berichten ließe. Bei diesem Musikan¬
696 2474 1797 2541 Verstande, sondern nur mit dem Gefühl gerecht wer¬
1859 2496 2945 2559 tenstück ist es der Ton, der die Musik macht. Schnitzler
698 2523 1784 2592 den kann. Das man entweder auf den ersten Blick
1848 2540 2944 2605 zergliedert die Seelen seiner Personen mit einer psy¬
690 2567 1479 2618 lieb hat oder nie sich zu eigen macht.
1861 2587 2942 2629 chologischen Schärfe, die er von Ibsen gelernt hat.
1856 2610 2951 2667 Aber dieser Schärfe ist eine lässige Grazie, eine ver¬
777 2604 1785 2664 Der Dichter führt uns in sein heimatliches Wien.
1847 2658 2951 2706 träumte Weichheit beigemischt, wie Ibsen sie nie besessen
700 2652 1784 2709 Aber nicht in eine typische Wiener Familie, sondern
1847 2694 2942 2751 hat, wie sie nur unter dem heitren Himmel Wiens ge¬
1158 2691 1793 2756 Ein Musikantenheim. Der
700 2694 1176 2754 in ein Künstlerheim.
1854 2741 2956 2789 deihen konnte. Und in dieser eigentümlichen Mischung
691 2736 1789 2793 Mann ist Kapellmeister und Komponist, die Frau
1854 2771 2937 2819 liegt der eigentliche Zauber des Werkes, zu dem die
683 2770 1802 2830 Opernsängerin. Beide Größen in ihrem Fach. Und
1849 2806 2950 2854 in ihrer scheinbaren Sorglosigkeit kunstvoll geschliffene
689 2815 1797 2869 ihr Beruf nicht bloß eine vom Antor ihnen überge¬
1855 2844 2944 2908 Sprache, die durch das Ganze wie Diamantenschnüre
701 2856 1787 2910 stülpte Attrappe, unter der triviale Alltagsmenschen
1849 2888 2947 2948 gezogenen feinen Bemerkungen und Paradoxe nur rei¬
1851 2925 2459 2995 cher schmückende Zutaten sind.
688 2935 1799 3001 ler stellt zwei wirkliche Künstler auf die Bühne. Zwei
613 2996 3052 3214 G
3024 856 3329 927 ober Diener Hnx
2918 882 3058 967 MRT
3062 953 3339 1010 Die Aufführ
3002 975 3354 1059 nis für das We
2994 1029 3350 1090 zu bereiten. He
2999 1067 3355 1137 stellte seines La
3000 1112 3166 1160 Licht.
3244 1108 3359 1164 hatte
3000 1147 3062 1195 d
3256 1152 3342 1196 en
3286 1192 3358 1242 w
3263 2788 3378 2885 eiten
3008 2834 3068 2880 ge
3000 2865 3377 2926 ganze Dorf. Der
3018 2902 3088 2951 Sch
3089 2902 3384 2959 naps macht die
3026 2942 3390 3015 sich im Ransch so b
