3532 4352
1317 235 1759 325 box 25/1
246 239 1272 346 20. Zuischensniel
871 1105 1080 1171 Schanbühne
277 1112 370 1182 190
275 1231 1566 1311 des Witzes oder der Dialektik die Vehemenz der Aktion ersetzen kann.
273 1299 1557 1371 Das geht so weit, daß er, wo die Fabel reicher, das äußere Leben be¬
284 1340 1561 1418 wegter werden soll, den Stoff, ganz wie im Roman, von verschiednen
287 1390 1580 1457 Seiten zugleich angreifen, die Motive nebeneinander ordnen muß, bevor
285 1438 1580 1517 er sie dramatisch verknetet. Das sind die entscheidenden Mängel im
283 1490 1581 1574 „Schleier der Beatrice" und im „Einsamen Weg“; sie haben zweifellos
275 1546 1588 1605 den Erfolg verhindert. Stark ausschreiten und in grader Linie die
287 1586 1573 1651 Bahn vollenden, das kann seine sorgsam tastende Nachdenklichkeit nicht.
280 1642 1578 1705 So bleibt es bei Feinheit, Stille und Tiefe; die gewaltige Spannung
284 1691 1591 1757 der Kraft, die das Drama wie ein selbständiges, naturgeborenes Leben
288 1751 898 1816 hinausschleudert, die fehlt immer.
367 1780 1576 1859 Sie fehlt auch in seiner neuen Komödie „Zwischenspiel“. Ja hier
291 1842 1580 1900 rücken die Personen noch ängstlicher, noch näher als sonst zusammen,
289 1901 1584 1960 verkehren sozusagen nur Seele an Seele miteinander; jedes äußere Ge¬
291 1933 1593 2015 schehen ist bis auf geringste Spuren verwischt und ausgelöscht. Es ist
284 1981 1587 2042 das kurze Zwischenspiel eines Abschieds von der Liebe, mit allem
284 2038 1577 2097 Reichtum der wechselnden Gefühle, der prüfenden und irrenden Gedanken.
294 2089 1589 2152 Zwischen Mann und Weib spielt dieses Drama; ein Künstler und eine
291 2142 1580 2205 Künstlerin. Beide von feinster Kultur der Seele, von erlesenster innerer
290 2193 1592 2260 Delikatesse. Aber der Mann wird durch seine Sinnlichkeit irre, während
298 2243 1598 2301 die Frau. im tiefsten schamhaft und dadurch zu größerer Wahrheit gegen
292 2304 1584 2358 sich selbst gezwungen, vor der Verwirrung des Gefühls bewahrt bleibt.
292 2331 1585 2391 So gehen die beiden, einander suchend, einander fordernd, im Miß¬
294 2381 1590 2447 verstehen ihrer Herzen aneinander vorbei. Der Mann wendet sich zuerst
293 2428 1589 2496 und entschiedener ab. Er gibt die Liebe zu seiner Frau verloren, weil
304 2497 1592 2556 seine Sinne schnell und laut für eine andre sprechen. Nun soll eine
306 2537 1595 2597 Freundschaft in der Ehe errichtet werden, aus menschlichem Verstehen
302 2580 1583 2647 und künstlerischer Verehrung aufgebaut, durch Freiheit und Wahrheit ge¬
308 2633 1591 2695 festet. Die Frau, schamvoll noch in ihrer stärksten Sehnsucht, verschweigt
306 2676 1591 2744 ihr Gefühl, das im Grunde noch immer die alte starke Liebe ist, nur
307 2723 1606 2801 von den Wünschen und Gedanken des Mannes verschüchtert. Sie scheiden
309 2775 1603 2839 also, mit dem Versprechen der Wahrheit, das sie schon nicht halten
307 2835 1603 2898 können; denn ihre ausgeklügelte Freundschaft ist gar keine. Und da sie
310 2882 1596 2945 nun wieder zusammentreffen, geschieht es, daß der Mann von der wieder¬
302 2946 1601 2999 erwachten Sehnsucht seiner Sinne auf die Frau, die seine Freundin sein
318 2973 1609 3054 soll, gehetzt wird. Er nimmt sie, wie man eine Geliebte nimmt, wie die
309 3018 1612 3090 Geliebte eines andern, wie die Eroberung einer heißen Minute. Und
309 3072 1608 3158 jetzt hat er diese Frau verloren, weil er sie so besessen hat. Die Lüge
317 3119 1613 3208 der Freundschaft ist von ihm selbst zerstört, und ihre Liebe, die bisher
322 3173 1615 3249 rein geblieben ist, kann den Betrug an ihrer Scham nicht überleben. Es
317 3221 1610 3302 war ihm fürchterlich, zu denken, daß sie sich einem andern gegeben hätte.
309 3274 1621 3350 Da dies nicht ist, will er sie als sein Eigentum für sich haben. Sie
314 3325 1625 3411 aber weiß, daß alles aus sein muß, Freundschaft, Liebe und Ehe; daß
3125 1050 3234 1114 191
2437 1057 2759 1131 Die Schaubühne
1957 1183 3232 1257 dieser Irrtum seiner Sinnlichkeit nicht mehr gut gemacht werden kann,
1949 1248 3239 1328 daß dieses Zwischenspiel in sich verwirrter Gefühle ein Ende war. Und
1953 1320 2260 1380 sie verläßt ihn.
2027 1339 3232 1420 Dieses komplizierte Erlebnis zweier Menschen wird in großen Ge¬
1955 1410 3231 1478 sprächen voll weiser Worte, voll klarer Erkenntnis und graziöser Wen¬
1954 1446 3247 1532 dungen entwickelt. Nur der tiefe Ernst, die dialektische Gewichtigkeit, die
1946 1493 3232 1553 Schnitzler für jede geringste Nuance seiner erotischen Psychologie auf¬
1951 1546 3247 1614 wendet, haben es verhindert, daß aus dieser schwer gedankenvollen
1954 1595 3248 1661 Komödie ein schwebend leichtes, körperlos zartes Lustspiel geworden ist.
1954 1645 3250 1701 Denn in so ätherischen Regionen der Empfindlichkeit verlieren die Gefühle
1955 1694 3254 1765 beinahe schon ihre natürliche Schwere und treiben hinauf, in die Sphären
1952 1740 3248 1804 des göttlich Heitern, statt zu den ewig menschlichen Leiden hinunter¬
1956 1792 3245 1865 zuziehen. Aber die Gewichte der Logik und die Klammern der Schicksals¬
1962 1841 3260 1918 furcht hemmen diesen Flug. Wie auch immer: dieses Drama ist zweifellos
1958 1903 3257 1972 eines der subtilsten der ganzen modernen Literatur. Man wird an ihm
1954 1953 3248 2005 erkennen müssen, daß heute kein deutscher Dichter es wie Schnitzler ver¬
1964 1990 3257 2062 steht, aus dem ungreifbarsten Material, aus den Bewegungen wohl¬
1966 2049 3263 2112 gebildeter Seelen, ein Drama aufzubauen. Das „Zwischenspiel“ ist der
1973 2089 3253 2155 kristallklare, ganz reinlich demonstrierte Beweis für diese seltene und
1967 2146 3255 2218 feine Kunst. Von einen andern Stücken mag eines reicher, eines stärker,
1962 2197 3262 2269 manches lebendiger sein. Dieses ist sicherlich sein durchsichtigstes, reinstes
1958 2257 2302 2325 und vornehmstes.
2053 2265 3263 2356 Das Stück hat, wie jedes richtige psychologische Drama, eine sehr
1975 2336 3261 2410 zarte innere Musik, die eigentlich seine wesentlichste Schönheit, seinen
1970 2385 3264 2459 bleibenden künstlerischen Effekt ausmacht. Bei der Aufführung an unserm
1969 2434 3268 2494 Burgtheater war die Harmonie dieser Musik einigermaßen gestört.
1973 2490 3265 2562 Zunächst durch die Diskrepanz der beiden Hauptdarsteller selbst: Kainz¬
1969 2544 3268 2603 und Fräulein Witt. Körperlich, geistig, seelisch stimmen sie nicht zu¬
1975 2588 3262 2667 einander. Nur eines haben sie gemeinsam: eine gewisse vehemente
1974 2642 3274 2705 Schärfe im Affekt. Und grade das zerschnitt und zerstach nur zu oft die
1987 2684 3273 2748 weichen Schleier der Noblesse und verständigen Stille, die über die
1977 2733 3276 2811 schmalen Abgründe zwischen diesen Menschen gezogen sind. Natürlich
1972 2786 3268 2863 vermochte Kainz dabei, in seiner wunderbaren Geschmeidigkeit und Spann¬
1985 2843 3268 2901 kraft, jeder Bewegung des Gewissens, jedem Zittern der Seele, jeder
1987 2885 3280 2945 Ahnung des Geistes ein helles mimisches Licht und einen eignen Ton
1987 2931 3281 3010 zu geben, während Fräulein Witt, spröde und wenig bewegt, bei der
1972 2980 3277 3056 korrekten Abwicklung des Dialogs stehen bleiben mußte. Freilich ist
1976 3032 3272 3093 dabei nicht zu vergessen: was dieses ungeheure, mit dem Prunk einer
1992 3083 3267 3150 frühern Zeit lärmende Haus an Feinheit verschluckt, an Diskretion ver¬
1992 3142 3279 3201 bietet, das darf gerechterweise nicht von der beseelten Vornehmheit seiner
1984 3180 3287 3254 Künstler abgestrichen werden. Und so fürchte ich fast, die Psychologie
1982 3227 3069 3304 wird am neuen wiener Burgtheater niemals heimisch werden.
2856 3271 3206 3346 Willi Handl.
