<?xml version="1.0" encoding="UTF-8" standalone="yes"?>
<PcGts xmlns="http://schema.primaresearch.org/PAGE/gts/pagecontent/2013-07-15" xmlns:xsi="http://www.w3.org/2001/XMLSchema-instance" xsi:schemaLocation="http://schema.primaresearch.org/PAGE/gts/pagecontent/2013-07-15 http://schema.primaresearch.org/PAGE/gts/pagecontent/2013-07-15/pagecontent.xsd">
    <Metadata>
        <Creator>prov=University of Rostock/Institute of Mathematics/CITlab/Gundram Leifert/gundram.leifert@uni-rostock.de:name=ONB_Newseye_GT_M1+(htr_id=10810)::::v=2.4.2
prov=University of Rostock/Institute of Mathematics/CITlab/Tobias Gruening/tobias.gruening@uni-rostock.de:name=de.uros.citlab.module.baseline2polygon.B2PSeamMultiOriented:v=2.4.2
prov=University of Rostock/Institute of Mathematics/CITlab/Tobias Gruening/tobias.gruening@uni-rostock.de:name=/mnt/transkribus/LA/DEA/URO/LA_news_onb_att.pb:de.uros.citlab.segmentation.CITlab_LA_ML:v=2.4.2
Transkribus</Creator>
        <Created>2019-10-07T11:19:44.504+02:00</Created>
        <LastChange>2019-10-08T03:37:18.510+02:00</LastChange>
        <TranskribusMetadata docId="223968" pageId="9496580" pageNr="94" tsid="16500160" status="IN_PROGRESS" userId="40391" imgUrl="https://files.transkribus.eu/Get?id=NQFFCJZJLISBRYUTAIHGDERE&amp;fileType=view" xmlUrl="https://files.transkribus.eu/Get?id=RFBTEWMELBCQIZBIAYBIVJNM" imageId="6186807"/>
    </Metadata>
    <Page imageFilename="223968_0094.jpeg" imageWidth="3484" imageHeight="4384">
        <ReadingOrder>
            <OrderedGroup id="ro_1711439537219" caption="Regions reading order">
                <RegionRefIndexed index="0" regionRef="r1"/>
            </OrderedGroup>
        </ReadingOrder>
        <TextRegion orientation="0.0" id="r1" custom="readingOrder {index:0;}">
            <Coords points="135,219 135,3231 3133,3231 3133,219"/>
            <TextLine id="r1l1" custom="readingOrder {index:0;}">
                <Coords points="237,253 968,297 1755,256 1755,215 1559,184 237,187"/>
                <Baseline points="254,240 328,248 402,255 476,259 550,263 624,266 698,268 772,269 846,269 920,269 994,268 1068,267 1142,266 1216,265 1290,263 1364,262 1438,261 1512,260 1586,260 1660,261 1735,262"/>
                <TextEquiv>
                    <Unicode>20. Zwischenspiel box 25/1</Unicode>
                </TextEquiv>
            </TextLine>
            <TextLine id="r1l2" custom="readingOrder {index:1;}">
                <Coords points="752,1438 774,1442 785,1435 800,1443 818,1436 844,1441 852,1433 859,1437 885,1434 888,1360 865,1359 858,1352 847,1363 828,1351 795,1350 780,1357 773,1349 754,1349"/>
                <Baseline points="770,1415 802,1416 834,1418 866,1417"/>
                <TextEquiv>
                    <Unicode>asann</Unicode>
                </TextEquiv>
            </TextLine>
            <TextLine id="r1l3" custom="readingOrder {index:2;}">
                <Coords points="2465,1475 2940,1483 2941,1405 2900,1393 2867,1415 2807,1414 2782,1395 2655,1426 2607,1392 2536,1417 2503,1394 2466,1401"/>
                <Baseline points="2485,1450 2510,1452 2536,1453 2562,1454 2588,1454 2613,1455 2639,1456 2665,1456 2691,1457 2716,1457 2742,1457 2768,1457 2794,1458 2819,1458 2845,1458 2871,1458 2897,1458 2923,1458"/>
                <TextEquiv>
                    <Unicode>  </Unicode>
                </TextEquiv>
            </TextLine>
            <TextLine id="r1l4" custom="readingOrder {index:3;}">
                <Coords points="147,1481 3105,1552 3154,1482 148,1418"/>
                <Baseline points="164,1469 312,1472 460,1475 609,1478 757,1481 906,1484 1054,1486 1203,1489 1351,1492 1500,1495 1648,1498 1796,1501 1945,1504 2093,1508 2242,1511 2390,1514 2539,1518 2687,1522 2836,1526 2984,1530 3133,1535"/>
                <TextEquiv>
                    <Unicode>nd er läuft der leichtfertigen Kleinen] Offenbarung jauchzend mit Cäcilie wiederum die volle alter meistermäßige Ausführung seiner Nothelfer Kainz (Ama¬</Unicode>
                </TextEquiv>
            </TextLine>
            <TextLine id="r1l5" custom="readingOrder {index:4;}">
                <Coords points="132,1526 819,1540 820,1495 765,1486 245,1488 134,1459"/>
                <Baseline points="152,1514 184,1515 216,1516 249,1517 281,1518 314,1519 346,1520 378,1521 411,1522 443,1523 476,1524 508,1525 540,1526 573,1527 605,1527 638,1528 670,1528 702,1529 735,1529 767,1529 800,1529"/>
                <TextEquiv>
                    <Unicode>eicht, weil er äußerlich gleichmütig,</Unicode>
                </TextEquiv>
            </TextLine>
            <TextLine id="r1l6" custom="readingOrder {index:5;}">
                <Coords points="817,1535 1889,1563 1993,1550 1994,1506 817,1494"/>
                <Baseline points="836,1529 893,1531 950,1532 1007,1533 1064,1534 1121,1536 1178,1537 1235,1537 1292,1538 1349,1539 1406,1540 1463,1540 1520,1541 1577,1542 1634,1544 1691,1545 1748,1546 1805,1548 1862,1550 1919,1553 1976,1555"/>
                <TextEquiv>
                    <Unicode>Levensgemeinschaft anheben: sie aber weist ihn, wie es</Unicode>
                </TextEquiv>
            </TextLine>
            <TextLine id="r1l7" custom="readingOrder {index:6;}">
                <Coords points="1969,1572 3000,1596 3145,1592 3147,1540 1970,1513"/>
                <Baseline points="1989,1554 2048,1555 2108,1556 2168,1557 2228,1558 2288,1559 2348,1561 2408,1562 2468,1563 2528,1565 2588,1566 2648,1568 2708,1570 2768,1571 2828,1573 2888,1574 2948,1575 3008,1577 3068,1578 3128,1579"/>
                <TextEquiv>
                    <Unicode>deus), Lotte Witt (Cäcilie), Korff (Fürst Lohsenstein).</Unicode>
                </TextEquiv>
            </TextLine>
            <TextLine id="r1l8" custom="readingOrder {index:7;}">
                <Coords points="130,1592 190,1564 806,1586 832,1583 833,1542 131,1529"/>
                <Baseline points="151,1557 184,1558 217,1560 250,1561 283,1562 316,1563 349,1565 383,1566 416,1567 449,1567 482,1568 515,1569 548,1569 581,1570 615,1570 648,1571 681,1571 714,1572 747,1572 780,1573 814,1573"/>
                <TextEquiv>
                    <Unicode>r zu merken glaubt, daß seine von</Unicode>
                </TextEquiv>
            </TextLine>
            <TextLine id="r1l9" custom="readingOrder {index:8;}">
                <Coords points="825,1578 1976,1601 1976,1560 1824,1540 826,1533"/>
                <Baseline points="844,1572 899,1574 955,1575 1010,1577 1066,1578 1122,1578 1177,1579 1233,1579 1289,1579 1344,1580 1400,1580 1456,1580 1511,1581 1567,1581 1623,1582 1678,1583 1734,1584 1790,1586 1845,1588 1901,1590 1957,1594"/>
                <TextEquiv>
                    <Unicode>scheint, dauernd von sich mit Klugreden, die Nachsichtige mit</Unicode>
                </TextEquiv>
            </TextLine>
            <TextLine id="r1l10" custom="readingOrder {index:9;}">
                <Coords points="1973,1601 3123,1637 3151,1571 1974,1553"/>
                <Baseline points="1993,1595 2052,1596 2112,1596 2172,1598 2232,1599 2292,1600 2352,1602 2412,1604 2472,1606 2532,1608 2592,1610 2652,1611 2712,1613 2772,1614 2832,1616 2892,1617 2952,1618 3012,1619 3072,1619 3132,1619"/>
                <TextEquiv>
                    <Unicode>Schnitzler wurde nach den ersten zwei Akten lebhaft, zum</Unicode>
                </TextEquiv>
            </TextLine>
            <TextLine id="r1l11" custom="readingOrder {index:10;}">
                <Coords points="133,1611 820,1623 821,1575 398,1565 371,1583 134,1559"/>
                <Baseline points="150,1602 182,1602 215,1603 247,1604 280,1605 312,1606 345,1607 377,1608 410,1609 442,1610 475,1611 508,1612 540,1612 573,1613 605,1614 638,1614 670,1615 703,1615 735,1615 768,1615 801,1616"/>
                <TextEquiv>
                    <Unicode>Frau einen jungen Musikenthusia¬</Unicode>
                </TextEquiv>
            </TextLine>
            <TextLine id="r1l12" custom="readingOrder {index:11;}">
                <Coords points="812,1621 1989,1656 1986,1592 813,1562"/>
                <Baseline points="830,1614 887,1616 944,1618 1001,1619 1058,1620 1115,1621 1172,1623 1229,1623 1286,1624 1343,1625 1400,1626 1457,1626 1514,1627 1571,1628 1628,1629 1685,1630 1742,1630 1799,1632 1856,1633 1913,1634 1970,1636"/>
                <TextEquiv>
                    <Unicode>Noras, Boshaftere mit Griseldis Abschiedsworten vergleichen</Unicode>
                </TextEquiv>
            </TextLine>
            <TextLine id="r1l13" custom="readingOrder {index:12;}">
                <Coords points="136,1648 363,1645 622,1677 689,1656 815,1662 816,1625 137,1611"/>
                <Baseline points="153,1644 185,1644 217,1645 249,1646 282,1646 314,1647 346,1648 378,1649 411,1649 443,1650 475,1651 507,1651 540,1652 572,1653 604,1654 636,1654 669,1655 701,1655 733,1656 765,1656 798,1657"/>
                <TextEquiv>
                    <Unicode>kein, ein bißchen bevorzugt. Ama¬</Unicode>
                </TextEquiv>
            </TextLine>
            <TextLine id="r1l14" custom="readingOrder {index:13;}">
                <Coords points="1978,1654 3047,1679 3147,1674 3148,1633 1979,1599"/>
                <Baseline points="1997,1638 2053,1639 2110,1640 2166,1641 2223,1642 2279,1644 2336,1646 2392,1647 2449,1649 2505,1650 2562,1652 2619,1653 2675,1655 2732,1656 2788,1658 2845,1659 2901,1660 2958,1660 3014,1661 3071,1661 3128,1661"/>
                <TextEquiv>
                    <Unicode>Schluß mit aller ihm persönlich gebührenden Achtung kühler</Unicode>
                </TextEquiv>
            </TextLine>
            <TextLine id="r1l15" custom="readingOrder {index:14;}">
                <Coords points="817,1662 1893,1695 1993,1671 1994,1630 817,1617"/>
                <Baseline points="835,1658 894,1659 954,1661 1014,1662 1074,1663 1134,1664 1194,1666 1254,1667 1314,1668 1374,1669 1434,1670 1494,1671 1554,1672 1614,1673 1674,1675 1734,1676 1794,1677 1854,1679 1914,1681 1974,1683"/>
                <TextEquiv>
                    <Unicode>mögen. Ein Abschluß voll Unnatur, der selbst die schnitzler¬</Unicode>
                </TextEquiv>
            </TextLine>
            <TextLine id="r1l16" custom="readingOrder {index:15;}">
                <Coords points="138,1696 821,1711 821,1659 138,1651"/>
                <Baseline points="156,1684 188,1686 220,1688 253,1689 285,1691 318,1692 350,1693 382,1694 415,1694 447,1695 480,1695 512,1695 544,1696 577,1696 609,1696 642,1696 674,1696 706,1697 739,1697 771,1698 804,1698"/>
                <TextEquiv>
                    <Unicode>iel es bei ihm geschlagen. Er wird</Unicode>
                </TextEquiv>
            </TextLine>
            <TextLine id="r1l17" custom="readingOrder {index:16;}">
                <Coords points="1970,1698 3151,1721 3141,1657 1971,1646"/>
                <Baseline points="1990,1685 2047,1685 2104,1686 2161,1687 2218,1687 2275,1688 2332,1689 2389,1691 2446,1692 2503,1693 2560,1695 2617,1696 2674,1698 2731,1699 2788,1701 2845,1702 2902,1704 2959,1705 3016,1706 3073,1708 3131,1709"/>
                <TextEquiv>
                    <Unicode>gerufen. Ein Treffer war der Abend weder für ihn noch für</Unicode>
                </TextEquiv>
            </TextLine>
            <TextLine id="r1l18" custom="readingOrder {index:17;}">
                <Coords points="820,1708 1981,1738 1971,1685 821,1660"/>
                <Baseline points="840,1699 896,1701 952,1703 1008,1705 1064,1707 1120,1708 1176,1710 1232,1711 1288,1712 1344,1713 1401,1715 1457,1715 1513,1716 1569,1718 1625,1719 1681,1720 1737,1721 1793,1722 1849,1723 1905,1725 1962,1726"/>
                <TextEquiv>
                    <Unicode>freundliche kompakte Majorität der gestrigen Uraufführung</Unicode>
                </TextEquiv>
            </TextLine>
            <TextLine id="r1l19" custom="readingOrder {index:18;}">
                <Coords points="1967,1730 2012,1746 2052,1747 2071,1733 2212,1759 2249,1745 2282,1757 2298,1743 2312,1754 2346,1744 2347,1703 2217,1700 2158,1683 2128,1697 2061,1696 1969,1671"/>
                <Baseline points="1986,1726 2012,1727 2038,1728 2064,1728 2090,1729 2117,1730 2143,1731 2169,1732 2195,1733 2222,1733 2248,1734 2274,1734 2300,1734 2327,1734"/>
                <TextEquiv>
                    <Unicode>das Burgtheater.</Unicode>
                </TextEquiv>
            </TextLine>
            <TextLine id="r1l20" custom="readingOrder {index:19;}">
                <Coords points="132,1748 277,1733 307,1752 355,1735 834,1760 835,1693 739,1687 690,1709 134,1681"/>
                <Baseline points="150,1731 183,1731 216,1732 249,1733 283,1733 316,1734 349,1734 383,1735 416,1736 449,1736 483,1737 516,1737 549,1738 582,1739 616,1740 649,1741 682,1741 716,1743 749,1744 782,1745 816,1746"/>
                <TextEquiv>
                    <Unicode>ug in das italienische Grafenschloß</Unicode>
                </TextEquiv>
            </TextLine>
            <TextLine id="r1l21" custom="readingOrder {index:20;}">
                <Coords points="821,1770 955,1755 981,1771 1178,1759 1389,1777 1468,1750 1469,1724 1314,1704 1105,1716 1017,1694 823,1707"/>
                <Baseline points="840,1741 870,1742 901,1743 931,1744 962,1745 992,1746 1023,1747 1053,1749 1084,1750 1114,1751 1145,1752 1175,1754 1206,1755 1236,1756 1267,1757 1297,1758 1328,1758 1358,1759 1389,1759 1419,1759 1450,1758"/>
                <TextEquiv>
                    <Unicode>im Burgtheater stutzig machte.</Unicode>
                </TextEquiv>
            </TextLine>
            <TextLine id="r1l22" custom="readingOrder {index:21;}">
                <Coords points="134,1785 802,1803 828,1800 829,1751 305,1748 135,1726"/>
                <Baseline points="151,1774 185,1775 220,1776 255,1776 289,1777 324,1778 359,1779 393,1779 428,1780 463,1781 497,1781 532,1782 567,1782 601,1783 636,1784 671,1784 705,1786 740,1786 775,1788 810,1789"/>
                <TextEquiv>
                    <Unicode>lie gibt ihm scheinbar vollkommen</Unicode>
                </TextEquiv>
            </TextLine>
            <TextLine id="r1l23" custom="readingOrder {index:22;}">
                <Coords points="904,1802 1984,1822 1985,1759 905,1754"/>
                <Baseline points="922,1799 974,1800 1026,1802 1078,1803 1130,1805 1182,1807 1234,1808 1286,1809 1338,1811 1390,1812 1443,1814 1495,1815 1547,1816 1599,1817 1651,1818 1703,1819 1755,1819 1807,1820 1859,1820 1911,1820 1964,1820"/>
                <TextEquiv>
                    <Unicode>Capriccio doloroso nennt Amadeus das „Zwischen¬</Unicode>
                </TextEquiv>
            </TextLine>
            <TextLine id="r1l24" custom="readingOrder {index:23;}">
                <Coords points="160,1827 461,1823 620,1857 794,1861 816,1858 818,1791 161,1783"/>
                <Baseline points="180,1816 210,1817 241,1818 272,1819 303,1820 334,1821 365,1823 396,1824 427,1825 458,1826 489,1827 519,1828 550,1829 581,1829 612,1830 643,1830 674,1830 705,1830 736,1830 767,1829 798,1829"/>
                <TextEquiv>
                    <Unicode>soll alles beim Alten, Hauswirt¬</Unicode>
                </TextEquiv>
            </TextLine>
            <TextLine id="r1l25" custom="readingOrder {index:24;}">
                <Coords points="813,1845 1985,1886 1987,1822 814,1793"/>
                <Baseline points="832,1841 888,1843 945,1845 1002,1847 1058,1849 1115,1850 1172,1851 1228,1852 1285,1853 1342,1854 1399,1855 1455,1856 1512,1857 1569,1858 1625,1858 1682,1859 1739,1860 1795,1861 1852,1862 1909,1863 1966,1864"/>
                <TextEquiv>
                    <Unicode>spiel“ seiner neuen Symphonie, dessen Werdegang uns durch</Unicode>
                </TextEquiv>
            </TextLine>
            <TextLine id="r1l26" custom="readingOrder {index:25;}">
                <Coords points="142,1874 217,1875 235,1861 287,1884 603,1885 604,1830 578,1826 143,1822"/>
                <Baseline points="161,1860 187,1862 213,1863 240,1864 266,1865 293,1866 319,1867 346,1867 372,1867 398,1868 425,1868 451,1868 478,1868 504,1868 531,1868 557,1869 584,1869"/>
                <TextEquiv>
                    <Unicode>haft ungeteilt bleiben.</Unicode>
                </TextEquiv>
            </TextLine>
            <TextLine id="r1l27" custom="readingOrder {index:26;}">
                <Coords points="798,1913 899,1885 1994,1915 1961,1869 800,1842"/>
                <Baseline points="816,1885 873,1886 931,1887 989,1888 1047,1890 1105,1892 1163,1894 1221,1896 1279,1898 1337,1900 1395,1902 1452,1904 1510,1906 1568,1907 1626,1908 1684,1909 1742,1909 1800,1909 1858,1908 1916,1907 1974,1905"/>
                <TextEquiv>
                    <Unicode>die drei Akte der Komödie begleitet. Ein schmerzenreiches</Unicode>
                </TextEquiv>
            </TextLine>
            <TextLine id="r1l28" custom="readingOrder {index:27;}">
                <Coords points="134,1920 791,1940 821,1933 822,1889 770,1869 135,1868"/>
                <Baseline points="152,1914 184,1915 217,1916 249,1917 282,1917 315,1918 347,1920 380,1921 412,1921 445,1922 478,1923 510,1924 543,1925 575,1926 608,1927 641,1927 673,1928 706,1928 738,1929 771,1929 804,1929"/>
                <TextEquiv>
                    <Unicode>Philine noch vor Schluß der Ferien</Unicode>
                </TextEquiv>
            </TextLine>
            <TextLine id="r1l29" custom="readingOrder {index:28;}">
                <Coords points="808,1945 1944,1962 1989,1952 1990,1904 809,1897"/>
                <Baseline points="828,1928 885,1929 942,1930 999,1932 1056,1933 1114,1935 1171,1937 1228,1939 1285,1941 1342,1942 1400,1944 1457,1946 1514,1948 1571,1948 1628,1950 1686,1950 1743,1950 1800,1950 1857,1950 1914,1949 1972,1947"/>
                <TextEquiv>
                    <Unicode>Spiel der Laune ist denn auch in der Tat für die Freunde</Unicode>
                </TextEquiv>
            </TextLine>
            <TextLine id="r1l30" custom="readingOrder {index:29;}">
                <Coords points="137,1967 790,1985 812,1981 813,1930 468,1937 138,1904"/>
                <Baseline points="156,1959 187,1960 219,1960 251,1961 283,1962 315,1962 347,1963 379,1964 411,1964 443,1965 475,1966 506,1966 538,1967 570,1968 602,1969 634,1969 666,1970 698,1970 730,1971 762,1972 794,1972"/>
                <TextEquiv>
                    <Unicode>gt nach ihrem in Tirol verbrachten</Unicode>
                </TextEquiv>
            </TextLine>
            <TextLine id="r1l31" custom="readingOrder {index:30;}">
                <Coords points="811,1978 1984,2007 1978,1940 812,1934"/>
                <Baseline points="830,1972 886,1973 943,1974 1000,1975 1057,1977 1114,1978 1170,1979 1227,1981 1284,1983 1341,1984 1398,1985 1454,1987 1511,1988 1568,1989 1625,1990 1682,1992 1738,1992 1795,1993 1852,1994 1909,1994 1966,1994"/>
                <TextEquiv>
                    <Unicode>von Schnitzlers Talent sein jüngstes dramatisches Intermezzo.</Unicode>
                </TextEquiv>
            </TextLine>
            <TextLine id="r1l32" custom="readingOrder {index:31;}">
                <Coords points="128,2009 807,2029 808,1970 749,1961 537,1974 129,1953"/>
                <Baseline points="148,2001 180,2001 212,2002 244,2003 276,2004 308,2004 340,2006 372,2007 404,2008 436,2009 468,2010 500,2012 532,2013 564,2014 596,2014 628,2015 660,2015 692,2015 724,2014 756,2014 788,2012"/>
                <TextEquiv>
                    <Unicode>er mit seltenem Glück. Fürst Loh¬</Unicode>
                </TextEquiv>
            </TextLine>
            <TextLine id="r1l33" custom="readingOrder {index:32;}">
                <Coords points="805,2025 1952,2057 1989,2054 1990,2009 806,1974"/>
                <Baseline points="824,2019 881,2019 938,2019 995,2020 1053,2021 1110,2022 1167,2022 1225,2023 1282,2025 1339,2026 1397,2028 1454,2029 1511,2030 1568,2032 1626,2033 1683,2034 1740,2036 1798,2037 1855,2038 1912,2039 1970,2040"/>
                <TextEquiv>
                    <Unicode>Zu Beginn glaubt man, die beiden angeblich in Freiheit von</Unicode>
                </TextEquiv>
            </TextLine>
            <TextLine id="r1l34" custom="readingOrder {index:33;}">
                <Coords points="134,2060 208,2043 326,2075 386,2050 809,2069 810,2021 135,2004"/>
                <Baseline points="152,2045 183,2046 215,2047 247,2048 279,2048 311,2049 343,2049 375,2050 407,2051 439,2051 471,2052 502,2053 534,2053 566,2054 598,2054 630,2055 662,2055 694,2056 726,2057 758,2058 790,2059"/>
                <TextEquiv>
                    <Unicode>her Begleiter auf allen Ausgängen,</Unicode>
                </TextEquiv>
            </TextLine>
            <TextLine id="r1l35" custom="readingOrder {index:34;}">
                <Coords points="809,2071 1945,2092 1980,2052 810,2026"/>
                <Baseline points="829,2061 885,2061 942,2061 998,2062 1055,2063 1111,2064 1168,2065 1224,2066 1281,2068 1337,2070 1394,2071 1450,2073 1507,2074 1563,2075 1620,2077 1676,2078 1733,2079 1789,2080 1846,2080 1902,2081 1959,2081"/>
                <TextEquiv>
                    <Unicode>herkömmlichen Vorurteilen des Ehebandes dressierten, ver¬</Unicode>
                </TextEquiv>
            </TextLine>
            <TextLine id="r1l36" custom="readingOrder {index:35;}">
                <Coords points="141,2103 264,2108 282,2090 813,2119 814,2067 517,2045 320,2068 142,2040"/>
                <Baseline points="160,2087 191,2090 223,2091 254,2093 286,2094 318,2094 349,2095 381,2095 413,2095 444,2095 476,2094 508,2094 539,2094 571,2094 603,2095 634,2095 666,2096 698,2097 729,2098 761,2100 793,2102"/>
                <TextEquiv>
                    <Unicode>sellschaft. Ihr Vertrauter in Wien</Unicode>
                </TextEquiv>
            </TextLine>
            <TextLine id="r1l37" custom="readingOrder {index:36;}">
                <Coords points="803,2115 1983,2139 1984,2087 803,2078"/>
                <Baseline points="822,2103 879,2104 936,2105 993,2106 1050,2107 1107,2108 1164,2109 1221,2110 1278,2112 1335,2113 1393,2114 1450,2115 1507,2117 1564,2118 1621,2119 1678,2120 1735,2121 1792,2123 1849,2124 1906,2125 1964,2126"/>
                <TextEquiv>
                    <Unicode>meintlich durch Treubruch und Eifersucht unbeirrbaren Gatten</Unicode>
                </TextEquiv>
            </TextLine>
            <TextLine id="r1l38" custom="readingOrder {index:37;}">
                <Coords points="149,2143 628,2139 765,2158 813,2144 814,2114 150,2098"/>
                <Baseline points="168,2131 199,2132 230,2132 261,2133 293,2133 324,2134 355,2135 387,2135 418,2136 449,2137 481,2138 512,2139 543,2139 574,2140 606,2141 637,2142 668,2142 700,2144 731,2144 762,2145 794,2146"/>
                <TextEquiv>
                    <Unicode>, dem sie tagtäglich 8 bis 12 Sei¬</Unicode>
                </TextEquiv>
            </TextLine>
            <TextLine id="r1l39" custom="readingOrder {index:38;}">
                <Coords points="809,2154 1975,2173 1975,2139 1894,2130 810,2113"/>
                <Baseline points="826,2147 882,2149 939,2150 995,2151 1052,2152 1108,2153 1165,2154 1221,2155 1278,2156 1334,2157 1391,2158 1448,2159 1504,2160 1561,2161 1617,2162 1674,2163 1730,2165 1787,2166 1843,2167 1900,2169 1957,2170"/>
                <TextEquiv>
                    <Unicode>würden tragisch oder komisch die Wahrheit des Satzes zu er¬</Unicode>
                </TextEquiv>
            </TextLine>
            <TextLine id="r1l40" custom="readingOrder {index:39;}">
                <Coords points="137,2183 809,2201 803,2148 365,2156 139,2117"/>
                <Baseline points="156,2173 187,2175 219,2176 251,2178 282,2178 314,2180 346,2181 377,2181 409,2182 441,2183 473,2184 504,2184 536,2185 568,2186 599,2186 631,2187 663,2188 694,2189 726,2189 758,2190 790,2191"/>
                <TextEquiv>
                    <Unicode>n#eng und zierlich.“ heißt es bei</Unicode>
                </TextEquiv>
            </TextLine>
            <TextLine id="r1l41" custom="readingOrder {index:40;}">
                <Coords points="799,2199 1674,2232 1972,2223 1973,2175 800,2147"/>
                <Baseline points="818,2189 874,2191 931,2193 988,2195 1045,2196 1102,2197 1158,2199 1215,2200 1272,2201 1329,2202 1386,2203 1442,2204 1499,2205 1556,2206 1613,2207 1670,2208 1726,2209 1783,2210 1840,2211 1897,2213 1954,2214"/>
                <TextEquiv>
                    <Unicode>weisen haben: es sind nicht alle frei, die ihrer Ketten spotten.</Unicode>
                </TextEquiv>
            </TextLine>
            <TextLine id="r1l42" custom="readingOrder {index:41;}">
                <Coords points="140,2224 448,2243 526,2227 659,2249 808,2238 809,2201 268,2168 141,2180"/>
                <Baseline points="157,2220 188,2220 220,2220 252,2220 283,2221 315,2222 347,2222 378,2223 410,2224 442,2225 474,2227 505,2227 537,2229 569,2230 600,2230 632,2231 664,2232 695,2232 727,2233 759,2233 791,2232"/>
                <TextEquiv>
                    <Unicode>skript, man schreibt nicht so aus¬</Unicode>
                </TextEquiv>
            </TextLine>
            <TextLine id="r1l43" custom="readingOrder {index:42;}">
                <Coords points="804,2242 1977,2266 1967,2206 805,2197"/>
                <Baseline points="822,2237 878,2238 935,2238 992,2239 1049,2240 1106,2241 1163,2242 1219,2243 1276,2244 1333,2246 1390,2247 1447,2248 1504,2249 1561,2250 1617,2251 1674,2252 1731,2253 1788,2254 1845,2254 1902,2254 1959,2254"/>
                <TextEquiv>
                    <Unicode>Im zweiten Akt nach dem kuriosen Ehebruch, den das Ehe¬</Unicode>
                </TextEquiv>
            </TextLine>
            <TextLine id="r1l44" custom="readingOrder {index:43;}">
                <Coords points="135,2269 298,2265 324,2288 432,2253 539,2293 655,2274 803,2288 804,2236 136,2224"/>
                <Baseline points="154,2261 185,2263 217,2264 248,2265 280,2266 311,2267 343,2268 374,2268 406,2269 437,2270 469,2270 501,2271 532,2271 564,2272 595,2273 627,2273 658,2274 690,2275 721,2276 753,2278 785,2279"/>
                <TextEquiv>
                    <Unicode>Abschied gibt.“ Aehnliches scheint</Unicode>
                </TextEquiv>
            </TextLine>
            <TextLine id="r1l45" custom="readingOrder {index:44;}">
                <Coords points="805,2292 1978,2322 1979,2267 1538,2236 806,2244"/>
                <Baseline points="826,2281 882,2280 939,2280 995,2280 1052,2281 1109,2282 1165,2283 1222,2284 1279,2286 1335,2287 1392,2289 1449,2291 1505,2292 1562,2294 1619,2295 1675,2296 1732,2297 1789,2297 1845,2297 1902,2297 1959,2296"/>
                <TextEquiv>
                    <Unicode>paar.miteinander begeht, kann man sich einbilden, die Natur¬</Unicode>
                </TextEquiv>
            </TextLine>
            <TextLine id="r1l46" custom="readingOrder {index:45;}">
                <Coords points="132,2316 1814,2356 1970,2348 1971,2304 133,2268"/>
                <Baseline points="152,2304 242,2307 332,2310 422,2312 512,2315 602,2316 692,2319 782,2321 872,2323 962,2324 1052,2326 1142,2328 1232,2330 1322,2331 1412,2333 1502,2335 1592,2337 1682,2339 1772,2340 1862,2343 1952,2345"/>
                <TextEquiv>
                    <Unicode>s Cärilie von Berlin zurückkommt, [gewalt der Leidenschaft werde die beiden in neuer Neigung</Unicode>
                </TextEquiv>
            </TextLine>
            <TextLine id="r1l47" custom="readingOrder {index:46;}">
                <Coords points="140,2357 1936,2399 1982,2344 141,2309"/>
                <Baseline points="158,2348 248,2351 338,2354 428,2357 518,2359 609,2361 699,2364 789,2366 879,2368 969,2370 1060,2371 1150,2373 1240,2375 1330,2376 1420,2378 1511,2380 1601,2381 1691,2383 1781,2385 1871,2386 1962,2388"/>
                <TextEquiv>
                    <Unicode>mit Ausbrüchen fesselloser Liebes=verbinden oder in dauerndem Haß auseinanderführen. Zwei</Unicode>
                </TextEquiv>
            </TextLine>
            <TextLine id="r1l48" custom="readingOrder {index:47;}">
                <Coords points="126,2394 1974,2450 1976,2383 127,2342"/>
                <Baseline points="146,2393 236,2395 327,2398 417,2400 508,2402 598,2403 689,2406 779,2408 870,2409 960,2412 1051,2414 1142,2415 1232,2417 1323,2419 1413,2420 1504,2422 1594,2424 1685,2425 1775,2427 1866,2428 1957,2429"/>
                <TextEquiv>
                    <Unicode>von Ekel und Grauen geschütteltej Lösungen, gleicherweise denkbar nach dem Naturell der Gat¬</Unicode>
                </TextEquiv>
            </TextLine>
            <TextLine id="r1l49" custom="readingOrder {index:48;}">
                <Coords points="137,2442 1974,2494 1975,2427 138,2383"/>
                <Baseline points="154,2437 244,2440 334,2442 424,2444 514,2447 604,2449 694,2451 784,2453 874,2455 964,2456 1055,2458 1145,2460 1235,2462 1325,2463 1415,2465 1505,2467 1595,2468 1685,2469 1775,2471 1865,2472 1956,2474"/>
                <TextEquiv>
                    <Unicode>nicht versagen kann. Als Cäcilieten, nach Art und Kunst eines elementaren Dramatikers.</Unicode>
                </TextEquiv>
            </TextLine>
            <TextLine id="r1l50" custom="readingOrder {index:49;}">
                <Coords points="135,2491 1938,2531 1977,2473 136,2442"/>
                <Baseline points="153,2483 243,2484 333,2486 423,2487 514,2489 604,2491 694,2493 784,2495 875,2497 965,2499 1055,2501 1145,2503 1236,2505 1326,2507 1416,2509 1506,2511 1597,2512 1687,2514 1777,2515 1867,2516 1958,2517"/>
                <TextEquiv>
                    <Unicode>cht, scheint ihr, mit den Wahlver=Schnitzlers völlig unerwarteter Ausgang verblüfft durch eine</Unicode>
                </TextEquiv>
            </TextLine>
            <TextLine id="r1l51" custom="readingOrder {index:50;}">
                <Coords points="135,2535 1886,2578 1966,2520 136,2491"/>
                <Baseline points="153,2526 242,2527 332,2529 421,2531 511,2533 601,2535 690,2537 780,2539 869,2541 959,2543 1049,2545 1138,2547 1228,2549 1317,2551 1407,2552 1497,2554 1586,2555 1676,2556 1765,2558 1855,2559 1945,2560"/>
                <TextEquiv>
                    <Unicode>die Sonne ein Verbrechen zu be=Liebeskasnistik, die gegen ungesunde Sinnlichkeit wennmög¬</Unicode>
                </TextEquiv>
            </TextLine>
            <TextLine id="r1l52" custom="readingOrder {index:51;}">
                <Coords points="134,2572 1975,2617 1909,2552 135,2531"/>
                <Baseline points="152,2571 242,2572 332,2574 422,2576 512,2578 602,2580 692,2582 783,2584 873,2585 963,2587 1053,2589 1143,2591 1233,2593 1323,2594 1414,2596 1504,2598 1594,2600 1684,2602 1774,2603 1864,2605 1955,2607"/>
                <TextEquiv>
                    <Unicode>aber nicht, sofort zu Philinen zu llich noch ungesundere Spitzfindigkeit ausspielt. Es mag ja</Unicode>
                </TextEquiv>
            </TextLine>
            <TextLine id="r1l53" custom="readingOrder {index:52;}">
                <Coords points="118,2620 1970,2666 1971,2596 118,2575"/>
                <Baseline points="137,2613 227,2615 318,2617 409,2619 500,2621 591,2623 681,2625 772,2627 863,2629 954,2630 1045,2632 1135,2634 1226,2635 1317,2637 1408,2639 1499,2640 1589,2641 1680,2643 1771,2645 1862,2646 1953,2647"/>
                <TextEquiv>
                    <Unicode>us' Abschiedsbrief zu erbitten: sie denkbar sein, daß der Roman dieses „Zwischenspiels“ irgend¬</Unicode>
                </TextEquiv>
            </TextLine>
            <TextLine id="r1l54" custom="readingOrder {index:53;}">
                <Coords points="130,2665 215,2674 249,2652 286,2672 360,2658 430,2678 757,2681 805,2678 806,2630 131,2617"/>
                <Baseline points="150,2656 181,2658 213,2659 245,2660 277,2661 309,2662 340,2664 372,2665 404,2665 436,2666 468,2667 499,2667 531,2668 563,2668 595,2668 627,2669 658,2669 690,2669 722,2669 754,2669 786,2668"/>
                <TextEquiv>
                    <Unicode>Watte sonst möglicherweise hinter</Unicode>
                </TextEquiv>
            </TextLine>
            <TextLine id="r1l55" custom="readingOrder {index:54;}">
                <Coords points="784,2695 1916,2704 1968,2697 1969,2649 785,2624"/>
                <Baseline points="804,2671 861,2672 918,2673 975,2674 1033,2676 1090,2677 1147,2678 1204,2679 1262,2680 1319,2681 1376,2682 1433,2683 1491,2684 1548,2686 1605,2687 1662,2687 1720,2688 1777,2689 1834,2689 1891,2690 1949,2690"/>
                <TextEquiv>
                    <Unicode>wo (schwerlich in der Wiener Gegenwart) analoge Urbilder</Unicode>
                </TextEquiv>
            </TextLine>
            <TextLine id="r1l56" custom="readingOrder {index:55;}">
                <Coords points="126,2706 616,2720 656,2739 683,2717 805,2720 806,2679 127,2661"/>
                <Baseline points="143,2701 175,2701 207,2702 239,2702 272,2703 304,2703 336,2704 368,2705 401,2705 433,2706 465,2707 497,2708 530,2709 562,2709 594,2710 626,2710 659,2711 691,2712 723,2712 755,2713 788,2713"/>
                <TextEquiv>
                    <Unicode>nen und ihn zur Rechenschaft ziehen</Unicode>
                </TextEquiv>
            </TextLine>
            <TextLine id="r1l57" custom="readingOrder {index:56;}">
                <Coords points="791,2721 1967,2753 1969,2682 792,2684"/>
                <Baseline points="809,2716 868,2717 928,2718 988,2719 1048,2720 1108,2721 1168,2723 1228,2724 1288,2725 1348,2727 1408,2728 1468,2729 1528,2730 1588,2731 1648,2732 1708,2733 1768,2733 1828,2734 1888,2734 1948,2734"/>
                <TextEquiv>
                    <Unicode>und in dem heutigen Kunstwirrwarr hysterische Anhänger</Unicode>
                </TextEquiv>
            </TextLine>
            <TextLine id="r1l58" custom="readingOrder {index:57;}">
                <Coords points="119,2757 606,2766 654,2745 750,2769 795,2759 796,2722 120,2694"/>
                <Baseline points="138,2744 169,2745 201,2746 233,2748 265,2748 297,2750 329,2750 360,2751 392,2751 424,2752 456,2752 488,2753 520,2753 552,2754 583,2754 615,2755 647,2755 679,2755 711,2756 743,2757 775,2757"/>
                <TextEquiv>
                    <Unicode>madeus somit noch immer. Ama¬</Unicode>
                </TextEquiv>
            </TextLine>
            <TextLine id="r1l59" custom="readingOrder {index:58;}">
                <Coords points="784,2766 1887,2801 1966,2747 785,2714"/>
                <Baseline points="804,2760 861,2761 918,2761 975,2762 1032,2764 1089,2765 1146,2767 1204,2768 1261,2769 1318,2770 1375,2772 1432,2773 1489,2774 1546,2775 1604,2776 1661,2777 1718,2778 1775,2778 1832,2778 1889,2778 1947,2778"/>
                <TextEquiv>
                    <Unicode>findet. Wenn Unsereiner die Wahl hat zwischen Schnitzlers</Unicode>
                </TextEquiv>
            </TextLine>
            <TextLine id="r1l60" custom="readingOrder {index:59;}">
                <Coords points="124,2784 420,2810 792,2807 793,2759 125,2751"/>
                <Baseline points="142,2788 173,2788 205,2789 236,2790 268,2790 300,2791 331,2792 363,2793 394,2794 426,2795 458,2796 489,2796 521,2797 552,2798 584,2799 616,2799 647,2800 679,2800 710,2801 742,2801 774,2801"/>
                <TextEquiv>
                    <Unicode>neuen Brautnacht nichts Eiligeres</Unicode>
                </TextEquiv>
            </TextLine>
            <TextLine id="r1l61" custom="readingOrder {index:60;}">
                <Coords points="787,2806 1960,2833 1961,2781 788,2769"/>
                <Baseline points="806,2801 862,2803 919,2805 976,2806 1032,2808 1089,2809 1146,2810 1202,2812 1259,2813 1316,2814 1373,2815 1429,2816 1486,2817 1543,2818 1599,2819 1656,2819 1713,2820 1769,2820 1826,2820 1883,2820 1940,2820"/>
                <TextEquiv>
                    <Unicode>ausgeklügelter Musikerehe und der Wirklichkeit, greift er zu</Unicode>
                </TextEquiv>
            </TextLine>
            <TextLine id="r1l62" custom="readingOrder {index:61;}">
                <Coords points="120,2836 788,2858 789,2802 722,2793 121,2784"/>
                <Baseline points="138,2830 169,2832 201,2833 232,2835 264,2836 296,2837 327,2838 359,2839 391,2840 422,2840 454,2841 486,2842 517,2842 549,2843 581,2843 612,2844 644,2844 676,2844 707,2844 739,2845 771,2845"/>
                <TextEquiv>
                    <Unicode>ohsenstein seine Zeugen zu schicken:</Unicode>
                </TextEquiv>
            </TextLine>
            <TextLine id="r1l63" custom="readingOrder {index:62;}">
                <Coords points="784,2856 1938,2889 1966,2826 785,2804"/>
                <Baseline points="802,2846 859,2847 916,2848 973,2849 1030,2850 1088,2851 1145,2853 1202,2854 1259,2856 1316,2857 1374,2859 1431,2860 1488,2861 1545,2862 1602,2863 1660,2864 1717,2865 1774,2865 1831,2865 1888,2865 1946,2865"/>
                <TextEquiv>
                    <Unicode>seinem Troste nach Mozarts herrlichem Brief an Constanze</Unicode>
                </TextEquiv>
            </TextLine>
            <TextLine id="r1l64" custom="readingOrder {index:63;}">
                <Coords points="128,2888 766,2899 796,2893 797,2848 129,2836"/>
                <Baseline points="146,2875 177,2877 209,2879 240,2880 272,2881 303,2882 335,2883 366,2884 398,2885 429,2886 461,2886 492,2887 524,2887 555,2888 587,2888 618,2888 650,2888 681,2888 713,2888 744,2888 776,2887"/>
                <TextEquiv>
                    <Unicode>ntreue Cäcilie Gleiches mit Glei¬</Unicode>
                </TextEquiv>
            </TextLine>
            <TextLine id="r1l65" custom="readingOrder {index:64;}">
                <Coords points="786,2896 1921,2921 1966,2910 1967,2858 786,2848"/>
                <Baseline points="806,2889 863,2890 920,2892 977,2893 1034,2894 1091,2896 1148,2897 1205,2898 1262,2900 1319,2901 1376,2902 1433,2904 1490,2905 1547,2906 1604,2907 1661,2907 1718,2908 1775,2908 1832,2908 1889,2908 1946,2908"/>
                <TextEquiv>
                    <Unicode>über das Strumpfbandmessen oder zu dem Briefwechsel zwi¬</Unicode>
                </TextEquiv>
            </TextLine>
            <TextLine id="r1l66" custom="readingOrder {index:65;}">
                <Coords points="130,2929 791,2948 788,2888 502,2901 131,2877"/>
                <Baseline points="150,2918 181,2919 212,2920 243,2922 274,2923 306,2924 337,2926 368,2927 399,2928 430,2928 462,2929 493,2930 524,2931 555,2931 586,2932 618,2932 649,2932 680,2932 711,2932 742,2931 774,2931"/>
                <TextEquiv>
                    <Unicode>einem meisterhaft geführten Ge¬</Unicode>
                </TextEquiv>
            </TextLine>
            <TextLine id="r1l67" custom="readingOrder {index:66;}">
                <Coords points="782,2934 1810,2969 1958,2950 1959,2912 783,2889"/>
                <Baseline points="802,2931 858,2933 915,2934 972,2936 1029,2937 1086,2939 1143,2940 1200,2942 1257,2943 1314,2944 1371,2945 1427,2946 1484,2947 1541,2948 1598,2949 1655,2950 1712,2951 1769,2951 1826,2952 1883,2953 1940,2954"/>
                <TextEquiv>
                    <Unicode>schen Richard Wagner und Mathilde Wesendonck. Ein Blatt,</Unicode>
                </TextEquiv>
            </TextLine>
            <TextLine id="r1l68" custom="readingOrder {index:67;}">
                <Coords points="119,2984 1957,2995 120,2917"/>
                <Baseline points="139,2964 228,2966 318,2968 408,2970 498,2972 588,2974 678,2976 768,2977 858,2979 948,2981 1038,2982 1127,2984 1217,2986 1307,2988 1397,2989 1487,2991 1577,2993 1667,2995 1757,2997 1847,2999 1937,3001"/>
                <TextEquiv>
                    <Unicode>rfährt er indessen zu seiner Be=das von Liebeslust und Liebesleid dieser Großen zeugt, taugt</Unicode>
                </TextEquiv>
            </TextLine>
            <TextLine id="r1l69" custom="readingOrder {index:68;}">
                <Coords points="129,3017 1959,3061 1960,2994 130,2950"/>
                <Baseline points="146,3004 235,3008 325,3011 414,3014 504,3017 594,3019 683,3020 773,3022 863,3024 952,3025 1042,3026 1132,3027 1221,3028 1311,3029 1401,3031 1490,3032 1580,3033 1670,3035 1759,3037 1849,3039 1939,3042"/>
                <TextEquiv>
                    <Unicode>fleckenloser Tugendspiegel; sie hat mehr als die ganze Partitur von Amadeus Adams Inter¬</Unicode>
                </TextEquiv>
            </TextLine>
            <TextLine id="r1l70" custom="readingOrder {index:69;}">
                <Coords points="127,3058 654,3060 854,3097 944,3065 944,3025 789,3007 536,3032 128,3014"/>
                <Baseline points="145,3050 184,3051 223,3052 262,3053 301,3054 340,3055 379,3056 418,3056 457,3057 496,3058 536,3059 575,3059 614,3060 653,3061 692,3061 731,3062 770,3062 809,3063 848,3063 887,3064 927,3064"/>
                <TextEquiv>
                    <Unicode>n ausgeschlagen, der durch päpst=mezzo.</Unicode>
                </TextEquiv>
            </TextLine>
            <TextLine id="r1l71" custom="readingOrder {index:70;}">
                <Coords points="130,3110 594,3118 624,3100 709,3120 787,3106 788,3062 131,3054"/>
                <Baseline points="150,3092 181,3093 212,3095 243,3095 274,3096 305,3097 336,3098 367,3099 398,3100 429,3100 460,3101 491,3101 522,3102 553,3102 584,3102 615,3102 646,3103 677,3103 708,3103 739,3102 770,3102"/>
                <TextEquiv>
                    <Unicode>magyarisch=siebenbürgische Rechts¬</Unicode>
                </TextEquiv>
            </TextLine>
            <TextLine id="r1l72" custom="readingOrder {index:71;}">
                <Coords points="862,3110 1845,3151 1960,3142 1961,3093 1887,3062 1805,3094 1679,3058 863,3054"/>
                <Baseline points="881,3106 936,3108 992,3110 1048,3112 1103,3114 1159,3115 1215,3117 1271,3118 1326,3119 1382,3120 1438,3122 1494,3122 1549,3123 1605,3124 1661,3125 1717,3125 1772,3126 1828,3126 1884,3126 1940,3127"/>
                <TextEquiv>
                    <Unicode>Gegen das heillose Grundmotiv von Schnitzlers „Zwi¬</Unicode>
                </TextEquiv>
            </TextLine>
            <TextLine id="r1l73" custom="readingOrder {index:72;}">
                <Coords points="131,3140 1830,3193 1954,3139 132,3085"/>
                <Baseline points="151,3133 240,3137 329,3141 418,3144 507,3147 597,3149 686,3151 775,3153 864,3155 953,3156 1043,3157 1132,3158 1221,3159 1310,3160 1399,3162 1489,3163 1578,3165 1667,3167 1756,3170 1845,3173 1935,3176"/>
                <TextEquiv>
                    <Unicode>Ehehindernis des Katholizismus schenspiel“ kam die reiche Kunst seiner Technik, der Witz und</Unicode>
                </TextEquiv>
            </TextLine>
            <TextLine id="r1l74" custom="readingOrder {index:73;}">
                <Coords points="118,3192 1996,3242 1997,3168 119,3140"/>
                <Baseline points="135,3183 227,3186 319,3189 411,3191 503,3193 595,3195 687,3197 780,3199 872,3200 964,3202 1056,3203 1148,3205 1240,3206 1332,3208 1425,3209 1517,3211 1609,3213 1701,3215 1793,3217 1885,3219 1978,3221"/>
                <TextEquiv>
                    <Unicode>äre. Amadeus will nach dieser! Tiefsinn einzelner Seitenmotive so wenig auf, wie die</Unicode>
                </TextEquiv>
            </TextLine>
            <TextEquiv>
                <Unicode>20. Zwischenspiel box 25/1
asann
  
nd er läuft der leichtfertigen Kleinen] Offenbarung jauchzend mit Cäcilie wiederum die volle alter meistermäßige Ausführung seiner Nothelfer Kainz (Ama¬
eicht, weil er äußerlich gleichmütig,
Levensgemeinschaft anheben: sie aber weist ihn, wie es
deus), Lotte Witt (Cäcilie), Korff (Fürst Lohsenstein).
r zu merken glaubt, daß seine von
scheint, dauernd von sich mit Klugreden, die Nachsichtige mit
Schnitzler wurde nach den ersten zwei Akten lebhaft, zum
Frau einen jungen Musikenthusia¬
Noras, Boshaftere mit Griseldis Abschiedsworten vergleichen
kein, ein bißchen bevorzugt. Ama¬
Schluß mit aller ihm persönlich gebührenden Achtung kühler
mögen. Ein Abschluß voll Unnatur, der selbst die schnitzler¬
iel es bei ihm geschlagen. Er wird
gerufen. Ein Treffer war der Abend weder für ihn noch für
freundliche kompakte Majorität der gestrigen Uraufführung
das Burgtheater.
ug in das italienische Grafenschloß
im Burgtheater stutzig machte.
lie gibt ihm scheinbar vollkommen
Capriccio doloroso nennt Amadeus das „Zwischen¬
soll alles beim Alten, Hauswirt¬
spiel“ seiner neuen Symphonie, dessen Werdegang uns durch
haft ungeteilt bleiben.
die drei Akte der Komödie begleitet. Ein schmerzenreiches
Philine noch vor Schluß der Ferien
Spiel der Laune ist denn auch in der Tat für die Freunde
gt nach ihrem in Tirol verbrachten
von Schnitzlers Talent sein jüngstes dramatisches Intermezzo.
er mit seltenem Glück. Fürst Loh¬
Zu Beginn glaubt man, die beiden angeblich in Freiheit von
her Begleiter auf allen Ausgängen,
herkömmlichen Vorurteilen des Ehebandes dressierten, ver¬
sellschaft. Ihr Vertrauter in Wien
meintlich durch Treubruch und Eifersucht unbeirrbaren Gatten
, dem sie tagtäglich 8 bis 12 Sei¬
würden tragisch oder komisch die Wahrheit des Satzes zu er¬
n#eng und zierlich.“ heißt es bei
weisen haben: es sind nicht alle frei, die ihrer Ketten spotten.
skript, man schreibt nicht so aus¬
Im zweiten Akt nach dem kuriosen Ehebruch, den das Ehe¬
Abschied gibt.“ Aehnliches scheint
paar.miteinander begeht, kann man sich einbilden, die Natur¬
s Cärilie von Berlin zurückkommt, [gewalt der Leidenschaft werde die beiden in neuer Neigung
mit Ausbrüchen fesselloser Liebes=verbinden oder in dauerndem Haß auseinanderführen. Zwei
von Ekel und Grauen geschütteltej Lösungen, gleicherweise denkbar nach dem Naturell der Gat¬
nicht versagen kann. Als Cäcilieten, nach Art und Kunst eines elementaren Dramatikers.
cht, scheint ihr, mit den Wahlver=Schnitzlers völlig unerwarteter Ausgang verblüfft durch eine
die Sonne ein Verbrechen zu be=Liebeskasnistik, die gegen ungesunde Sinnlichkeit wennmög¬
aber nicht, sofort zu Philinen zu llich noch ungesundere Spitzfindigkeit ausspielt. Es mag ja
us' Abschiedsbrief zu erbitten: sie denkbar sein, daß der Roman dieses „Zwischenspiels“ irgend¬
Watte sonst möglicherweise hinter
wo (schwerlich in der Wiener Gegenwart) analoge Urbilder
nen und ihn zur Rechenschaft ziehen
und in dem heutigen Kunstwirrwarr hysterische Anhänger
madeus somit noch immer. Ama¬
findet. Wenn Unsereiner die Wahl hat zwischen Schnitzlers
neuen Brautnacht nichts Eiligeres
ausgeklügelter Musikerehe und der Wirklichkeit, greift er zu
ohsenstein seine Zeugen zu schicken:
seinem Troste nach Mozarts herrlichem Brief an Constanze
ntreue Cäcilie Gleiches mit Glei¬
über das Strumpfbandmessen oder zu dem Briefwechsel zwi¬
einem meisterhaft geführten Ge¬
schen Richard Wagner und Mathilde Wesendonck. Ein Blatt,
rfährt er indessen zu seiner Be=das von Liebeslust und Liebesleid dieser Großen zeugt, taugt
fleckenloser Tugendspiegel; sie hat mehr als die ganze Partitur von Amadeus Adams Inter¬
n ausgeschlagen, der durch päpst=mezzo.
magyarisch=siebenbürgische Rechts¬
Gegen das heillose Grundmotiv von Schnitzlers „Zwi¬
Ehehindernis des Katholizismus schenspiel“ kam die reiche Kunst seiner Technik, der Witz und
äre. Amadeus will nach dieser! Tiefsinn einzelner Seitenmotive so wenig auf, wie die</Unicode>
            </TextEquiv>
        </TextRegion>
    </Page>
</PcGts>
