3484 4384
1325 156 1778 262 box 25/3
261 159 1164 268 20. Zuischensniel
2510 1373 2567 1450 S
1438 1385 1507 1466 5
369 1394 1394 1478 erandert. Die Dauer der Mandate beträgt 5 Jahre.
1465 1451 1524 1482 Benen
2410 1409 3332 1508 Troppan-Dzieditz-Bielitz — vor 50 Jal
1500 1423 1568 1491 5
1450 1469 1551 1535 S
366 1477 1385 1541 In der Motivierung des Gesetzentwurfes heißt es:
1534 1474 1579 1521 2.
2415 1477 3335 1566 Montag, den 18. d. M. war es genau ein
1542 1466 2140 1607 SORL. STTERNRS·
2426 1533 3340 1617 Jahrhundert, seitdem die Strecke Troppau=Dz
1491 1555 1619 1593 Sreren
464 1578 1390 1645 Und dann deutet uns Schnitzler an, daß uns
2416 1588 3330 1655 Bielitz feierlich eröffnet wurde. Es wird n
2414 1633 3304 1707 manchen unter uns geben, der sich dieser
357 1631 2174 1719 im Leben doch nur das Aeußerliche Halt gibt.Erhältlich in allen Apotheken =
353 1680 1387 1751 Convenienz Schamgefühl, Rücksicht hält uns zu¬
2404 1680 3339 1745 nungsfahrt erinnert. Die Abfahrt von Tra
1644 1715 2413 1789 = und Mineralwasser-Handlungen
355 1739 1391 1803 sammen. Alles andere vergeht, es entgleitet uns
2414 1732 3343 1796 erfolgte gegen 8 Uhr morgens. Die Statio
348 1795 1399 1851 leise, kaum merklich, wenn wir es noch so fest zu
2414 1765 3333 1853 bäude in den Bahnhöfen der neuen Strecke
346 1833 1390 1890 halten meinen. „Nichts ist dauernd, als der
2418 1826 3349 1910 Oderberg nach Bielitz, nämlich Petrowitz, Pru
2404 1865 3338 1942 Chiby und Dzieditz, waren durchwegs mit Fa
345 1888 1385 1946 Wechsel.“ So lehrt es die Natur um uns, in
1585 1853 2207 1964 Aus Nah und Fern.
357 1927 1394 2001 uns. Und dem wollen wir uns in gewissen Fällen
2402 1935 3347 2010 in symbolischen Farben und mit Laubgewi
1469 1959 3346 2050 Kaiser Ferdinands-Nordbahn. Wegens festlich geschmückt. Ueberall in den genan
355 1981 1382 2038 verschließen. Wenn wir selbst in Ekstase, wenn
1382 2005 2401 2082 [Ueberfüllung des Bahnhofes Krakau
348 2027 1378 2091 wir selbst im Spiel sind, dann — dann möchten
2418 2025 3348 2097 Stationsplätzen hatte sich trotz des heftigen Sch
1385 2068 3320 2146 und damit zusammenhängender Gü=gestöbers und der sehr empfindlichen Kälte
347 2074 1367 2130 wir Naturgesetze, die wir einst auf den Thron ge¬
1392 2115 3335 2196 terstauungen in den Vorstationen große Menschenmenge eingefunden, welche den
351 2126 1378 2209 hoben, umstoßen, und Kulturmauern aufrichten, um
1368 2170 3343 2245 [muß ab 18. d. M. bis auf Weiteres diel kommenden Zug mit Vivatrufen begrüßte. B#
347 2170 907 2240 dahinter Schutz zu finden.
1377 2209 2408 2271 [Annahme von Frachtgütern zur Be¬
447 2207 1024 2283 Ja, so sind wir Menschen.
2404 2212 3340 2303 ders festlich war der Bahnhof und das Stati
1386 2258 2400 2318 förderung nach Krakau oder darüber
443 2271 1375 2338 Und Schnitzler, der Denker, der Dichter, rollt
2417 2270 3339 2338 gebäude in Bielitz dekoriert, vor welchem ein
1376 2318 2401 2372 [hinaus mit Ausnahme von Lebendem
346 2318 1366 2396 uns eine Reihe von Problemen auf, die wir zu
2411 2319 3346 2398 siger Triumphbogen in herrlichem Grün prat
1376 2367 2403 2444 und frischem Fleisch eingestellt wer¬
341 2373 1192 2427 Ende denken können, jeder in seiner Art.
2411 2368 3340 2443 das gegen die übrige Winterlandschaft wohltu
1377 2409 1502 2485 den.
440 2406 1376 2482 Und in all seinen Werken ist die führende
2383 2415 3335 2502 kontrastierte. In der Personenhalle wurde der
1462 2436 2393 2524 Wegen Eintrittes außergewöhnlicher Verkehrs¬
343 2458 1379 2526 Stimme Resignation. Für all die dunklen Wege,
2406 2464 3313 2536 der um ein Uhr mittags in Bielitz eintraf,
1377 2508 2395 2573 verhältnisse dann wegen Ueb rfüllung der Station
351 2510 1368 2564 für all die verschlungenen Pfade, die die mensch¬
2402 2511 3356 2587 dem dortigen Herro Bezirksvorsteher, dem Biel
1384 2561 2396 2620 Krakau mit Gütern werden vorbehaltlich der nach¬
350 2565 1369 2619 liche Seele geht, hat er ein weises Verstehen und
2409 2562 3336 2640 Bürgermeister und dem für den Empfang
1372 2610 2396 2666 träglichen Genehmigung der Aufsichtsbehörde im
340 2613 1366 2677 Verzeihen und erleuchtet sie mit seiner Wunder¬
2406 2610 3333 2681 sammengetretenen Konitee begrüßt und von
1375 2661 2402 2718 Sinne des § 63 Absatz 3 des Betriebsreglement
337 2661 1369 2720 lampe. Und auch diesmal zeigt sie uns klar und
2392 2667 3351 2743 zahlreich versammelten Zischauermenge mit wie
1371 2714 2396 2773 und des § 6, Absatz 3, Ziffer 2, der Ausführungs¬
340 2705 1367 2779 deutlich, daß hinter jedem Glück schon die Enttäu¬
2408 2715 3319 2784 holten freudigen „Lebehoas“ empfangen. In
1362 2760 2396 2824 bestimmungen zum Internationalen Uebereinkommen
2398 2759 3351 2833 Wartesälen des Bahnhofgeriudes veranstaltete
335 2757 642 2838 schung lauert.
1362 2809 3338 2883 über den Eisenbahn Frachtverkehr folgende Zu=Bielitzer Festkomitee ein glänendes Dejeuner,
1361 2851 3351 2947 schlagsfristen zu der reglementari=welchem die begeisterte Stimming der Teilneh#
