3484 4352
1318 184 1750 274 box 25/2
237 195 1202 300 20. Zuischenspiel
1161 1283 1541 1370 Telephon 12801.
1305 1387 1373 1458 9
621 1391 1320 1502 „OBSERVER‘
447 1495 1538 1553 I. österr. behördl. konz. Unternehmen für Zeitungs-Ausschnitte
627 1558 1374 1626 Wien, I., Concordiaplatz 4.
858 1615 1164 1678 Vertretungen
451 1666 1541 1722 in Berlin, Budapest, Chicago, Christiania, Genf, Kopenhagen,
464 1712 1539 1775 London, Madrid, Mailand, Minneapolis. New-York. Paris, Rom,
618 1766 1392 1815 San Francisco, Stockholm, St. Petersburg.
804 1791 1255 1843 (Quellenangabe ohne Gewähr)
459 1822 1633 1935 Aussemntt n Sen #de be7,
1589 1905 1657 1954 —
465 1960 620 2025 vom:
1021 1946 1435 2070 G-
504 2071 1672 2166 Lessiugtheater. Arthur Schnitzlers Komödie „Das
420 2145 1680 2224 Zwischenspiel“ ging gestern zum ersteumal in Berlin!
414 2211 1671 2278 über die Bretter. Wien mag sich über eine solche durch drei
427 2259 1672 2344 Akte gesponnene Unterhaltung über Ehe oder Nicht=Ehe
425 2323 1678 2388 zwischen Künstlern gefreut haben. In Berlin wird man Schnitzler
433 2357 1679 2440 den Vorwurf nicht ersparen, daß er kein Drama geschrieben
439 2414 1678 2480 hat, wer aber in das Theater geht, darin die Probleme behandelt
428 2459 1681 2533 zu sehen, an denen wir alle arbeiten, mit denen wir auf
434 2512 1684 2593 Kriegsfuß stehen und die manchen aus unseren Reihen dicht
433 2545 1688 2647 neben uns hinraffen oder von dem Tisch des wirkenden Lebens
434 2619 1679 2674 in die Einöde eines unfruchtbaren Haderns mit der Welt stoßen,
429 2646 1686 2719 der wird nicht mit einem verständnislosen Lächeln sich über die
432 2699 1690 2788 feine geistige Schwungkraft eines Schnitzlerschen Dialoges
428 2753 1689 2838 hinweg setzen können. Ich behalte mir eine Analyse des
436 2798 1685 2879 Stückes und des Problems für Montag vor. Die Darstellung
433 2848 1684 2939 des Künstlerpaares, die über das Recht zur Freiheit bei
432 2908 1691 2979 Mann und Weib in der Ehe streiten, wurde von Basser¬
431 2949 1690 3016 mann und Irene Triesch mit Einsatz ihrer ganzen
429 2994 1690 3063 künstlerischen Eigenart durchgeführt. Reicher spielte einen
438 3038 1687 3117 beratenden Freund. So wurde der Erfolg gegen eine Hand
430 3093 1693 3156 voll Zischer schließlich auch hier errungen. Schnitzler konnte
1436 3142 1610 3197 W. M.
434 3152 972 3242 sich wiederholt bedanken.
1891 439 1959 511 er
1899 537 1958 592 le
2001 74 3061 137 in Berlin, Budapest, Chicago, Christiania, Genf, Kopenhagen,
1986 125 3063 198 London, Madrid, Mailand, Minneapolis. New-York. Paris, Rom,
2147 156 2909 228 San Francisco, Stockholm, St. Petersburg.
2322 193 2733 243 (Quellenangabe ohne Gewähr)
1992 219 3124 339 Ausschnitt au nZe
2003 358 2786 503 vemssisg- Tneater
2054 476 3198 554 Zum ersten Male: „Zwischenspiel“, Komödie in
1974 533 2814 594 drei Akten von Arthur Schnitzler.
2042 570 3187 629 Nein, ein Theaterstück war es nicht. Darin mögen die,
1974 603 3204 670 die an falscher Stelle lachten, beim Applaus erschreckt aus
1990 667 3196 712 einem heimlichen Gähnen auffuhren und als Schlußpunkt ein
1980 694 3203 740 Zischen auf die Beifallssalve setzten, recht behalten. Ein
1974 727 3204 779 4Theaterstück war es nicht. Es war eben viel mehr. Es war
1978 781 3205 839 keine jener feinsten Wahrheiten, bei denen es ganz gleich ist,
1971 814 3204 870 ob sie in lyrischer, epischer oder dramatischer Form gesagt
1979 858 3198 905 werden; eine jener allergeheimsten Wahrheiten, die man sich
1985 887 3206 954 selbst nur mit Zögern eingesteht, und meist — wenn es zu
1985 940 2164 999 spät ist.
2047 971 3196 1031 „Zwischenspiel“ nennt Schnitzler diese Komödie des
1986 1009 3199 1063 Lebens, die er uns heute in Dialogen brachte. Der Titel ist
1982 1050 3198 1102 Ironie. Und der Inhalt nicht minder. Doch von jener Art,
1975 1091 3209 1151 die man sich erst angewöhnt hat, wenn's mit Lachen und
1989 1127 3205 1177 Weinen schlechterdings nicht mehr geht. Das zu vermögen,
1984 1171 3203 1218 dazu gehört kein Stückeschreiber, dazu gehört ein Dichter. —
1979 1206 3210 1273 Der Kapellmeister Amadens Adams, ein genialer Bursch, hat
1989 1250 3219 1299 eine Frau, die als Opernsängerin ein Stern wird. Mit dem
1988 1292 3238 1340 Ruhm stellen sich bei beiden die unvermeidlichen Courmacher¬
1989 1329 3213 1382 bezw. Courmacherinnen ein, die stets schnell bereit sind, das
1986 1363 3220 1416 Goldstück des Ruhms in die kleine Münze ihrer „Liebe“ um¬
1985 1407 3215 1466 zuwechseln. Also: der Kapellmeister kann nicht widerstehen.
1996 1454 3203 1501 Eine Gräfin lockt zu verführerisch. Sie bringt das Jongleur¬
1994 1495 3215 1540 stück fertig, sich selbst auf dem Präsentierbrett zu servieren.
1986 1526 3219 1582 Da geht er hin, aber nicht ohne als echtes „Männchen“ sein
1992 1578 3220 1620 Haus bestellt zu haben. Damit ihm hinter dem Rücken nichts
1993 1609 3226 1655 Aergerliches passiert, entläßt er seine Frau zuvörderst aus!
1994 1646 3213 1699 dem ehelichen Verhältnis und bietet ihr dafür eine Kamerad¬
1996 1693 3210 1738 schaft, die auf Freiheit und Wahrheit beruht. Selbstverständ¬
1992 1724 3216 1772 lich unter der stillen Voraussetzung, daß seine Frau selbst als
1989 1759 3225 1812 Nur=Kameradin von derselben ehelichen Treue nicht los¬
1990 1804 3224 1862 könne, von der er sich für die Dauer eines Zwischenspiels dis¬
1989 1845 3220 1902 pensiert. Der arme Kerl! Für eine Episode gab er das ganze
1987 1883 3225 1935 Spiel. Vom Abenteuer zurück, mit der Frau — die inzwischen
1986 1923 3220 1969 an der Berliner Oper Triumphe feierte — nach monatiger
1996 1962 3224 2020 Trennung wieder vereint, weiß er auch sie nicht anders zu
1991 2001 3233 2053 gewinnen, als wär's ein neues, lockendes Abenteuer. In der
2001 2045 3217 2091 Frau sind durch ihn die Sinne aufgepeitscht. Jetzt! Während
2771 2078 3226 2143 Und nach der heißen
1997 2084 2765 2131 die seinen die Ruhe bei ihr suchen ...
1988 2117 3228 2173 Liebesnacht ist er der Verlorene, der Aufgegebene. Im Weib
2007 2158 2534 2225 ist das Weibchen erwacht.
2051 2188 3225 2262 Die beiden Menschen haben das Prinzip der Wahrheit
1998 2237 3220 2305 in der Ehe. Das heißt auf gut Ehe=Deutsch: „Es darf nichts
1988 2284 3215 2336 vorkommen!“ Diese Folgerung hat der Kapellmeister nicht
2000 2331 3228 2383 begriffen. Und da er weiter nicht begriff, daß er durch die
2002 2367 3228 2418 Wahrheit, die er seiner Frau durch die Dekouvrierung von
1996 2398 3228 2464 Gefühlen antat, die anderen Frauen galten, sie als Frau
1996 2462 3224 2504 und Eheweib deklassierte, ihr Scham= und Ehrgefühl nieder¬
2930 2485 3232 2547 ein Zustand,
1998 2487 2921 2530 zog und sie zur zweiten Garnitur stempelte —
2001 2526 3217 2577 dem keine Frau gewachsen bleibt — so blieb ihm nichts, als
2004 2563 3227 2615 beim Erwachen aus dem Zwischenspiel die schwächliche Eifer¬
2007 2612 3226 2653 sucht und der Zusammenbruch. Das Stück Schnitzlers beruht
2004 2639 3234 2699 wesentlich auf Empfindungen, die sonst nicht ausgesprochen zu
2003 2694 3225 2733 werden pflegen. Werden sie erst Worte, so ist die Komödie
2001 2724 3227 2773 im Leben wie auf der Bühne aus. Schnitzler aber beginnt
2001 2760 3226 2814 mit ihnen. Damit wäre das Stück nach dem ersten Akte zu
1996 2798 3230 2862 Ende. Aber die Psychologie reizte den Dichter, die Kunst und
1995 2841 3235 2902 auch der Mut, die Seelenzustände zu zerfasern, die bei San¬
1995 2877 3228 2942 quinikern, die sich nicht an Taten, sondern an Hoffnungen
1997 2928 3235 2970 klammern, einzutreten pflegen. Immer neue Fazetten ent¬
1998 2961 3224 3017 stehen unter seiner Hand, ein blinkendes Spiel, und ist es
2007 2995 3247 3054 schon eine Farce, so ist es doch eine geistreiche Farce. Das
2003 3047 3227 3099 kindische Aufbegehren eines Mannes nach einer Frau, von der
2009 3092 2684 3139 er weiß, daß sie ihm verloren ist.
2078 3128 3246 3173 Den weichlichen Kapellmeister, der zum eigenen Wohl¬
2005 3163 3245 3234 ergehen Frau, Geliebte und Kameradin, Lebenslied und
2002 3204 3229 3257 Zwischenspiel unter einen Hut bringen möchte, übersetzte
2002 3248 3230 3299 Albert Bassermann aus der Dichtung ins Leben. Er
1995 3287 3227 3349 war ein Hampelmann und eine tragische Figur in eins. Er
2001 3328 3219 3378 hatte nur Worte, Worte statt Taten; aber er klammerte sich
2005 3363 3238 3420 an seine Worte und konstruierte Beweise mit jener Zähigkeit,
2013 3415 3232 3459 die den Weichling überfällt, wenn's an die Aenderung seiner
2001 3450 3234 3502 Rechnung gehen soll. Eine tragische Figur. Das ist für den
2006 3480 3232 3521 Darsteller das größte Lob. Irene Triesch als Gattin
2009 3521 3231 3577 blieb mir zu tühl; es blitzte mir zu selten durch die zuerst an¬
2013 3562 3236 3617 genommene und dann erworbene Reserviertheit das wilde
2008 3603 3231 3653 Empfinden der Frau hindurch, die mit Mutterhänden noch ein¬
2010 3645 3231 3692 mal nach dem Manne greift. Emanuel Reicher stattete
2002 3680 3225 3726 die Charge eines Dichters aus, der den Chor in der alten
2009 3716 3231 3778 Komödie vertrat: eine Leistung voll überraschend feiner,
2006 3756 3223 3808 lebenskluger Nuancen. Willy Grunwald als junger,
2005 3807 3221 3852 korrekt liebender Fürst, Else Schiff als junge, unkorrekt
2020 3842 3230 3885 liebende Gräfin boten amüsante, geistreiche Noten. Das
2006 3885 3221 3935 Publikum, soweit es nicht aus Pharisäern der Welt und der
2014 3923 3222 3962 Literatur bestand, horchte mit wehmütigem oder doch ver¬
2017 3954 3222 4010 ständnisvollem Lächeln; das Publikum, das sich nicht als
2009 3997 3226 4040 Zöllner und Sünder erkannt wissen wollte, lehnte ab. Der
2003 4028 3228 4085 Beifall zwang Schnitzler nach jedem Akt, vor die Rampezu
2756 4074 3187 4120 Rudolf Herzog.
2004 4081 2161 4126 treten.
