3484 4224
1339 109 1778 191 box 25/6
273 127 1188 219 20. Zuischenshie-
1296 1026 1696 1144 S. 2- HAV181)
813 1223 1477 1327 Theater und Musik.
980 1298 1311 1370 Zwischenspiel.
570 1342 1770 1416 Köln. Die gestern im Deutschen Theater aufgeführte drei¬
1223 1381 1767 1440 „Zwischenspiel ermangelt
544 1400 1061 1460 aktige Komödie von Arur Sch
542 1419 1774 1477 eines starken drahhaftschen Pisch#Es ist eine feine seelische
534 1455 1780 1545 Zergliederung, und Kals Seelenanatomen hat Schnitzler einen sonst:
538 1508 1771 1561 völlig entbehrlichen Freund des Helden eigens bestallen müssen. Er
537 1543 1779 1604 hat dazu gleich einen Schriftsteller gewählt, damit die feuilletonistisch
540 1584 1779 1657 gedrechselten Lebensweisheiten nicht gar zu unwahrscheinlich klingen.
538 1620 1781 1689 Für ein Bühnenstück ist es kein gutes Zeichen, wenn es der Esels¬
535 1664 1762 1724 brücke des klassischen „Vertrauten“ in so ausgedehntem Maße bedarf,
537 1696 1772 1765 um innere Entwicklungen der Hauptpersonen zu erläutern. Der Kapell¬
547 1735 1763 1803 meister Adams, ein bedeutender Künstler, und seine Frau, eine be¬
538 1768 1778 1826 rühmte Opernsängerin, haben einen Pakt geschlossen, sich nicht nach
536 1807 1779 1866 Art kleiner Seelen mit Mißtrauen und Eifersucht zu plagen, sondern,
549 1849 1776 1925 wenn das Geschick sie abseit vom Ehewege treiben sollte, offen und
538 1895 1771 1962 ohne Groll die Ehegemeinschaft zu kündigen, um sich fürder nur noch
546 1927 1770 1994 gute Kameraden zu sein. Der Mann macht von dem zugestandenen
546 1966 1777 2030 Recht der Untreue Gedrauch; die Frau erhitzt sich vorläufig nur an
550 2010 1774 2068 dem Gedanken; der Mann kehrt ernüchtert nach Haus zurück, die
546 2039 1774 2095 Frau dagegen, der das große Erlebnis noch in glänzenden Farben
543 2079 1778 2145 vorschwebt, voll unbestimmter, phantasiebeschwingter Sehnsucht. Die
550 2115 1783 2189 Liebe des Kapellmeisters entzündet sich an ihrem veränderten Wesen
550 2157 1784 2211 von neuem, und sie folgt seiner stürm'schen Werbung. Mit der guten
555 2188 1780 2256 Kameradschaft ist es aus. Der Mann möchte unbekümmert das alte
550 2222 1784 2294 Liebesleben wieder aufnehmen; der feinere Sinn der Frau erkennt
551 2258 1790 2333 die tiefe Unwahrhaftigkeit ihres angeblich der Wahrheit dienenden
558 2309 1777 2371 Pakts, dem zufolge sie sich zu überlegenem Gleichmut gezwungen haben,
563 2346 1780 2404 wenn die drohenden Untreue des andern Teils sie mit Zorn und
557 2382 1782 2433 Schmerz erfüllte; ihr ekelt vor dem unreinlichen Schaukelspiel zwischen
553 2425 1783 2481 Kameradin und Geliebter und sie besteht auf der endgültigen Trennung.
557 2457 1784 2523 Damit dieses gedämpfte, nur mit Halbtönen arbeitende Stück im
557 2486 1787 2554 Theater zur Wirkung komme, bedarf es eines außerordentüch sorg¬
561 2534 1791 2594 fältigen Zusammenspiels. Des Deutsche Theater hat in letzter Zeit
565 2567 1795 2653 so manche Proben erfreulichen Strebens abgelegi, daß man bei ihm
557 2604 1793 2667 einen strengen künstlerischen Maßstab anlegen darf, und da muß nun
565 2660 1794 2715 gefagt werden, daß es zu so schweren Aufgaben wie dem Schnitzlerschen
570 2688 1794 2742 Stück nicht reif ist, weder in den Einzelleistungen, noch im Zusaenmen¬
562 2726 1789 2796 spiel. Es fehlte die müde und weichliche, etwas faulige Eleganz, die
570 2766 1795 2824 sentimentale Frivoltät jenes Wienertums, das Schnitzler zu schildern
573 2814 1792 2870 pflegt; manches wurde unterstrichen, was gerade eben hätte mitschwingen
583 2842 1800 2911 dürsen. Als Kapellmeister war Hans Schweickart in Auftreten“
566 2881 1797 2948 und Gefühl zu jugendlich und norddeutsch gradlinig, zu wenig blasierter
575 2930 1798 2979 Lebenskünstler, der es wirklich bitterernst nur mit der Kunst nimmt;
578 2957 1795 3024 die Figur blieb infolgedessen nahezu unverständlich. Ebensowenig
574 2995 1802 3058 war Marta v. Coburg der Frau des Kapellmeisters gewachsen.
573 3029 1803 3088 Den Vertrauten spielte Aribert Wäscher ziemlich eintönig, und in
579 3047 1819 3149 der Episodenrolle des Fürsten Sigismund, eines gewandten Welt¬
570 3111 1810 3161 manns, versagte Leo Delsan. Am besten war Erna Friederichs
583 3145 1802 3202 ais schamlos kokette Opernptinzessin. Wir bedauern, ein so ab¬
577 3179 1809 3253 sprechendes Urte'l fällen zu müssen, obschon wir dem Deutchen Theater,
579 3228 1811 3303 das im Kölner Kunstleben eine wünschenswerte, ja notwendige Er¬
582 3262 1814 3333 gänzung des Schauspielhauses darstellt, fröhliches Gedeihen wünschen,
576 3300 1811 3367 obschon wir wissen, mit welchen Hindernissen die Theater zu kämpfen
583 3359 1823 3408 haben. Von dem unter der heutigen Leitung erfolgreich angestrebten
586 3369 1824 3442 Ziele, ein künstlerisch anspruchvolleres Publikum heranzuziehen, rückt
581 3415 1812 3471 das Deutsche Theater durch Vorstellungen ab, die ein aufgeblasener
580 3454 1782 3509 Berliner als „dunkle Provinz“ abtun würde. Dr. Waller Schmits.
2050 1646 2430 1734 vom: Anonfll
2366 1771 3177 1894 LHerarischos Contraibiak, Leipzig
2253 1891 3170 1969 gerin sein. — Das „Deutsche Theater“ versucht sich an
2019 1952 3161 2000 SchnitzlersKomödie „Zwischenspiel“, welche die nach „kamerad¬
2013 1987 3166 2034 schäftlichem“ Vertrag ins Werk gesetzte Eheirrung eines Kapellmeisters
2006 2021 3180 2066 behandelt, den seine Frau, da die Untreue nur ein Spiel mit Gedanken
2019 2067 3175 2110 war, verläßt, weil ihr die wirkliche Ehe nicht zum Spiel werden kann,
2004 2100 3169 2143 beim besten Willen nicht! Das alles haben Franzosen (Portoriche
2011 2151 3170 2185 z. B.) schon feiner geschildert als der gewiß feine Oesterreicher, und fran¬
2014 2178 3182 2236 zösische Theater weit besser dargestellt als das Deutsche Theater in
2014 2222 3173 2265 Köln, also wozu diesen Ehebruchsdrama=Ersatz? Da war der Ludwig
2015 2255 3168 2298 Thoma=Abend mit der bäuerlichen „Brautschau“ der Satire
2011 2287 3167 2334 „Dichters Ehrentag“ und dem Lustspiel „Die kleinen Verwandten“.
2028 2326 3172 2378 (alle drei neu für Köln) ganz anders gelungen, obschon die Taktlosig¬
2024 2367 3171 2413 keiten des letzten Stückes (ich meine nicht die der „kleinen Verwandten“)
2026 2407 3176 2450 durch die übertreibende Darstellung Adolf Harnacks allzu hart hervor¬
2030 2447 3181 2490 treten. Dagegen lernte ich in Magda Lührssen eine vielversprechende
2828 2479 3143 2522 Gustav Jakob.
2023 2480 2392 2529 Schauspielerin kennen.
