3436 4384
1308 113 1769 212 box 25/3
231 119 1172 237 20. Zuischensniel
624 695 854 794 Rundschau.
2614 699 2747 790 283
637 831 2756 907 auch die Wissenschaften, besonders die der Natur, zur von Musik und Chor abgesehen — scheint mir die zweite
636 894 1562 954 Selbstbeobachtung und zum Experiment anleiten.
1702 889 2753 952 Entwicklungsmöglichkeit der dramatischen Dichtkunst zu
693 939 2752 1000 Heroen sind Vollmenschen. Wer eignete sich besser nutzen, die an den andern Großen von Weimar an¬
630 990 1677 1060 zu Dramenhelden als solche Menschen mit großer Fall¬
1689 982 2749 1052 knüpft, an Goethe in seiner „Natürlichen Tochter“.
639 1041 1683 1096 höhe? Und Vollmenschen stellen heute fast nur mehr
1695 1037 2747 1116 Diese Art ist aufgebaut nach dem Prinzip der Typi¬
1707 1086 1879 1154 sierung.)
634 1090 1686 1147 die Künstler: Sie leben sich deutlich vor aller Welt
1743 1117 2760 1201 Die letzte lebendige Stunde („Literatur“) erbrachte den
635 1136 1692 1188 aus. Heroentum von einst gab sich kund in glänzen¬
1689 1185 2751 1242 Beweis, daß „Esprit“ auch im deutschen Leben und
634 1179 1694 1251 den äußeren Handlungen, Heroentum von heute liegt
637 1238 1688 1309 in inneren Handlungen. Und dieses ist oftmals erha¬
1696 1232 2753 1307 in deutscher Kunst springt und sprudelt. In köst¬
641 1283 1021 1353 beuer als jenes.
1694 1277 2753 1350 licher Selbstironie malte Schnitzler Literatentum, wie es
689 1307 1683 1400 Ist es mit Goethes Tasso anders? ist es mit Sappho
1689 1335 2754 1391 im Café haust. Gilbert, der „innerlich“ ohrfeigende,
633 1382 1682 1450 anders? Man nehme Tasso den Dichter aus Goethes
1693 1386 2753 1438 der „innerlich“ mit einem Stoff oder Erleben fertige,
638 1423 1693 1497 Drama heraus und nehme die Sängerin Sappho heraus
1697 1428 2757 1501 der humorvolle gute Kerl mit dem großen Mundwerk
1705 1479 2739 1540 und dem kleinen Mut ist dort der männliche Repräsen¬
645 1487 1686 1560 aus Grillparzers Dichtung und bringe sie aneinander.
1705 1529 2186 1600 tant der „Schaffenden“.
633 1528 1685 1601 Abstrahieren wir von allem, was äußere und innere
1751 1568 2737 1633 Diese zwei Figuren, die ernsthafte und die spaßhafte,
648 1579 1689 1641 kulturelle Bedingtheit an ihnen gemodelt haben und
638 1633 1700 1696 stellen wir sie als Kinder unsrer Zeit mitten unter uns
1705 1628 2750 1685 ließen den Erzeuger nicht los. Er läßt den jungen
646 1680 1685 1732 und ich wette, was aus der Retorte dann herausspaziert,
1699 1683 2751 1739 Künstler älter werden, gibt ihm die versteckten Ernst¬
1695 1727 2747 1789 haftigkeiten des Gilbert. Und der tolle Gilbert wird
645 1733 1681 1796 ist sehr wahlverwandt dem „Zwischenspiel“. Im Ernst:
1703 1773 2752 1842 Albertus Rhon. Wahrlich, dieser Albertus Rhon, ist er
635 1767 1684 1849 die bloße Möglichkeit, daß ich mit dem kühnen Bilde
1702 1826 2748 1883 nicht ein Nachfahr der Narren Shakespeares? Paradox
635 1828 1694 1884 recht haben kann, ist genug Bürge dafür, daß das
1707 1872 2759 1933 wie diese, narrt er seinen und unseren Helden, narrt
640 1870 1694 1938 Zwischenspiel mehr ist als ein Spiel und nicht zwischen
640 1922 1684 1979 die vielen dramatischen Erzeugnisse der letzten Jahre be¬
1706 1921 2756 1971 die Welt und geißelt sie und geht durch die Komödie
1695 1969 2744 2039 wie ein rechter Narr, jetzt schwatzt er vernünftigen Un¬
639 1959 1683 2038 liebig obenhin einzuschachteln. Überdies darf ich auch
639 2019 1693 2087 auf das hinweisen, was ich letzthin an derselben Stelle
1694 2014 2740 2090 sinn und jetzt wieder unsinnige Vernunft und mitten¬
1691 2066 2748 2141 drein redet er klar wie ein verständiger Erdenbürger.
649 2073 1698 2133 (November=Heft) über die Komödie ausgeführt habe
1690 2120 2744 2184 Und zum Schlusse findet er das befreiende Wort vom
641 2121 1688 2198 und wofür ich in dem neuen Schnitzler eine glänzende
1708 2168 2739 2233 Schmerz, der uns größer macht, der das Schaffen för¬
650 2165 994 2244 Bestätigung sehe.
1691 2217 2738 2274 dert. Und er richtet den Meister auf, der einen Augen¬
689 2206 1686 2287 Ja, eine neue Verheißung, eine viel herrlichere noch
1705 2264 2746 2345 blick irre ward und über Menschlichem, Allzumensch¬
643 2264 1695 2327 als alle vor ihm, ist dieses Werk eines echten Dichters,
1691 2313 2374 2385 lichem seiner Sendung fast vergaß.
641 2316 1693 2382 des besten, kräftigsten, reichsten, männlichsten Schöpfers
1745 2339 2747 2439 Denn jenseits von Gut und Böse stehen die Künst¬
657 2367 1319 2441 (männlicher selbst als Hauptmann).
695 2412 1057 2480 Wie schuf er es?
1694 2400 2745 2480 ler, das haben sie mit der Natur gemein. So das,
686 2441 1691 2527 Als wir vor Jahren nach ihm seine „Lebendigen
1699 2455 2740 2516 was andre schuldig machen und zerbrechen müßte, daß
1688 2508 2745 2570 sie das abschütteln. Und sie treten in neuen Arbeits¬
646 2512 1685 2587 Stunden“ erleben durften, da fühlten wir uns ganz tief
644 2563 1693 2625 angeregt durch die erste Stunde und kostbar erheitert
1703 2556 2747 2625 tag. Aber nicht die Selben sind sie dann, nein, Neue,
1701 2610 2740 2671 wiedergeboren. So hat Goethe neunundneunzig Leben
634 2614 1694 2657 durch die letzte Stunde. Die erste stimmungsvoll in
1696 2657 2748 2728 gelebt. So wird Meister Amadeus Adams Auferstehung
635 2657 1694 2738 Schwarz=Weiß hingeworfene dramatische Skizze zeigte so
1704 2710 2745 2773 feiern und — wer weiß — vielleicht wenn Frau
644 2711 1691 2764 recht die unüberbrückbare Kluft auf zwischen dem altern¬
1700 2754 2739 2827 Ortenburg, Weib und Künstlerin (denn der Mann wird
639 2759 1683 2821 den Leben, das nur auf Leben, nicht auf Erleben ge¬
1696 2815 2743 2874 aufgehoben in der Kunst, das Weib nie völlig; daran
646 2799 1695 2869 stellt ist, und dem jungen, aus Schicksalsschlag, Trauer
1703 2863 2742 2916 liegts) ihm freier und stärker wiederbegegnet, ihm, in
638 2854 1685 2915 und Schmerz Nahrung und Ansporn saugenden Künstler¬
1703 2904 2740 2975 seiner neuen Wesenheit, vielleicht daß sie dann wieder
640 2905 1694 2960 tum. (Wilhelm von Wymetal zeichnete den reifenden
1699 2954 2413 3015 eine Strecke Weges zusammengehören.
637 2954 1691 3024 Dichter Heinrich mit vornehmster Delikatesse und der von
1760 2973 2746 3081 Die Geister Tassos und Sapphos habe ich herauf¬
638 3016 1690 3071 der öffentlichen Meinung angefochtenen positiven Auf¬
649 3045 1651 3127 fassung erteilte der befragte Dichter seine Sanktion.)
1695 3039 1970 3118 beschworen.
692 3099 1699 3159 Daß das Geschenk des Leidens Quelle von Schöp¬
1741 3074 2746 3168 Im Tasso steht der männliche Künstler der Um¬
1698 3142 2289 3218 welt und sich selbst gegenüber.
649 3141 1690 3211 fungen sein kann, diese Erkenntnis floß daraus, sowie
1752 3186 2747 3264 In der Sappho steht der weibliche Künstler der
648 3210 1690 3266 die eherne Wahrheit: Über Gräber schreiten wir alle.
1699 3246 2345 3325 Umwelt und sich selbst gegenüber.
649 3248 1693 3303 Egoismus sagt die Bourgeoisie, Ellbogenfreiheit sagt
1748 3257 2748 3376 Dort der Mann, der an der Muse des Dichters
650 3301 1686 3360 Zarathustra. Der Skalde Jategyr in Ibsens Kronprä¬
1690 3329 2268 3418 leidet in aussichtsloser Liebe.
635 3355 1686 3410 tendenten singt dasselbe hohe Lied des Schmerzes. Das
1743 3369 2742 3456 Hier die Dichterin, die an dem Erkorenen des Weibes
641 3391 1698 3451 Recht über Gräber zu schreiten posannt die „Sänger¬
1695 3448 2762 3520 leidet, das alternde verdrängt von dem jungen. Noch
640 3452 1690 3514 weihe" von Professor Ehrenfels in hehren Klängen
1694 3492 1885 3573 einmal:
646 3489 1654 3570 hinaus in die Welt. (Und die Art dieses Dramas —
