3436 4256
16 2641 61 2692 isc
25 2680 70 2727 1
20 1999 62 2047 c.
-14 2084 61 2131 Ben
5 2166 47 2207 n
-7 2201 64 2245 au
0 2239 60 2287 ndr
-14 2276 72 2324 spi
23 2313 71 2361 af
31 2918 74 2969 I
313 90 1239 207 20. Zuischenshiel
1387 110 1841 198 box 25/5
216 1004 926 1103 annoverscher Gourter
247 1080 404 1156 1913
658 1147 928 1233 en e nslssnsn
1088 1151 1361 1232 S
990 1226 2137 1287 wenig durch grüblerische Reflexionen beeinträchtigt wurde.
2150 1247 3290 1318 ziellen, so doch in den meisten Fällen vollen künstlerischen
223 1239 937 1322 t im Deutschen Theater.
1003 1263 2143 1338 Den Unterschied zwischen solch empfindsamen Menschen und
2152 1290 3281 1348 Erfolg einbrachte. Die Beschränkung auf das moderne Ge¬
990 1313 2136 1380 mutigem, leichtlebigem Draufgängertum recht deutlich zu
219 1314 658 1398 n Wort zum Abschied.)
2150 1328 3290 1373 sellschafts= und Sittendrama ermöglichte allein schon in der
1005 1344 2146 1411 machen, hat Arthur Schnitzler neben anderen noch einen
2156 1362 3287 1430 Auswahl der Schauspielkräfte eine Konzentration, die z. B.
986 1381 2133 1440 Dichter eingeführt, der bei Paul Müller einen tempera¬
553 1379 938 1456 Hannover, 1. Mai.
2155 1391 3288 1452 das Hoftheater, wo derselbe Schauspieler in einem großen
995 1421 2131 1494 mentvollen Vertreter fand. Die unglückliche Figur des
205 1418 963 1506 nd nahm Dr. George Altman Abschied
2159 1450 3290 1508 historischen Drama und im leichten Lustspiel die Hauptfiguren
994 1468 2129 1533 Fürsten Sigismund, den Liebhaber der Opernsängerin, noch
216 1489 975 1551 Freunden. Zum letztenmal zeigte er
2155 1501 3279 1549 zu stellen hat (ich erinnere hier an Herrn Tiller als Sieg¬
991 1496 2143 1579 unsympathischer zu machen, tat Julius Arnfeld das Seine;
219 1525 277 1572 n
265 1525 978 1592 Arthur Schnitzlers dreiaktiger
2151 1522 3289 1588 fried in Hebbels Nibelungen und als Bibliothekar; zwei an
989 1543 2135 1618 er wußte augenscheinlich die Distanz vom Aristokraten zum Zier¬
221 1565 979 1630 nspiel“. ### Schnitzler,
2149 1557 3292 1627 sich vorzügliche Leistungen) naturgemäß vermissen läßt.
989 1579 2129 1653 bengel nicht abzuschätzen. Doch ist diese Gestalt zu episoden¬
236 1608 975 1663 in dieser Komödie seine besondere Art
2155 1607 3295 1663 Darum standen auch die Aufführungen am Deutschen Theater
992 1618 2132 1681 haft, als daß sie den guten Gesamteindruck hätte stören
243 1640 977 1704 in seiner Gebrochenheit, mit einer
2149 1651 3289 1719 immer unter dem Zeichen guter Einzelleistungen — und ver¬
988 1660 2143 1727 können. Der Beifall des reich besetzten Hauses war darum
2157 1683 2582 1741 ständnisvoller Regie.
210 1682 973 1737 nation, in einer weichen, melodischen
982 1698 2132 1777 auch so lebhaft und echt, daß außer den Darstellern auch Dr.
218 1719 965 1779 Wie fast immer bei dem Dramatiker
2207 1712 3282 1778 Die subtile Regiekunst, die es sich nicht an stimmungs¬
989 1744 1704 1815 Altman sich wiederholt zeigen mußte.
212 1753 970 1805 s Was, sondern das Wie für die Beur¬
2146 1778 3282 1835 vollen Szenenbildern genügen ließ, wußte dem Gesamtspiel
223 1799 967 1867 Gesunde Kraft, brutales Geschehen fehlt
1059 1785 2128 1858 Mit etwas gutem Willen kann man zwischen diesem
2145 1808 3285 1863 der Darsteiler eine Sicherheit zu geben, die sich wohltuend
207 1828 975 1903 ischen Spiel; dafür umhüllt es der
988 1830 2124 1905 Abschiedsstück und Dr. Altmans Wirken am Deutschen Theater
2145 1851 3283 1913 auch dem Zuschauer mitteilte. Diese Sicherheit des Zu¬
988 1872 2126 1951 Parallelen finden. Wie dieses war auch Dr. Altmans leider
212 1870 977 1935 hmachtenden Schwermut, mit erotischen
2141 1874 3291 1946 sammenspiels machte die Aufführungen im Deutschen Theater
979 1913 2127 1981 nur kurze Tätigkeit ein Zwischensviel im Theaterleben Han¬
216 1916 969 1987 scher Anmut. Es ist das Schicksal zweier
2142 1931 3294 1976 in den meisten Fällen zum Genuß, manchmal zum Erlebnis.
981 1956 2129 2032 novers, und wie jene Menschen sich um Wahrheit mühten, so
227 1957 961 2017 Menschen, die an dem Wahne, aus den
2140 1963 3290 2024 Selbst das schwierigste Kapitel der Regie, die Massenbewegung,
980 1992 1445 2054 er um die echte Kunst.
210 1996 963 2061 lebens die Wahrheit heben zu können,
2144 2011 3289 2082 kam hier oft einwandfrei zum Ausdruck. Man erinnere sich
217 2035 973 2103 lauben ihre Liebe zueinander erloschen
2138 2048 3283 2117 nur an den letzten Akt in Baumeister Solneß, wo durch ge¬
1055 2037 2121 2123 In der raschen Entwicklung, den das Kunst= un aler¬
221 2078 962 2145 darüber, sie glauben andere zu lieben —
2152 2086 3280 2147 schickte Aufstellung, durch eindringliche Einstudierung, durch
980 2079 2133 2151 leben Hannovers in den letzten Jahren nahm, bildel“e Wirk¬
207 2119 960 2184 Der. Daß sie diesen Glauben für Wahr¬
2139 2118 3281 2178 sorgsam abgewogenes Mienenspiel auch der mit wenig Phan¬
988 2127 2129 2189 samkeit Dr. Altmans am Deutschen Theater einen gewichtigen
222 2153 963 2225 darin liegt die Tragik ihres Geschicks.
2141 2161 3284 2225 tasie begabte Zuschauer den Baumeister den Turm ersteigen
993 2167 2122 2230 Faktor. Er allein vermittelte uns moderne Kunst in vor¬
222 2190 961 2260 ieses Irrtums stürzt ihr reines Empfin¬
2136 2194 3269 2255 und abstürzen sieht. Oder an die straffe Massenbewegung in
988 2206 2122 2272 nehmer Form. Die Schauburg mußte ja nach einem vielver¬
221 2233 960 2303 en brutalen Liebens, wird ihre Ehe all¬
2135 2250 3285 2291 Byrinskis Narrentanz, einer an sich nicht allzu bedeutenden
983 2238 2118 2300 sprechenden Anfang der Operette ihre Tore öffnen, das
215 2272 964 2345 cht, Lebenskünstler zu bleiben, wenn
2141 2275 3274 2348 Revolutionskomödie. Die Liebe, mit der auch unbedeutendere
973 2270 2125 2338 Residenztheater brachte gar die leichteste Kunst, sofern es
207 2308 953 2371 bahrer wie andere zu sein, heißt sic sich
2139 2315 3178 2372 Stücke, ja auch unliterarische einstudiert wurden, ist
977 2324 2123 2385 überhaupt noch welche war, und das Hoftheater kam trotz
3169 2327 3282 2377 des
210 2350 961 2414 aubten sie die Wahrheit gefunden zu
2137 2354 3286 2425 weiteren ein lobenswertes Kapitel in der Direktionstätigkeit
978 2371 2121 2428 aller willig anerkannten Bestrebungen nach Neuerung über das
216 2390 958 2450 och nur Komödie. Diese an äußerem
2133 2395 2605 2460 Dr. Altmans gewesen.
980 2405 2126 2461 Althergebrachte nicht allzu viel hinaus. Sein Wirken mußte sich,
203 2430 959 2492 eschichte zweier Künstler bedingt, soll sie
973 2429 2128 2504 wie bei allen Hoftheatern, bis jetzt fast ausschließlich auf die
2208 2426 3281 2520 Daß auch er in seiner zweieinhalbjährigen Tätigkeit in
206 2463 959 2536 n, volle Hingabe der Darsteller und
975 2475 2115 2555 klassische Tragödie, das große historische Drama und auf die
2136 2462 3281 2565 Hannover nach Zugstücken Umschau hielt, ist begreiflich und
206 2507 407 2574 her Regee.
974 2523 2112 2602 Oper erstrecken. Und dazu sei etwas in Parenthese an¬
2134 2530 3290 2595 entschuldbar. Größer aber war die Zahl der ernsthaften
986 2556 1157 2622 gemerkt.
233 2545 946 2628 # die Vorstellung am Mittwochabend,
2145 2567 3280 2630 Stücke, die er uns in dieser Zeit vermittelte, wenn auch
215 2599 959 2662 Enabend für Frau Alice Altman¬
2139 2598 3298 2668 die Zahl der Lustspiel= und Possenaufführungen jene der
1050 2600 2113 2676 Wir haben zurzeit hier drei Theater — das Residenz¬
218 2635 959 2700 Sie gab einen der Edelmenschen, die
2127 2643 3281 2704 literarischen Werke überwiegt. Seiner Initiative ist es zu
981 2640 2120 2735 theater mit seinen rasch wechselnden Gastspielen und seiner
207 2670 956 2744 EEhefrau des Kapellmeisters Amadens
2138 2683 3281 2754 danken, daß in Hannover Eulenberg mit drei Stücken (Anna
976 2690 2114 2750 Programmlosigkeit scheidet ja von vornherein aus — und in
209 2713 961 2783 rische Grazie zusammen mit der ihr
2128 2732 3279 2789 Walewska, Leidenschaft, Belinde) bekannt wurde, er zeigte
972 2744 2108 2796 allen ist die Klage von der Gleichgültigkeit des Publikums und
210 2751 963 2819 npfindung ließ das Handeln dieser
2134 2761 3287 2833 uns neun Dramen Hauptmanns, darunter als neuestes
961 2773 2116 2842 dem mangelnden Kassenerfolg ziemlich dieselbe. Die Rettung
214 2796 958 2864 auch trägerem Denken begreifbar und
2134 2804 3286 2872 Gabriel Schillings Flucht, er ließ Ibsens bedeutendste
962 2818 2114 2876 aus diesen Verhältnissen könnte vielleicht eine Teilung der¬
229 2834 952 2902 ihrer Gestaltung beherrschte das Frau¬
2135 2835 3280 2904 Schöpsungen an uns vorüberziehen und Schnitzler ausführ¬
969 2863 2114 2918 art bringen, daß das Hoftheater auf Opern und große
223 2877 958 2940 u ihrem Mann alle Aeußerungen von
2133 2880 3281 2943 lich zu Worte kommen. Se war er ein durch und durch moder¬
978 2894 2119 2956 klassische Dramen, die Schauburg auf Operette und Spieloper
203 2912 951 2970 koketterie. Ihre Wahrheitsliebe basierte
2133 2913 3276 2990 ner Theaterdirekior, dem wohl auch auf dem ungleich schwie¬
974 2934 2124 2996 und das Deutsche Theater auch unter dem neuen Direktor
227 2952 954 3016 darum der Wahrheit nahe; was der
2133 2955 3288 3029 rigeren Boden Berlins Erfolg beschieden sein wird, und dessen
968 2981 2106 3024 auf modernes Schauspiel sich beschränkten. Auch ohne ver¬
203 2964 959 3050 nde erst suchen mußte, hatte ihre Natur
2127 2994 3099 3055 Scheiden aus Hannover man nur bedauern kann.
967 3011 1826 3071 tragliches Uebereinkommen wäre diese
1827 3015 2126 3085 Beschränkung
220 3028 959 3094 sie tat auch Max Ruhbeck alles, über
967 3050 2125 3112 sicher für alle künstlerisch und finanziell von Vorteil.
2831 3047 3246 3135 Berndt Weber.
209 3065 960 3129 hinaus, die Sentimentalität der Dich¬
973 3092 2123 3152 In der Tat hatte sich Dr. Altman, möglicherweise auch aus
208 3108 949 3171 Frische zu durchbrechen. Sein Kapell¬
960 3115 2120 3195 diesen Gesichtspunkten heraus, ein Programm gestollt, das
211 3149 2159 3223 Künstlernatur, deren Männlichkeit nur  ihm, wenn auch wegen der Konkurrenz nicht ser finan¬
1619 3215 1770 3288 1
