3436 4352
1355 218 1808 329 box 25/2
292 240 1190 353 20. Zuischensniel
550 1283 901 1392 Telephon 12801.
725 1332 1444 1516 „OBSERVER‘
534 1490 1686 1587 I. österr. behördl. konz. Unternehmen für Zeitungs-Ausschnitte
752 1565 1487 1645 Wien, I., Conoordiaplatz 4.
958 1619 1284 1689 Vertretungen
552 1668 1674 1726 in Berlin, Budapest, Chicago, Christianis, Genf, Kopenhagen,
548 1712 1675 1768 London, Madrid, Mailand, Minneapolis, New-York, Paris, Rom,
735 1752 1514 1819 San Francisco, Stockholm, St. Petersburg.
906 1796 1336 1869 (Quallenangabe ohne Gewflhr.)
554 1880 1533 1978 Ausschnitt auDer Humorist, Wien
1118 1965 1337 2074 12. 1555
564 1973 724 2051 vom:
559 2030 1819 2135 Wrileladiadeabend der vergangenen Woche, der
446 2106 1816 2191 Sonnabend, brachte die Erstaufführungen dreier neuen Werke, von
453 2141 1822 2229 denen drei ein gleiches Schicksal erfuhren: sie fielen alle, wenn auch
454 2198 1821 2282 mit einer gewissen Nuancierung durch. Am gelindesten und künst¬
449 2252 1820 2335 lerisch ehrenvollsten strandete ArturSchnitzler mit seiner neuen
452 2297 1820 2379 Komödie „Zwischenspiele" im Lessing=Theater, dann kam das
445 2350 1811 2429 Königl. Schauspielhaus mit einer eklatanten Ablehnung der
455 2411 1815 2471 Komödie „Froschkönig", von Dietrich Eckart, und den Schluß der
438 2443 1817 2514 lieblichen Durchfälle bildete die Erstaufführung eines Lustspiels, das
450 2498 1816 2563 eigentlich kein Lustspiel, am eigentlichsten aber gar kein Bühnenstück
450 2539 1816 2626 ist, „Annemarie“ von Kurt Berns, am Ferdinand Bonn'schen
448 2587 1816 2684 Berliner Theatei. Aller schlechten Dinge sind drei. Wäre
446 2656 1813 2737 nicht Artur Schnitzler unter den drei unglücklichen Autoren, man
449 2697 1817 2773 könnte das Stücke=Trifolium, so verschieden es seiner eigentlichen Zu¬
442 2736 1811 2808 sammensetzung auch ist, ganz bequem unter eine Kappe bringen.
437 2797 1824 2871 Aber Artur Schnitzler! Der Mann hat sein Publikum verwöhnt
441 2846 1820 2908 indem er ihm so oft seine feine Kunst gezeigt hat. Und je mehr
443 2888 1798 2975 jemand verwöhnt ist, desto unbescheidener wird er in seinen An¬
442 2934 1813 3020 forderungen. Wie ein kleines, dummes Baby, dem man immer
436 2987 1808 3058 Zuckerbrot gegeben hat, und das man dann an Graham gewöhnen
436 3028 1808 3126 will. Ein toller Vergleich, aber mir gefällt er. Nicht etwa, daß
431 3078 1809 3173 Schnitzlers „Zwischenspiele“ weit unter dem Niveau des Dichters
437 3122 1799 3224 früheren Schöpfungen ständen. O nein, die eigenartige Finesse des
438 3180 1797 3266 Schnitzler'schen Talentes tritt auch hier in ihrer schier unnachahm¬
421 3238 1806 3312 lichen Grazie zutage. Aber das Stück, und dies ist eigentlich sein
429 3282 1800 3366 vornehmster Fehler, bedeutet den früheren Arbeiten gegenüber, keinen
419 3326 1802 3420 Aufschwung. Wieder jenes schon oft diskutierte Thema, der gleiche
424 3399 1799 3447 prickelnde Dialog, aber nichts Neues, keine Steigerung, kein Empor¬
431 3437 1796 3509 wachsen. Es gab Beifall, aber es war kein Applaus eines Schnitzler
429 3482 1843 3593 würdig. Von den darstellenden Kräften ragten Irene Triesch und 7
428 3526 1546 3611 Albert Bassermann durch gediegene Größe hervor
2273 1054 2330 1148 128
2220 1132 2586 1284 „OBSE
2069 1275 3145 1350 österr. behöfdl. konz. Unternehmes für Zeitungs-Ausschnitte
2241 1312 3007 1417 Wien, I., Concordiepla#
2452 1394 2760 1455 Vertretungen
2043 1418 3082 1499 in Berlin. Budapest. Chicago, Christiania, Genf, Kopende
2048 1494 3182 1546 Londen, Madrid, Mailand, Minneapolis, New-Vork, Paris, Rom#
2225 1517 2985 1582 Sau Francisco, Stockholm, St. Petersburg.
2401 1564 2805 1629 (Quolienangabe ohne Gewähr.)
2039 1638 2434 1721 Ausschnitt aus:
2370 1680 3158 1783 Hamburger Nachrichten
2061 1746 2411 1820 worent 9L7,
2182 1829 2984 1962 Theater und musik.
2163 1929 3056 2022 —tz. Aus Berlin wird uns geschrieben:
2143 2007 3055 2064 Selten hat eine Theatersaison so schwerfällig ein¬
2137 2036 3056 2108 gesetzt und ist im allgemeinen so wenig glücklich ge¬
2143 2090 3048 2159 wesen als die diesjährige. Im Königlichen
2141 2141 3058 2192 Schauspielhaus ist der Versuch, einen Neu¬
2145 2167 3051 2247 ling einzuführen, gescheitert; vielleicht rechtfertigt
2148 2220 3055 2307 ober die „Venus Amathusia“ Dreyers die Hoff¬
2153 2266 3053 2341 nungen, die man auf sie setzt. Auch das Lessing¬
2152 2281 3157 2400 Theater will heuer nicht so recht vorwärts kommen. 11 8
2150 2354 3101 2436 Wie „Stein unter Steinen“, so hat die Kritik auch
2140 2409 3072 2470 Schnitzlers „Zwischenspiel“ ziemlich unzweibeutig
2146 2441 3076 2533 abgesehntMeiner Ansicht nach ist man mit Schnitz¬
2156 2485 3076 2568 ler (genau so wie mit Sudermann) ein wenig
2159 2537 3067 2626 zu hart umgesprungen. „Zwischenspiel“ ist kein
2152 2592 3075 2656 Bühnenwerk von ragender Bedeutung, aber im¬
2157 2632 3072 2709 merhin eine höchst amüsante Plauderei, ein witzi¬
2161 2675 3080 2776 ger und auch geistreicher Dialog, bei dem man sich
2163 2723 3071 2800 zwei Abendstunden hindurch vortrefflich unter¬
2164 2771 3078 2855 halten kann. Im Archive Direktor Brahms ruhen
2168 2833 3076 2896 übrigens noch die Neuheiten Hauptmanns, Burck¬
2158 2868 3077 2935 hardts und Hirschfelds, so daß sein Repertoir für
2168 2895 3086 2992 die zweite Hälfte der Saison wohl gesichert ist.
2172 2949 3077 3031 Auch Fulda hat ihm sein neues Werk zugedacht,
2168 3002 3089 3077 das noch vor Antritt der Amerikafahrt des Dichters
2168 3046 3085 3124 fertig werden soll, vielleicht aber erst im nächsten
2176 3089 3088 3168 Herbst zur ersten Aufführung kommt. Der zu¬
2173 3152 3087 3225 friedenste Theaterleiter Berlins mag z Z. Herr
2175 3189 3094 3270 Reinhardt sein. Er wechselt mit dem „Käthchen“.
2174 3230 3094 3310 und dem „Kaufmann“ und erzielt immer volle
2183 3278 3093 3354 Häuser. Die rührende Schlichtheit der Geschichte
2172 3319 3095 3396 des armen Käthchens wurde erdrückt durch die all¬
2166 3368 3098 3436 1 zu reiche dekorative Illustration. In der Komödie
2169 3389 3107 3503 vom Shylok kann man sich den Prunk schon eher
2185 3460 3108 3543 gefallen lassen; Venedigs Kanalstraßen und die
2185 3504 3107 3590 Interieurs boten Gelegenheit zu stimmungs= und
2180 3545 3108 3621 reizvollen Bühnenbildern. Dazu Herr Schildkraut
2148 3621 2397 3689 S
2152 3647 3135 3736 als Shylok: nicht nur eine respektable Leistung, P#
2152 3694 2850 3788 sondern ein künstlerisches Meisterstück.
