3532 4352
1352 196 1802 290 box 25/1
282 147 1221 299 20. Zuischensniel
522 452 3125 507 Amadeus seine eigene Frau seit einem Jahre schon vernachlässigt haben? Kind, da#entlich zum Auseinandergehen der Eltern herbeigeschleppt
2032 446 3117 511 jäglich frivol, und an ihm zerrinnen alle die geistvollen
1990 462 2053 518 U
530 482 1941 545 Was doch diese modernen Dichter an Unnatur alles aufzubieten wissen,wird,
520 494 3122 572 wenn sie uns mit ihren Thesen umlauern und uns deren StichhältigkeitTiraden, die Schnitzler zum Beweis für sein sonderbares Eheproblem
1788 527 3125 579 aufgehäuft hat, in nichts. Diese Tiraden, die in atemloser Hetzjagd mit
522 568 884 618 beweisen woollen!
609 613 3128 644 Während Amadeus sich also mit der Platanen=Sängerin vergnügt,seinander Fangball spielen, bald mit Trugschlüssen paradieren, bald wieder
526 601 3122 690 läßt seine Frau sich von dem jungen Fürsten Sigismund von und zu mit abgebrauchten Wald= und Wiesensentimentalitäten einander be¬
530 679 3130 723 Maradas=Lohsenstein auf einer Gastspielreise begleiten. Dieser junge werfen, erinnern in ihrer Gezwungenheit an den Stil jener bekannten
1824 680 3135 744 Beweisführung über den erlaubten Diebstahl, die lautet: „Ich darf in
527 700 1835 772 Prinz ist ein famoser Walzerspieler, dabei fromm; sein Vater ist einer
1834 719 3133 789 meine Tasche greifen, Du aber darfst nicht in meine Tasche greifen,
523 737 1838 803 der Führer der klerikalen Partei im Herrenhause und im Präsidium der
1827 754 3136 833 wohl aber darfst Du in Deine Tasche greifen. Wenn ich nun dorthin
522 783 1837 854 Anti=Duell=Liga. Noch niemals hat man einen liebenswürdigeren und
1824 794 3129 877 greifen darf, wohin Du nicht greifen darfst, nämlich in meine Tasche,
531 825 1832 886 netteren Aristokraten gesehen. Schon wegen dieser Figur allein — der
1823 846 3138 908 um wieviel mehr darf ich dorthin greifen, wohin Du jedesmal greifen
523 857 1834 922 Dichter führt ihn im dritten Akt als schlanken, blonden, sechsundzwanzig¬
1832 889 2514 951 darfst, nämlich in Deine Tasche?“
526 893 1830 969 jährigen, gar nicht geckenhaften Jüngling ein, der sich wie ein wahrer
1898 901 3136 973 Arthur Schnitzler, der seine Novellist, hat mit seinem falsch ver¬
538 931 1840 1008 Gentleman benimmt — verdient es Schnitzler, daß sein neuestes Stück
1834 945 3126 1028 ipsenten Drama „Zwischenspiel“ unzweifelhaft in eine fremde Tasche ge¬
518 961 1833 1050 am Wiener Hofburg=Theater aufgeführt wird, von dem er wegen seines
1844 986 3136 1049 griffen. Man möchte ihm zurufen, was der Dampf=Aphorismendreher
538 1005 1826 1082 „Leutnant Gustl“ und seines „Grünen Kakadu“ durch fünf lange und
1829 1030 3128 1102 Albertus im Stück seiner Frau Marie sagt: „Du solltest aus der
1135 1055 1836 1105 Schon im zweiten Akte wird Amadeus
534 1067 1149 1132 bange Jahre verbannt war..;
1827 1070 3141 1139 Wiesenanmut Deines holden Plauderns Dich nicht in das Dickicht
532 1092 1834 1160 der ewigen Platane, unter der in schwülen Nächten die gräfliche Opern¬
2785 1116 3066 1172 Caliban.
1838 1122 2543 1193 psychologischer Erörterungen begeben!“
538 1134 1840 1198 sängerin schläft, überdrüssig und wendet sich nun wieder seiner Frau
1889 1151 3132 1206 Nachschrift: Soeben erfahre ich, daß die Geberde des Helden
532 1165 1845 1244 zu, die eben aus Berlin mit ihrem fürstlichen Begleiter zurückgekommen
1843 1196 3138 1257 Amadeus, mit der linken Hand zuweilen das Sakko zurückzuschlagen,
540 1207 1839 1270 ist. Ein merkwürdiger Glanz knistert aus ihren Augen, und sie erscheint
1835 1231 3143 1297 dem verstorbenen Friedrich Mitterwurzer abgeguckt ist. Also ist
1117 1242 1834 1317 Sie aber will von ihm nichts wissen.
537 1264 1136 1328 ihm begehrenswerter denn je.
1845 1266 3144 1338 das Stück dennoch ein Schlüsselstück! Trotzdem möchte ich den Dichter
534 1283 1842 1368 „. . . Ich bin schon heute nicht mehr, die ich war. .. Oder vielleicht war
1841 1336 3143 1378 bitten, zur Abwechselung einmal Amadeus mit der rechten Hand das
530 1321 1835 1404 ich immer dieselbe und habe es nur nicht gewußt, und es ist ietzt etwas
1846 1345 3141 1417 Sakko zurückschlagen zu lassen. Vielleicht läßt sich Nora=Cäcilie durch
541 1358 1846 1430 von mir abgefallen, das mich früher umhüllt hat . . . Ja, so muß es
1842 1390 3141 1455 diese neue überraschende Nüance dennoch erweichen und kehrdreuig zu
542 1400 1847 1459 sein: denn jetzt fühle ich alle Wünsche, die früher an mir herabgeglitten
1846 1440 2276 1498 ihrem Mann zurück ..
538 1432 1847 1513 sind, wie an einem fühllosen eisernen Panzer . . ., jetzt fühle ich sie über
537 1471 1855 1546 meinen Leib, über meine Seele gleiten, und sie machen mich beben und
545 1512 1856 1590 glühen. Die Erde scheint mir voll Abenteuern, der Himmel wie von
540 1556 1859 1642 Flammen strahlend, und mir ist, als sähe ich mich selbst, wie ich mit
539 1596 1847 1659 ausgebreiteten Armen dastehe und warte“. Worauf sie mit ausge¬
2300 1605 2687 1689 FU
544 1638 1852 1697 breiteten Armen wartet, sagt sie ihrem Manne ins Gesicht: „Ich habe ja
538 1668 1866 1735 noch so wenig erlebt, und ich sehne mich danach. Ich sehne mich nach
546 1714 1857 1777 allem Schmerzlichen und Süßen, nach allem Schönen und nach allem
546 1742 1863 1827 Kläglichen, was das Leben enthält, ich sehne mich nach Stürmen und
550 1805 1228 1866 Gefahr — vielleicht gar nach mehr.
2312 1807 2648 1891 RAT
623 1809 1870 1876 Er versuchte ihr solche Norastimmungen auszureden, und da sie ja
544 1861 1862 1926 selbst gestanden hat, daß sie heute eine andere ist, als die sie früher ge¬
2330 1884 2618 1974 SEIFE
548 1910 1857 1977 wesen, so will ihm nicht einleuchten, warum er sich in diese andere nicht
542 1951 1860 2022 verlieben soll: „Die sieben Jahre habe ich mit einer anderen verlebt.
2228 1968 2735 2059 aus Hühnerei
539 1980 1860 2052 Mit einer stillen und gütigen Frau, mit einer Art von Engel vielleicht,
548 2010 1868 2089 der nun entschwunden ist. Die, die heute kam, hat Blicke, die mir fremd
2373 2039 2580 2101 D. R. P
545 2057 1866 2130 sind, eine Schönheit, die ich nicht kenne, — keine bessere glaube ich, als
546 2104 1858 2185 jene andere — und doch eine, meine ich die mehr geschaffen ist, zu be¬
546 2132 1860 2205 glücken“. Durchaus nicht abweisen läßt er sich von ihr, ihr Geliebter
544 2184 1865 2248 will er heute sein, nein, etwas Besseres und was Schlimmeres, der Mann,
1919 2175 3153 2265 Konzert Tornelli. Ein leichter Schleier liegt über der Stimme der
550 2220 1868 2287 der sie einem andern nimmt, der Mann, für den sie einen andern ver¬
1856 2236 3148 2305 [Giovanna Tornelli, aber er wirkt nicht als Fehler, sondern
544 2266 1855 2313 rät, der ihr Seligkeit und Sünde zugleich bedeutet. Darüber fällt der
1853 2278 3152 2346 als Eigentümlichkeit, mit der man sich im Laufe des Abends immer
550 2297 1865 2349 Vorhang und Cäcilie läßt sich im Zwischenakt in der Tat von ihrem
1856 2310 3154 2382 mehr befreundet. Der dunkle Timbre des Organs harmoniert auch
547 2345 1704 2413 eigenen Gatten zur Sünde, wie er behauptet, verführen. ...
1856 2357 3152 2420 vortrefflich mit dem Gesichtsteint der spanischen Sängerin. Ideal ist
629 2366 1855 2451 Bis es sich im letzten Akt herausstellt, daß Amadeus Adams, der
1860 2397 3155 2463 die Tonskala gebildet. Vom tiefen a bis zum hohen g, also durch zwei
550 2429 1861 2482 seine eigene Frau einem anderen wegnehmen wollte und sie zum Verrat
1857 2433 3152 2501 Oktaven, paßt ein Ton genau zum andern, und noch wunderbarer ist.
554 2466 1862 2532 an diesem anderen überredete, genau betrachtet, eigentlich hineingefallen
1855 2455 3170 2537 daß die Kraft an der angegebenen untersten Tongrenze genau so starkt
565 2507 1857 2568 ist. Um mit dem Kriminalisten zu sprechen, fehlt der ganzen ge¬
1860 2514 3159 2579 ist wie an der Höchstgrenze der Stala. Fräulein Tornelli füllte den
556 2548 1861 2594 zwungenen Konstruktion dieses Ehedramas und allen bei den Haaren
1866 2559 3155 2618 Kammermusiksaal ohne jede Anstrengung aus; ihre Stimme wäre auch
561 2588 1862 2658 herbeigezerrten Vorgängen das, was man den objektiven Tatbestand
1860 2608 3155 2668 für den angrenzenden Saal des Konzerthauses mehr als ausreichend
553 2625 1858 2681 nennt. Denn ein Ehebruch liegt überhaupt nicht vor, einmal weil der
1860 2638 3162 2705 gewesen. Dabei beherrscht sie die Nüancen des Feinen und Zarten
554 2670 1868 2719 eheliche Verkehr zwischen Amadeus und Cäcilie seit einem Jahr unter¬
1861 2689 3159 2735 ebenso sicher, wie den Ausdruck des Pathetischen. Wiederholt hörte man
563 2701 1868 2754 brochen war, dann aber auch, weil der galante Prinz von Maradas¬
1868 2715 3167 2778 von ihr ein Pianissimo, das nur noch gehaucht erschien und bei dessen
561 2744 1866 2807 Lohsenstein Cäcilien in der unschuldvollsten Weise von der Welt den
1860 2751 3177 2813 Produktion die gut funktionierende Kopfstimme die besten Dienste
557 2777 1868 2842 Hof gemacht hat. Um die Spitzfindigkeiten und Tüfteleien, an denen
564 2791 3180 2876 die mißglückte Komödie so reich ist, noch zu überbieten, läßt Schnitzlerlleistete. Trotz der fremdländischen Herkunft der Sängerin ist ihre Aus¬
571 2844 3173 2931 seinen Amadeus, der während der beiden ersten Akte die feinsten Apho=sprache frei von allen fremden Klangphänomenen. Nur an der Art, wies
1866 2874 3168 2936 das auslaufende „!“ gebildet wird, könnte man vielleicht erkennen, daß
573 2906 1874 2961 rismen und Paradexen nur so um sich herumstreute, gleich nach jener
1867 2928 3171 2975 Giovanna Tornelli nicht in Deutschland geboren und erzogen worden ist.
560 2936 1872 3003 Nacht, in der er seine Frau einem „anderen“ genommen, auf diesen
1872 2943 3180 3023 Ich vermute aber, daß es sich auch hier mehr um eine gewollte Nüance¬
557 2976 1875 3049 anderen eifersüchtig werden. Er will ihn durch Albertus Rhon, den
1868 2987 3172 3056 als um eine angeborene Eigentümlichkeit handelt, weil das „!“ im An¬
563 3013 1868 3081 Opernlibrettisten und zudringlichen Aphorismenschwätzer, zum Duell
1870 3026 3179 3101 und Julaut einwandfrei erscheint. Der Berliner Tenor Raimund von
562 3058 1874 3110 fordern lassen, allein mittlerweile erscheint der Prinz von Maradas¬
1873 3070 3168 3140 Zur=Mühlen soll der Lehrer der jungen Dame sein. Man kann daran
563 3093 1871 3156 Lohsenstein selbst bei Amadeus und bittet ihn in beweglichen Worten,
1870 3106 3175 3174 glauben, denn einzelne Pointen des Vortrags: das zeitweilige Singen
577 3134 1869 3197 sich doch gütigst von seiner Frau scheiden zu lassen, da er, der Prinz,
1879 3153 3171 3212 durch die Zähne und die starke Hervorkehrung der nasalen Klänge deuten
582 3181 1867 3233 sie heiraten wolle. Aus dem Gespräch, das sich daran knüpft, entnimmt
1872 3189 3170 3253 direkt auf Zur=Mühlen hin. Das technische Rüstzeug ist also in bester
569 3209 1877 3271 Amadeus, daß das Verhältnis zwischen seiner Frau und dem edel¬
1872 3234 3180 3289 Verfassung, und die Verinnerlichung des Vortrags hält damit gleichen
567 3249 1881 3316 mütigen Prinzen ein durchaus iauteres gewesen und Cäcilie dem
572 3273 3181 3358 Kavalier nichts anderes als Gefühle der Freundschaft entgegengebracht Schritt. Das trat weniger an den italienischen Liedern von Händel,
574 3307 3184 3387 habe. Nun kommt es wieder zu großen Auseinandersetzungen. JetztBuononcini und Pergolese in Erscheinung, die wohl nur ein Kompliment
579 3342 3184 3432 will er sie lieben, sie, seine seit sieben Jahren angebetete liebe Cäciliell an die romanische Heimat der Künstlerin sein sollten. An den deutschen
568 3429 3174 3480 Mit der linken Hand schlägt er das Sakko zurück und jammert, daß sie Liedern von Schumann, Franz und Brahms wurde ihre Individualität
567 3428 3183 3497 ihn nun von sich weise. Sie aber scheint heute früh mit dem linkenserst eigentlich offenbar. Giovanna Tornelli ist eine ernst gerichtete
1874 3475 3175 3529 Natur, die jedes Singen auf den Effekt verschmäht, eher zu wenig als
572 3488 1880 3549 Fuß zuerft aus dem Bett gestiegen zu sein, denn sie fühlt, daß er sie.
1870 3505 3179 3582 zu viel tut, um auszudrücken, was sie empfindet und doch stets den Eindruck
572 3525 1874 3600 die ehemalige Cäcilie, mit ihr selbst, der neuen Cäcilie, betrogen habe!
1882 3543 3177 3606 erweckt, daß jedes gespendete Lied in der Tiefe ihrer Seele Form und
580 3571 1885 3632 „Wir sind einander“ — seufzt sie — „so viel gewesen, Amadeus, daß
1882 3568 3177 3645 Gestalt für die Reproduktion erhalten hat. Besonders gut lagen ihr
570 3597 1885 3681 wir uns die Exinnerung daran erhalten müssen.“ Da trifft doch auch
576 3671 3172 3726 wieder das vombastische Wort des parodierten Holofernes zu, der durch= die Lieder von Franz. „Aus meinen großen Schmerzen“ wurde einen
574 3700 3177 3758 aus wissen will, wer stärker ist: „ich“ oder „ich“? Und mit solch ver=ganzen und „Die Heide ist braun“ um einen halben Ton tiefer ge¬
575 3742 3178 3800 zwickter Seelenmalerei schließt das Stück. Amadeus nimmt seine ge=sungen als das Original. In dem zweiten Liede wurde zum ersten
577 3734 3176 3817 packte Reisetasche und verschwindet. Gleich darauf erscheint Cäcilie und] Male eine Zur=Mühlensche Eigenheit angewendet: die Einschiebung einem
1878 3771 3183 3839 1„e“ zwischen zwei Worte („Das e wird ein dürrer, ein dustloser
590 3807 1885 3878 da sie das Verschwinden der Reisetasche bemerkt weint sie leise und läßt
580 3821 3163 3923 den Kopf auf das Klavier sinken. Dabei überhört sie, daß Peterl, ihr Strauß"). Vorbildlich wurde die Stelle „Mein Lieb ist falsch“ ge¬
1888 3854 3171 3931 sungen. Von dem hohen g auf das Wort „falsch“ geht manche Sängerin
1117 3883 1883 3953 „Mutter!“ zugerufen hat. Und in
589 3891 1000 3955 sechsjähriger Bub,
1884 3901 3176 3989 gar nicht mehr herunter; Fräulein Tornelli nahm die Stelle mehr als
1369 3913 1892 3981 Gipfelpunkt aller Un¬
580 3924 1337 3996 diesem brutalen Abschluß liegt d
592 3980 3175 4032 natur, die sich um ausgeklügelter Marionettenfiguren willenjkurzen Aufschrei und traf damit das Richtige. Eine meisterhafte Vor¬
2958 3972 3178 4032 Giovanna
1741 3985 2917 4041 hartentragsleistung war „Auf dem Kirchhofe“ von Brahms.
1571 4005 1739 4050 dieses
1085 3991 1551 4067 Selbstverständlichkeiten
722 4001 1103 4068 den simpelsten
594 4025 721 4073 mit
584 4015 3196 4130 und nüchternen Lebens in Widerspruch setzt. Dieser Abschluß mit dem Tornelli muß in Breslau hervorragende Kannexionen haben, denn das!
