3484 4192
1284 98 1730 192 box 25/5
218 114 1120 221 20. Zuischenspiel
1193 800 1594 904 Telephon 12801.
545 981 1588 1129 Ain Kee Ang
457 1079 1601 1184 O l. österr. behördl. konz. Unternehmen für Zeitungs-Ausschnitte
466 1170 543 1216 60
655 1134 1514 1243 Wien, I., Concordiaplatz 4.
856 1229 1291 1291 Vertretungen
459 1248 559 1313 2
504 1246 1607 1382 9 in Berlin, Budapest, Chicago, Christiania, Genf, Kopen¬
464 1302 1605 1402 hagen. London, Madrid, Mailand, Minneapolis, New-Vork,
574 1335 1591 1442 Paris, Rom, San Francisco, Stockholm, St. Petersburg.
856 1392 1278 1482 T
1326 1382 1518 1465 Berlin
471 1476 964 1552 + Ausschnitt aus:
1263 1461 1565 1554 16. 12.190)
861 1516 1154 1620 #. 12.300
476 1578 725 1650 E vom:
909 1630 1279 1713 Feuilletot.
899 1736 1300 1825 Lessing=Theater.
569 1782 1705 1881 Gestern abend stellte sich im Lessing=Theater ein Gast vor:
494 1837 1700 1923 Heinz Monard vom Münchner Hoftheater. Er spielte die Rolle
500 1895 1715 1967 des Kapellmeisters Amadeus Adams in Arthur Schnitzlens-drei¬
508 1924 1715 2013 aktiger Komödie „Zwischenspiel“ Es ist dies eine Figur, die
498 1977 1484 2067 zu den besten Leistungen Albert Bassermanns gehört.
583 2014 1710 2115 Der Gast ist in Berlin nicht unbekannt; er war früher am
502 2064 1705 2154 „Berliner Theater“ und gastierte vor nicht langer Zeit bereits ein¬
514 2107 1709 2192 mal Jährend eines Sommermonats am „Lessing=Theater“. Seine
512 2156 1731 2243 gestrige Leistung hinterließ einen sympathischen Eindruck; der Künstler,
511 2196 1715 2288 erinnert in seinem Organ und in manchen Zügen seines Wesens
521 2239 1721 2331 an Rudolf Rittner, obgleich ihm zweifellos ein bewußtes Kopieren
726 2318 796 2379 #8
529 2322 708 2391 fernliegt.
588 2330 1719 2417 Jedenfalls aber war diese von Heinz Monard hervorgerufene:
524 2379 1726 2462 Erinnerung an den so sehr geschätzten — Flüchtling eine Art von
530 2424 1727 2515 Geleitbrief, der ihm den Weg zum Herzen des Publikums ebnete.
521 2467 1733 2563 Und da er selbst über eine eigenartige und kräftige künstlerische
531 2514 1732 2599 Persönlichkeit verfügt, so gelang es ihm rasch, die wohlwollende
522 2555 1731 2649 Anteilnahme, die erst der Erinnerung gegolten hatte, für sich selbst
533 2641 803 2704 zu gewinnen.
613 2626 1733 2739 Angenehm berührte besonders die Natürlichkeit und Einfachheit
524 2700 1740 2782 seines Spiels; er fügte sich durch diese schätzbare Eigenschaft ganz
535 2747 1724 2833 von selbst in die künstlerische Sphäre des Lessing=Theaters ein.
528 2768 1748 2873 Diese Natürlichkeit blieb ihm auch im Affekt treu und die Echtheit
540 2829 1743 2907 und Wärme seiner Gefühlsausbrüche half ihm über manche gefahr¬
542 2857 1747 2957 volle Wendung in der komplizierten Natur des Kapellmeisters
541 2923 1745 2995 hinweg; besonders ist zu loben, daß er das unfreiwillig Komische
537 2952 1745 3058 mancher Momente nicht unterstrich, wozu gerade diese Rolle so
538 3033 1000 3100 viel Verlockung enthält.
621 3047 1743 3143 Die Vorstellung brachte noch zwei Neubesetzungen. Die
552 3099 1755 3191 Sängerin Friederike spielte Ida Wüst. Es gelang ihr nicht, den
554 3152 1746 3242 faszinierenden Einfluß des verführerischen Weibes auf den Kapell¬
557 3179 1755 3274 meister so zum Ausdruck zu bringen, daß seine Handlungsweise
551 3266 868 3338 begreiflich wird.
641 3271 1763 3364 Frau Grete Hofmann konnte mit ihrer kleinen Rolle als
549 3335 1320 3420 Gattin des Dichters nur wenig anfangen.
632 3384 1756 3464 Die übrige Darstellung des Stücks durch Irene Triesch,
556 3414 1769 3501 Emanuel Reicher und Willy Grunwald noch besonders zu
559 3463 1771 3542 besprechen, erübrigt sich, da sie zu dem Besten gehört, was die
1584 3503 1744 3579 R. „
549 3529 1124 3611 Brahmsche Bühe geleistet hat.
2700 238 3096 326 Telephon 12801.
2727 378 2848 448 4
1941 417 3075 519 WRAsinnnen
1942 492 3086 568 G l. österr. behördl. konz. Unternehmen für Zeitungs-Ausschnitte
1959 552 2032 599 60
2115 547 2994 640 Wien, I., Concordiaplatz 4.
1985 633 2024 690 n
2330 625 2768 695 Vertretungen
1957 685 3091 736 0 in Berlin, Budapest, Chicago, Christiania, Genf, Kopen¬
1935 725 3088 796 hagen, London, Madrid, Mailand, Minncapolis, New-Vork,
2041 782 3067 822 Paris, Rom, San Francisco, Stockholm, St. Petersburg.
2352 807 2755 866 (Quellenangabe ohne Gewühr.)
1952 847 2430 941 7 Ausschnitt aus:
1952 930 2039 983 900
2140 927 2424 1021 4.0E1 1007.
1933 974 2166 1042 E vom:
2311 971 3074 1087 —Iinamaine Toitung, Mönchen
2341 1092 2792 1253 Seen
2026 1185 3130 1318 rl. Berlin, 13. Dez., 10.58 X. (Privattelegramm.)
1929 1236 3131 1358 Herr Heinz Monnard vom Münchener Hoftheater spielte
1933 1279 3134 1386 heute als erste Gastrolle im Lessing=Theater den Kapellmeister
1934 1304 2217 1363 Adams in
2441 1346 3132 1439 s „Zwischenspiel“ und gefiel
1928 1343 3133 1480 sehr. Herr Mo Hnmor, Laune, Liebenswürdigkeit, und
1926 1389 3122 1514 auch Alzente des warmen Gefühls und der Leidenschaft stehen ihm
1916 1433 3128 1545 zu Gebote. Sein Ton erinnert angenehm an Rittner, dessen
1925 1467 3120 1589 Nachfolger er wohl am Lessing=Theater werden soll und wird.
1922 1500 3110 1621 Freilich fehlt seiner Figur das Sprühende und das Unberechen¬
1912 1557 3119 1664 bare, das Kainz hineingelegt hat. Obzwar die Rolle zu keinen
1913 1587 3122 1701 lauten Beifallsaußerungen herausforderte und das Publikum
1915 1613 3106 1741 der Vorstellung wenig Verständnis für das psychologisch feine.
1913 1665 3098 1784 aber arg verstiegene Stück aufbrachte, war es doch leicht erkenn¬
1906 1697 3044 1815 bar, daß der Gast herzliche Sympathien auf allen Seiten fand.
2687 1909 3088 1992 Telephon 12801.
1962 2079 3029 2182 * OMMTRTRTETRTSHnn
2028 2167 3100 2255 I. österr. behördl. konz. Unternehmen für Zeitungs-Ausschnitte
2134 2217 2999 2333 Wien, I., Concordiaplatz 4.
2344 2314 2769 2383 Vertretungen
1990 2329 2044 2389 0
2013 2325 3085 2433 ) in Berlin, Buuapest, Chicago, Christiania, Genf, Kopen¬
1953 2388 3098 2467 hagen, London, Madrid, Mailand, Minneapolis, New-Vork,
2070 2423 3074 2531 Paris, Rom, San Francisco, Stockholm, St. Petersburg.
2375 2481 2768 2539 (Quellenangabe ohne Gewahr.)
2511 2510 2791 2592 v. 12. 190)
1955 2528 1996 2611 1
1972 2548 2413 2628 Ausschnitt aus
2359 2591 3116 2692 eichs Anzeiger. Berlin
1978 2631 2024 2678 am
1967 2662 2186 2727 E vom:
2302 2796 2787 2876 Theater und Musik.
2350 2865 2734 2935 Lessingtheater.
2855 2901 3144 2966 #schen Komödie
2033 2900 2686 2977 Die gestrige Wiederaufnahme der ##
1955 2933 3135 3018 Zwischenspiel; mit teilweise neuer Besehztng, sonte einem Mit¬
3030 2986 3151 3045 enheit
1952 2994 2897 3064 gliede des Münchner Hoftheaters, Heinz Monnard
3030 3037 3149 3087 des
2165 3044 2911 3099 der früher von Bassermann gespielten
3033 3075 3150 3122 für
1943 3074 2919 3126 Kapellmeisters Adams ein auf seine dauernde Verpf
2809 3113 2929 3164 beginn
3023 3109 3153 3168 Herr
1947 3117 2803 3170 has Lessingtheater berechnetes Gastspiel zu
1944 3156 2996 3212 Monnard, der in Berlin, von den Anfängen seiner Laufbahn
1934 3202 3147 3243 gehörte dem Berliner Theater unter der Leitung Dr. Paul Lindaus an
1989 3228 3154 3274 schon bekannt ist, hat sich inzwischen gut entwickelt und zeigte
1946 3266 3160 3329 gestern, daß er wohl befähigt erscheint, eine erste Stelle auszufüllen.
1940 3327 3137 3368 Was an ihm vor allem angenehm auffiel, war seine große Natürlich¬
1950 3349 3130 3402 keit in Sprache und Gebärde. Wenn er auch durch seine Persönlich¬
1942 3384 3150 3440 keit nicht hinreißend wirkt, so berührt er doch außerordentlich
1943 3426 3147 3485 sympathisch. Sein Spiel war verständig, verriet auch Humor
1946 3473 3151 3524 und machte innerhalb der sehr auf Stelzen gehenden Ehekomödie mit
1934 3496 3151 3566 dem aufgepfropften Noraschluß aus der Rolle, was irgend möglich
1942 3554 3147 3598 war. So konnte der Künstler im Verein mit Irene Triesch, deren
1945 3591 3156 3633 glänzende Darstellung des komplizierten Charakters der Cäcilie
2869 3618 3154 3672 vorübergehend
1942 3616 2870 3683 schon früher eingehend gewürdigt worden ist,
1941 3672 3149 3714 Glauben und Zustimmung für die gekünstelten Auseinandersetzungen
1949 3692 3156 3762 des im Dialog zwar geistreichen, dafür aber des dramatischen Lebens
1953 3736 3146 3789 entbehrenden Werkes bei den Zuschauern erzeugen. Die vorzügliche
1944 3781 3155 3825 Leistung Emanuel Reichers als Dichter Albertus Rhon ist ja bekannt
1943 3806 3164 3875 sowie auch der Fürst Sigismund des Herrn Grunwald. Ihnen reihten
1937 3856 3163 3923 sich die Damen Wüst und Hofmann würdig an, sodaß alles in allem
1939 3903 2774 3971 eine gut abgestimmte Aufführung zustande kam.
