3484 4192
8 2500 41 2542 1#
4 2583 92 2634 door
-8 2622 101 2672 maa
3 2664 87 2711 wat
-4 2697 98 2756 Madi
-1 2745 96 2792 de v
-7 2789 100 2837 verm
15 2824 111 2878 onde
9 2865 103 2919 „M1o
8 2908 98 2954 aan
-1 2948 103 2998 scher
15 3026 86 3081 will
44 3066 87 3113 2
27 3229 109 3278 hem
16 3270 111 3316 door
25 3314 117 3361 ren
23 3352 105 3403 gev0
20 3393 80 3437 0m
21 3509 110 3560 den
12 3545 125 3601 moel
20 3588 124 3639 tuigt
24 3634 114 3681 onde
21 3671 129 3720 Mon
20 3709 133 3763 chale
18 3752 135 3806 haar
24 3792 133 3843 looze
29 3825 134 3878 lang
24 3868 128 3925 half
87 3918 118 3957 A
26 3949 142 4003 haal
23 3990 126 4040 voor
32 4031 136 4082 meer
19 4067 146 4121 gen
73 4106 132 4165 1 0
1355 99 1810 183 box 25/6
283 108 1179 209 20. Zuischenshie-
630 652 1497 747 Allgemeine Zeitung, Chemnits
980 838 1359 971 26. Sen 1927
909 999 1290 1107 Opernhaus.
689 1060 1533 1161 22. September: Schnitzlers „Zwischenspiel“
698 1110 1608 1202 Man muß einmal im Wiener Wald haben die
616 1151 1618 1258 Blätter fallen sehen. Bei uns wollen die Dinge in
627 1181 1607 1272 ihrer einsachen Realität gepackt werden. Man muß
628 1237 1623 1309 sie anfassen und zurechtmeißeln. Da unten aber
638 1256 1608 1351 sind sie in eine Atmosphäre verwoben, die durch
634 1294 1621 1378 alles schwingt, und man steht und lauscht und schaut
640 1326 1630 1413 nur an. Man schaut zu. Und Zwitterstimmungen
633 1366 1619 1453 sind in der Seele, Wonne und Schmerz in einem,
642 1397 1622 1485 man sieht die Dinge glasklar und deutlich und doch
635 1428 1630 1504 wieder wie hinter einem weichwehenden Schleier
649 1473 1626 1557 verzaubert. Und im Kreislauf des Lebens spürt
637 1499 1638 1581 man — keinen Kampf, wohl aber Weisheit, und ein
654 1549 1632 1619 wenig Müdigkeit, und viel Schönheit, und alle
655 1568 1635 1664 Feinheiten. Man ist wissend, und doch — könnte
646 1620 1286 1694 man keine Antwort formulieren.
735 1632 1637 1721 So ein weiches Schwingen geht auch durch
648 1659 1651 1760 dieses „Zwischenspiel“ Da haben zwei Menschen
654 1708 1642 1784 eine Ehe geschlossen, in der das tiefste Glück reifen!
666 1734 1646 1831 sonl. In reinster Wahrhaftigkeit wollen sie mitein¬
662 1772 1642 1872 ander sein. Aber gerade solche Wahrhaftigkelt kann
658 1807 1649 1909 zu viele vorüberschwingende Dinge in das zu grelle
667 1847 1657 1922 Licht der Worte bannen und damit feelische Reali¬
668 1878 1654 1953 ##n schaffen, die unmerklich wetter wirken. Diese
676 1895 1662 2007 Menschen wollen sich verstehen und werden damtt zu
675 1945 1649 2049 Zuschauern ihres Seelenlebens, wollen gütig be¬
670 1974 1663 2071 greifen, was im andern vorgeht. Und als nach
674 2016 1660 2093 Jahren einmal ein paar Fäden von dem Manne zu
677 2045 1665 2133 einer anderen Frau, von der Frau zu einem
681 2089 1663 2178 anderen Manne spinnen, da brechen keine
689 2120 1670 2207 Wellen der Eifersucht, des Kampfes umeinander
680 2152 1666 2229 empor. Sie gleiten einfach auseinander, gerade das
686 2187 1675 2274 Verstehen wird die unübersteigliche Wand, über die
690 2219 1675 2304 hinweg sie nicht mehr zueinander kommen. Sie
690 2248 1676 2333 haben ihr Leben aus dem Blut heraus in die Ner¬
691 2287 1670 2368 ven und ins Hirn hinübergedrängt. Nun führt es
693 2322 1677 2397 nicht mehr ins Blut zurück. Da sind Worte und
689 2357 1682 2443 kleine Ereignisse zu einer neuen Wirklichkeit gewor¬
691 2391 1675 2468 den, in der sie sich verwirren und verirren. Sie
697 2423 1680 2507 geben sich innerlich frei, wollen als „Kameraden“
1447 2446 1690 2512 Sie halten
699 2469 1448 2542 weiterleben. Wieder täuschen sie sich.
706 2499 1695 2576 für Freundschaft, was Liebe ist, halten für Liebe,
713 2529 1694 2616 was vorüberweht. Dem Zwischenspiel folgt kein
709 2572 1334 2659 Finale. Eine Saite ist zerrissen.
785 2594 1700 2686 Schnitzler macht kein Problemstück daraus. Mit
712 2626 1708 2717 seiner Hand zeichnet er, ohne uns freilich sehr damit
706 2672 1696 2744 erregen zu können, die Schwingungen dieser Seelen.
713 2695 1705 2785 Er läßt vor unseren Augen geschehen, leise und
721 2734 1702 2820 wissend, aber es ist ihm nicht um eine Antwort
715 2818 899 2879 zu tun.
800 2796 1721 2882 Die von Heinz Pabst geleitete Aufführung ließ!
715 2846 1720 2934 das Stück weich und gedämpft vorüberschweben, ein
716 2874 1715 2963 in tausend Feinheiten schwingendes Capriccio dolo¬
716 2902 1713 2999 roso. Er selbst und Hilde Wernburg gaben den
722 2935 1712 3034 Amadeus und die Cäcilie, er dem Diesseits stärker
730 2984 1714 3070 verhaftet, vielleicht noch nicht sensibel genug, sie vom
727 3016 1713 3093 Vorausgewußten verwirrt und damit es heraufbe¬
730 3045 1720 3129 schwörend. Ein letztes Spiel von Werben und
734 3080 1719 3174 wehem Entgleiten zwischen zwei Menschen, voller
732 3120 1724 3199 Wissen, kurzen Aufflackerns und leiser Müdigkeit.
745 3159 1724 3238 Eine Leistung von letzter spielerischer Sicherheit und
737 3182 1724 3282 Reisheit bot Ludwig Götz als Albertus Rhon. Wie
734 3233 1729 3312 der junge Künstler diesen, sagen wir, am Beginn
739 3242 1742 3348 des fünften Lebensjahrzehnts stehenden Mann mit
755 3288 1728 3386 aller Atmosphäre Oesterreichs zu umgeben wußte,
745 3325 1738 3408 wie er bei aller legeren Liebenswürdigkeit den Dia¬
751 3359 1734 3446 log bis in seine äußersten Feinheiten durchzukosten,
761 3393 1739 3486 zuzuspitzen und ausschwingen zu lassen verstand,
758 3431 1733 3524 zeugte von seltenem Können. Auch Elisabeth
764 3461 1747 3547 Maisch und Dorts Kiesow boten in den kleine¬
754 3489 1745 3573 ren Rollen der Marie und der Gräfin saubere, schön
768 3530 1739 3618 in das Ganze verwebte Leistungen. Hugo Spei¬
762 3572 1748 3655 ser als Sigtsmund blieb ein wenig leer und ohne
759 3602 1743 3686 rechtes Leben. Im ganzen eine sicher ausgerundete
760 3635 1750 3719 Aufführung, die den herzlichen Beifall reichlich
1472 3675 1751 3729 Martin Elsner.
767 3714 977 3766 verdiente.
2023 1254 2890 1366 Dresdener Anzeiger, Dresden
2342 1380 2675 1468 5. Unl. 1921
2053 1451 2971 1526 Im Chemnitzer Opernhaus kam Zwischen¬
2141 1502 2977 1567 zur Erstaufführung, jene Komödte
2118 1545 2957 1625 nitzlers, die, wie seine ganze Kunst, vom
2017 1591 2961 1665 Abenoschein einer müden, sterbenden Welt be¬
2025 1631 2956 1693 glänzt, vom bittersüßen Lied des Scheidens und
2593 1661 2971 1723 Alles, was den
2010 1681 2496 1748 Meidens durchklungen
2023 1701 2961 1762 Dichter auszeichnet: die pastellzarten Farben der
2030 1745 2958 1806 Töne und Stimmungen, ein silbern leicht dahin¬
2028 1783 2957 1853 flutender Dialog — das zeichnet auch dieses
2026 1824 2955 1893 Schauspiel aus, dennoch aber scheint es bei
2017 1859 2955 1917 näherer Betrachtung, daß hier die leichte Hand
2027 1902 2961 1959 hin und wieder erlahmt, manches schief und
2014 1925 2969 2010 falsch gesehen und gestaltet ist. Immerhin bleibt
2023 1968 2969 2056 das Ganze höchst reizvoll, und wir waren dank¬
2022 2002 2968 2098 bar, daß wir die süße Scheidemelodie dieses
2803 2057 2963 2109 Papst,
2024 2063 2725 2132 Zwischenspiels gehört. Zumal He
2814 2097 2966 2148 ür eine
2012 2104 2670 2168 der den Amadeus spielte, als Re¬
2830 2133 2958 2188 getönte
2024 2141 2651 2196 sehr feine, in innerer Bewegthei
2843 2178 2966 2224 r als
2024 2182 2646 2246 Aufführung sorgte. Hilde We¬
2830 2215 2966 2265 as und
2015 2230 2640 2296 Cäcilie weniger eine Wahlverw
2839 2254 2962 2303 d An¬
2023 2260 2656 2326 Mariamnes, weniger eine Kli
2783 2291 2973 2344 fühlendes
2033 2299 2726 2356 klägerin, sondern ein liebendes,
2036 2341 2971 2418 Weib, das in Stolz und Entsagung stark er¬
2034 2369 2962 2459 greifen mußte. In der Philine der Doris
2038 2401 2970 2473 [Kiesow lockte dunkel und süß all das, was die
2046 2449 2898 2510 Philinen von jeher auszeichnete; Ludwig 0
2042 2481 2982 2556 in der Maske Schnitzlers war ein erträglicher
2032 2530 2901 2610 Räsonneur und Ausdeuter der Dichtung.
2042 2561 2970 2639 Nach zweijähriger Pause kam gleichfalls im
2046 2595 2987 2675 Opernhaus Wagners Tristan und Isolde zur
2046 2641 2982 2721 Aufführung. Man erlebte, tief in die Fülle
2047 2679 2980 2755 dieser Partitur versunken, einen begeisterten
2049 2721 2980 2794 Abend. Carl Baum sang den Tristan, Anna
2052 2760 2989 2824 [Wolf=Ortner eine neue, schätzenswerte.
2426 2784 3000 2878 Generalmusikdirektor Ma¬
2038 2814 2419 2884 Kraft, die Isolde,
2852 2851 2971 2884 —
2003 2926 2959 2979 lata führte den Stab, Oberspielleiter Diener
2003 2968 2963 3035 die Regie, die auch die szenische Aufgabe recht
2007 3006 2412 3075 gut zu lösen wußte.
2753 3004 2963 3070 W. 9.—
