3532 4192
460 3252 552 3334 4
1402 87 1869 186 box 25/6
331 121 1279 219 20. Zwischenspiel
1738 300 2747 389 getrossen. Seile Heinat i eschals Ewameeitd
1746 359 2838 418 lebhaft ichwefelgelb gefärbte Vogel hat eine safrangelbe Stirn,
619 338 1714 430 liegen die Verhältnisse anders. Unser Heeres¬
3038 298 3406 462 Hafer and
1753 396 2831 460 von welchem Merkmal sein Name abzuleiten ist. Auch der
620 385 1733 458 bedarf erfordert eine vermehrte Erzeugung von Faserstoffen,
1755 428 2828 493 Safraufink gehört zu den Sel enheiten des Vogelhandels,
623 432 1722 505 die Fettversorgung der Bevölkerung einen stärkeren Anbau
2909 452 3425 522 □ Eisschaden. Im Han
1745 464 2845 534 weshalb die Ankunft die er beiden schönen Vögel manchen
633 455 1735 549 öhaltiger Pflanzen, die Ertaltung unseres Viehbestandes
2868 496 3414 558 kommende Dampfer Jestiean
1757 503 2835 574 Vogelliebgaber interessieren dürfte. G schenkt wurden: zwei
638 512 1730 586 ferner eine echohre Gewinnung eines fett= und eiweiß¬
2860 518 3437 608 15=Fadenkette ein. Ein Tauch
1753 529 2848 617 Wellensittiche (Frau Tenhalff), ein Bläßhuhn (Herren Nadge
632 545 1735 622 reichen Futtermittels, wie es der Leinsame bietet. Alle
2869 575 3166 649 traut worden.
1758 570 2840 655 und Neffen). Am So.mag beitägt der Entrutspreis zum
627 584 1733 663 diese Forderungen erfüllt in hohem Maße der Flacks. Für
2969 602 3426 670 ) Vertriebenes Boot
1769 625 2690 699 Garten die Person 30 Pfg., für Kinder die Häfte.
627 638 1730 697 unsere Gegend eignet sich der Schließflachs, nicht der
2868 651 3436 716 Eise treibende Plattgattjolle g
635 642 1734 727 Springflachs, am besten zum Anbau. Der Flachs bevorzugt
1843 648 2841 734 * Der Borgfelder Bürgerverein tagte im Vorgfelder Ge¬
2867 687 3326 761 in Harburg abgeliefert.
639 700 1737 776 gut vorbereiteren, unkrautfreien Mittelboden. Eine gute
1758 706 2854 776 sellschaftshause. Herr Kiene überreichte Herrn Paul Schmidt
2969 720 3442 787 Unglücke fall. Bei de
634 740 1735 821 Vorfrucht bilden Kartoffeln, Steckrüben oder Klee. Die
1760 741 2841 827 das Zeichen für 25jährige Mitgliedschaft. Nun gab Herr
2874 758 3445 827 stürzee er Arbeiter A Wiorz
639 771 1734 848 Aussaat erfolgt Anfang bis Ende April am besten mit
1765 787 2840 856 Ad. Peiersen den Bericht aus dem Zentralausschuß. Den
2883 796 3492 861 erlitt einen Bruch des linken
634 802 1737 891 der Drillmaschine, wobei Saatgut gespart und der Same
1770 804 2852 895 Jahresbericht für 1916 verlas Herr Hausmann. Ihm und
2878 843 3438 899 im Krankenhaus in Si. Georg
637 851 1735 928 gleichmänig in die Erde gebracht wird. Zur Erntezeit wird
1774 850 2862 937 dem Kassierer Herrn Rosenbrook dankte die Versammlung
632 892 1735 980 der Flachs aufgezogen. zum Trocknen auf den Erdboden
2883 940 3447 1005 chinesische Schattenspiele erinn
1772 955 2859 1040 ganzen Stück, das eine vollkommene Einheit ist, nach
2886 986 3453 1040 als modernstes und feelisch int
638 988 1741 1059 aber von einer Depesche ist nichts zu sehen, noch zu hören;
1772 993 2860 1071 allen Seiten des menschlichen Eheleids bewegt und schließ¬
2886 1029 3453 1079 literatur einschätzen. „Was w
646 1029 1731 1104 es ist, als seien wir einfach in Vergessenheit geraten. All¬
1766 1032 2860 1103 lich mit solgerichtig durchschnittenen Drähten zu Zoden
2887 1057 3444 1114 scheint sie mit Goethe (der
652 1073 1733 1143 mählich stellten sich trübe Ahnungen ein. Sollten wir et¬
1764 1061 2856 1152 geiegt. Das Stück spielt mit seinen zwei Menschen, bis sie
2886 1091 3456 1152 besonderen Sinn hatte) insgehe#
635 1112 1729 1193 wa Bannware an Bord haben oder womöglich gar den oder
1761 1114 2870 1184 im äußersten Augenblick — ganz außer sich geraten, wie
2882 1122 3456 1194 Mensch von sich selbst! Das Lebe
648 1132 1751 1214 ienen Spion, um dessentwillen wir nun hier wochenlang
1775 1152 2863 1239 zerfaserte Puppen — erstaunt zu begreifen suchen, daß sie
2875 1158 3463 1243 der flüchtigen Dinge und Schich
651 1189 1747 1263 liegen konnten? Oder sollten sie etwa doch die Geschäfts¬
1769 1187 2861 1267 als übermeuschlich kluge Geschöpfe fast kindlich verspielt
2881 1198 3459 1282 Wand. Der stumme Schatten
649 1230 1738 1296 briefe entdeckt haben, die ich unter die Badewanne ge¬
1776 1222 2861 1307 haben. Das Stück spielt zugleich mit den feinsten Grenzen
2876 1247 3436 1310 Gefühle, Ideen, Vorsätze sind
656 1239 1739 1332 schoben habe: Man sieht argwöhnisch um sich und traut
1768 1250 2865 1352 der Kunst, mit den zartesten Wundern der Pinctologie
2891 1301 3458 1355 werden zu einer „Komödie der
648 1284 1754 1366 es schließlich einem jeden zu, daß er womöglich auf irgend
1773 1298 2853 1388 und mit den schöpferischen Launen seines Dichters.
2941 1325 3456 1394 Also: Ganz im Schaitenspic
1782 1326 2870 1423 Es spielt sogar mit den Zuschauern. Ja, es spielt auch mit
644 1348 1239 1427 einer schwarzen Liste steht ...
2890 1358 3451 1431 gehalten. Absichtlic rrißt ihr
718 1359 1755 1457 Natürlich geht die Depesche in einem Augenblick ein,
1780 1384 2872 1467 dem Spielleiter und in einem gewissen Sinne mit den
2888 1408 3448 1472 wiederholt aus der Illusion.
653 1423 1752 1503 da man sie überhaupt kaum mehr erwartet. Irgendwo im
1787 1420 2867 1493 Schauspielern. Somit müssen alle Beteiligten auf der Hut
2883 1440 3450 1497 Dichter persönlich durch den
649 1454 1751 1526 Schiffskörper beginnt es plötzlich zu klingeln, die Maschinen
1778 1451 2873 1542 sein, daß sie nicht insgesamt (den vorantänzelnden zwei
2884 1473 3466 1548 Buppe oder durch fingierte Mon
662 1493 1758 1568 stampfen, durch das ganze Schiff läuft es wie ein ner¬
1797 1508 2620 1583 Menschen gleich) zu schlechter Letzt verspielen.
2892 1519 3473 1596 hinein. Und nedenher schiebt er
650 1535 1756 1617 böses Zittern, — — wir fahren! Die Schiffskapelle in¬
1835 1531 2864 1603 Ich habe mich stets für einen nahen Verwandten des
2887 1559 3472 1624 Großen ein kluges, kleines Kin
649 1561 1751 1638 toniert die amerikanische Nationalhymne, als wir am
1777 1594 2865 1664 Hanswursts gehalten", läßt Arthur Schnstzler den
2894 1600 3459 1666 symbolische Kasperlefiguren he
651 1605 1760 1697 Minenfeld vorbeikommen und schneller und schneller in das
1788 1630 2880 1695 dramatischen Dichter Albertus Rhon erklären. Da kommt
2890 1638 3475 1705 den so kläglich Erwachsenen pa
663 1643 1764 1717 offene Meer hinausfliegen. An diesem Abend erschienen
1793 1662 2871 1740 der Goethesche Hanswurst, der dem Lear=Narren nicht fern
2941 1689 3473 1754 An diesen bedeutsamen Wi
660 1675 1762 1772 selbst die griesgrämigsten Seekranken mit strahlender Miene
1798 1706 2880 1780 steht, zu seinem allgemei menschlichen Recht. Er wird zu
2887 1726 3464 1797 Spielleiter und Schauspieler)
663 1717 1762 1800 im großen Salon zum Ball, und die Abstinenzler schrien
1793 1740 2878 1818 einem Opfer seiner Imaginatsonen. Balanziert die
2900 1766 3464 1836 sierten Vorgänge, die schematif
665 1766 1757 1846 lauter als zuvor, daß es eine moralische Verworfenheit sei,
1796 1775 2885 1855 schlüpfrigsten Rätsel des Seesenlebens wie pfauen¬
2894 1800 3455 1874 schwerten Worte sagen ihm
661 1795 1774 1899 Alkohol, in welcher Form auch, zu sich zu nehmen ... Ein
1795 1816 2876 1905 federn auf der Clown=Stirn. Foppt uns, muß
2903 1835 3474 1914 Horwitz gar nichts. Er packt
662 1846 1771 1926 jeder war auf seine Weise wieder einig mit sich und zu¬
1797 1861 2885 1935 uns soppen, weil er von seinen eigenen Trieben gesoppt wird.
2901 1882 3479 1946 Philister=Möbeln und einer #
674 1910 922 1976 frieden. —
1804 1902 2875 1978 Zeigt, daß wir vom Lehen genarrt werden, weil wir es immer
2902 1922 3469 2001 voll. Läßt das ganze Stück
729 1909 1765 1987 Ich habe Kirkwall eigentlich nur von der „friedlichen"
1807 1945 2888 2015 wieder aus unseren vermeintlich wahren und doch so falschen
2895 1973 3483 2042 zwanzig Jahren etwa Suder
677 1957 1769 2038 Seite zu schildern versucht, dabei ist es bis jetzt der eigent¬
1803 1988 2877 2050 Instinkten heraus zum Narren halten. Oder: daß das Leben uns
2911 2001 3453 2073 felds „Mutter“ erledigt hat.
675 2006 1774 2073 liche Brennpunkt in dem heißen Ringen um die Beherr¬
1806 2012 2884 2094 selber zum Spielzeug macht, weil wir aus unseren vermeintlich
2914 2036 3475 2099 seiner trockenen Manier als
681 2040 1766 2114 schung der Meere gewesen, das nun in ein noch erbitter¬
1805 2045 2879 2127 echten und doch so verlogenen Gefühlen heraus mit dem Leben
2905 2079 3483 2139 stosser—Und spricht den zue#st
686 2074 1771 2151 teres Stadium eingetreten ist. Das Meer um Kirkwall
1809 2082 2891 2172 spielen müssen. Und: daß wir ge pielt werden, wo wis
2913 2113 3469 2175 ihm und seiner Partnerin hin
689 2098 1764 2196 ist zu einem riesigen Friedhof der Schiffe geworden, so we¬
1803 2134 2895 2211 zu spielen glaubten, bis wir am Ende — verspielt und ver¬
2913 2146 3473 2234 Figur, sondern an dieser Fig
670 2165 1769 2236 nig man davon unter Umständen bei einer Fährt über den
1801 2166 2889 2245 tan — wie ein abgelegter Hauswurst in das letzte Schubfach
2930 2199 3488 2261 sehr selten im Deutschen Sch
681 2190 1779 2267 Ozean auch sehen mag. Gewiß, hier und da treibt eine
1804 2211 2893 2283 geraten und einer Auferstehung, die nie kommen kann, trost¬
2925 2240 3482 2298 verfehltes Komödienspiel zum
688 2245 1769 2311 losgerissene Mine vorüber, oder Wrackstücke schwimmen vor¬
1810 2267 2210 2333 los entgegenharren.
676 2278 1774 2347 bei und verschwinden irgendwo im Quirlen des Kielwassers,
2923 2275 3473 2345 Fehlbesetzungen (neben Erich
1854 2274 2882 2354 Solches geschieht mit den zwei Menschen. Beide glaubten:
2916 2312 3486 2387 auch Anna Westhoven und Kol
695 2317 1770 2383 aber das alles ist eigentlich nicht die Hauptsache, sondern
1794 2336 2892 2419 wahr zu sein. Gelobten einander: stets ehrlich zu bleiben
686 2348 1775 2422 die spielt sich in der Kajüte des Telegraphisten ab, der
2920 2353 3490 2417 zehn Jahren in diesen wi
1806 2367 2883 2445 in ihren Empfindungen und Aeußerungen. Denn beide
696 2384 1778 2460 nahezu stündlich irgend eine Weisung oder Anfrage von
2927 2396 3491 2459 haben) greifen verhängnisvoll
1818 2418 2895 2483 fühlten sich als komplizierte Ausnahmenaturen. Aber
684 2423 1776 2497 einem der englischen Krieesschiffe erhält. Oder mitten in
2929 2430 3493 2500 als wortführender Deuter und
1813 2441 2883 2523 beide sind doch nur (wie es bei Goethe heißt) ein Spiel
686 2453 1781 2543 der Nacht blitzen plötzlich Lichtsignale auf und ein paar
2940 2482 3487 2538 Gräfin bringen kunstwurdige
2338 2481 2891 2554 Beide werden von wesens¬
1816 2503 2358 2563 von jedem Druck der Luft.
698 2493 1785 2581 triefende Octröcke steigen an Bord und verlangen in
2933 2514 3490 2578 fungiert geradezu als Retter
2369 2520 2895 2588 Er von einer erotischen
1813 2529 2384 2605 fremden Elementen gekapert.
700 2529 1778 2620 barschem Tone die Schiffspapiere zu sehen, während sie
2922 2542 3482 2622 das Deutsche Schauspielhaus
1813 2566 2891 2633 Gräfin. Sie von einem galanien Fürsten. Beide ge¬
697 2570 1790 2653 im Geheimen mit den Amerikanerinnen in Balltoilette
2783 2603 2893 2651 Er
2951 2590 3505 2671 Meister von Herzen beglückwü
2300 2604 2798 2677 Daseinsformen hinein.
1812 2620 2320 2686 raten in ungewohnte
703 2641 982 2710 flirten
1819 2638 2896 2718 wird zu einem kleinen Hjalmar. Sie wird zu einer
752 2642 1785 2721 Es ist unter diesen Umständen nicht weiter verwunder¬
1820 2684 2905 2752 winzigen Nora. Beide glauben so zu wachsen. Ver¬
706 2689 1793 2775 lich, wenn ein jeder Kapitän heutzutage seinen Ehrgeiz dar¬
1833 2720 2901 2793 puppen sich aber im Grunde mur zu marionetkenhaften
702 2745 1797 2803 einsetzt, irgendwie an Kirkwall wrüberzuschlüpfen, und zwar
1828 2750 2916 2834 Figürchen. Gelangweilt von diesen unehelichen Irrungen,
3077 2679 3490 2854 dun ud
698 2782 1797 2854 nicht allein wegen der Scherereien und der Zeiwersäumnis,
1831 2808 2908 2871 treffen sie dann wieder auf einander. An der nämlichen
711 2813 1787 2895 sondern vor allem auch, weil einem jeden Kapitän die
3030 2827 3480 2906 — Kleine Rundschan.
1833 2834 2918 2905 Stelle, da sie sich im ersten Akt ihrer geschlechtskalten
699 2838 1795 2931 Schamröte ins Gesicht steigt, wenn er auf seiner eigenen
1831 2873 2913 2951 Kameradschaft versichert haben, versichern sie sich im
2935 2877 3465 2947 wird, einer Einladung des
701 2894 1796 2977 Kommandobrücke den Befehlen eines anderen gehorchen
1827 2916 2911 2991 zweiten Akt shrer geschlechtsheißen Leidenschaft. Das
2936 2913 3494 2984 ments in Bukarest folgend, in
713 2944 855 3017 muß.
1834 2951 2908 3030 Puppenspiel nimmt einen geistreich geführten Parallelis¬
2936 2949 3486 3036 samtgastspiel im Bukarester
762 2965 1197 3043 Wie lange noch —??
1830 2987 2904 3058 mus an... Aber der nächste Morgen, der mit dem
2946 3014 3162 3073 anstalten.
761 3006 1568 3097 Die nächste Zukunft schon wird es lehren.
1836 3025 2907 3103 dritten Akt anhebt, bringt die naturgemäße Ernüchterung.
2993 3022 3508 3107 Der Bund deutscher Geleh
919 3044 1764 3122 (Deutsch von Werner Peter Larsen.)
1832 3074 2910 3140 Die scheinbar erkünstelte Epfsode des Wiederfindens
2932 3083 3510 3142 herrn Georg v. Ompteda
1141 3111 1423 3172 O.
1835 3109 2923 3182 wird zur scheinbar natürlichen Katastrophe des Wieder¬
2947 3113 3514 3181 teilnahm, gebeten, im große
1838 3147 2926 3222 entschwindens. Die Versöhnung ist ein Abschied. Zwei
2943 3158 3511 3218 harmonie über diese Eindrücke
926 3176 1580 3263 Deutsches Schaufpielhaus.
1831 3193 2926 3269 Menschen verscherzen sich an der gleichen Stelle zum dritten
2953 3195 3520 3262 in seiner bekannten spannend
1832 3213 2920 3292 und letzten Male ihr Glück, weil sie auch im hiltersten
2952 3238 3515 3320 größten aller Schlachten geben
765 3226 1759 3313 Neu in Szene geseht: Zwischenspiel von Schnitzler.
1836 3257 2917 3342 Augenblick des Schicksals aus einem diabolischia Zwang
3009 3284 3504 3351 Ein seit langer Zeit an
766 3288 1806 3364 in Zwischenspiel und ein Zwei=MNenschen=Spiel. Auch
1838 3296 2919 3377 heraus von ihrem unbewußten Lebensipieltrieb nicht lassen
2950 3309 3514 3385 Reservekorps gibt jetzt in e
728 3332 1821 3404 ein Totentanz sozusagen. Aber ein Tanz Lebendig=Toier, die
1843 3334 2688 3427 können und darum endgültig verspielt werden.
2949 3344 3519 3414 Korpsverlag in Ba
717 3366 1820 3452 sich von Schnitzler über Strindberg nach Goethes Puppen¬
1890 3371 2915 3453 Diese Komödie= ist also wie der Schatten eines Vogels
2940 3380 3518 3462 Pastellporträts des D
730 3402 1811 3475 spieldühne zurücksehnen. Alo: Zwei Menschen, die (wie
1835 3415 2920 3487 im Fin. Ihre tiefste Weisheit geht auf Konsutses heute
723 3445 1817 3530 Goethetagt) mit dem Leben spielen. Sie bewegen das
710 3434 3523 3556 ganze Stück, Oder vielmehr: sie werden von diesem I noch zeitgemäße Menichen= und Lebens=Erkenntis zurück. An I diese Werke besitzt die Va
669 3584 1475 3734 d  10
842 3716 1060 3875 197
1291 3849 1604 4015 ##
