3484 4352
546 47 2086 145 Wateschten und Der Aigesten Preline  pene  ine din  ee e seshenen
1709 119 2886 184 wagnerisch zu gestallen; wie leicht aber, vom wagnerischen
530 137 1710 197 Zwischenspiel, ist typisch für unsere Zeit, ein Hauptspiel
1697 170 2885 215 Geiste abgelöst, anders zu sein! Die ästhetischen Snobs
533 171 1719 239 der Modernen. Was diese suchen, ist immer nur das An¬
1715 212 2877 265 rufen Heil! Sie kennen keine Entwicklung, lein sicheres
534 224 1714 283 dere. Der Grundsatz der modernen Aesthetik lautet: An¬
1704 252 2899 311 Ziel, keine redliche Kunstarbeit, denn auch sie leben und
540 262 1720 330 ders sein, anders sehen, anders machen. Anders um
1712 305 2865 352 schreiben nur davon, daß es immer anders wird; sie
538 317 1710 388 jeden Preis. Nie hat es eine bequemere Kunstlehre ge¬
533 348 2884 430 geben. Harte Arbeit, mühsam, schrittweise, hat in Jahr= laufen stets nur dem Andern nach. Vielleicht bringen zwei
1714 396 2891 472 Briese, die Richard Wagner im Jahre 1872 und 1874, da
534 409 1711 482 hunderten gewisse Kunstsormen organisch zu entwickeln ge¬
1714 440 2894 493 Roller noch ein Knabe war, an den Wiener Maler Josef
534 458 1708 511 sucht. Wie vorsichtig, weil einsichtig, gingen die großen
532 488 2892 560 Reformatoren der Welt und der Kunst ans Were Hoffmann schrieb, ein wenig Ordnung in die Sache der
1701 529 2907 603 Andersmacher. Zunächst: „In Betreff der Darstellung
538 558 1727 626 Luther und Vismarck, Mozart, der lange in den Ita¬
1713 572 2106 647 der Szene bin
2126 579 2870 648 ich zu der Ueberzeugung ge¬
531 596 1706 663 lienern, Beethoven, der lange in Haydn, Wagner, der
1719 630 2890 699 kommen, daß hier nichts des deutschen Namens in
530 646 1716 707 lange in der „Großen Oper“ steckte. Heute gehts leichter.
1712 675 2889 734 einem edlen Sinne Wurdiges zu erreichen sein wird,
539 693 1707 748 Refarmatoren in allen Ecken, in jedem Winkel, in jeder
1715 720 2895 783 wenn ich die hieher bezüglichen Aufgaben lediglich unseren
541 742 1712 806 Woche, an jedem Tage. Ohne Ziel, ohne Plan, ohne
1720 774 2900 839 routinierten Theaterdekorationsmalern überlassen sollte. Es
534 794 1717 852 Vernunft, müssen sie eben nur anders sein, und sofort
1722 816 2905 869 handelt sich mir daher derum, den geschicktesten oder ge¬
537 826 1714 919 wird ihnen das stets bereite Täfelchen der Genialität an¬
1708 863 2899 922 übtesten Dekorationsmalern von wirklichen Künstlern ent¬
526 883 755 959 geheftet.
1712 899 2903 984 worfene Skizzen vorlegen. können, um sie dadurch zur
638 907 1716 989 Ein leidlich erfahrener Musiker vermag uns das
1726 959 2525 1015 Veredlung ihrer Leistungen anzuregen.“
2577 954 2901 1020 .. Und dann
544 982 1724 1050 Wesen der Fuge zu erklären und die Unterschiede einer
1719 980 2902 1079 setzt sich der Dramatiker zu dem bildenden Künstler in
547 1020 1718 1076 Fuge von Bach oder Mozart oder Beethoven klarzu¬
1726 1049 2897 1112 das einzig mögliche Verhältnis des harmonischen Aus¬
550 1068 1719 1133 tellen. Eine Fuge aber von heute kann der Erfahrenste
548 1089 2905 1187 zur damit kennzeichnen, daß sie anders ist. Das Anders, gleichs. Zwei Jahre später: „Ich sage Ihnen meinen
551 1171 2911 1225 ein, gleichviel wie die Fuge ausschauen möge, erfüllt den größten Dank für die Umarbeitung Ihrer schönen
1739 1194 2896 1252 Skizzen. Dadurch, daß der Wohnraum Hundings den
553 1227 2910 1312 Stümper mit Stolz, und der Jubel seines Anhangs kennt Ersordernissen der dramatischen Vorgänge durchaus
552 1264 1723 1323 keine Grenzen, wenn die Fuge sich derart verändert hat
543 1315 1714 1368 daß sie keine mehr ist. ... Das Genie in der Tonkunst
1716 1333 2911 1389 Charakter etwas eingebüßt hat: er ist so vortrefflich.“.
546 1357 1725 1416 hat große Mühe darauf verwendet, die Symphonie zu
541 1363 2907 1446 einem organisch gegliederten Gunzen zu gestalten, pas Nun bittet Richard Wagner den Künsller, die Gibichungen¬
1719 1427 2908 1496 halle mit Rücksicht auf die „entscheidende Begegnung der
557 1442 1722 1507 von einem mächtigen Schlußsätze gekrönt wird. So noch
1730 1453 2916 1531 Hauptkatastrophe“ zu verändern; er macht die lehrreiche
540 1497 1729 1552 bis Brahms und Bruckner. Die Wiener Symphonie von
1722 1521 2914 1592 Bemerkung, daß er selbst in Lohengrin „den Fehler be¬
545 1542 1728 1600 heute legt Lieder ein oder schließt mit einem Liedchen —
1731 1569 2908 1652 gangen habe,“ sich unwillkürlich nach „unseren sehr in¬
559 1587 1724 1646 sie hat den großen Vorzug, anders zu sein. Man frage
553 1604 2913 1691 nicht nach den inneren Motiven. Die Aestheik des An= korrekten Theaterkonventionen“ zu richten, und schließt im
1461 1646 2932 1737 s die Kunst Hinblick auf die Gibichungenhalle: „Aber es wird Ihnen
549 1674 1430 1753 deren“ ist Grund genug. Im übrigen ist
541 1720 2912 1790 unserer Tonsetzer, ähnlich dem Zwischenspiel" beständig schwer werden, hier etwas zu opfern, denn das Bild
1714 1746 2923 1837 selbst, das Sie uns geben, ist ungemein charakteristisch
546 1770 1725 1835 anderes vorzubringen als der natürliche und logisch ge¬
1728 1802 2440 1882 und schön. Nun! Sehen Sie zu !
549 1821 1735 1879 schulte Kunstverstand gerade von der harmonischen Fort¬
1812 1827 2913 1918 So fügen die Elemente des Gesamtkunstwerkes sich
553 1874 1733 1943 schreitung erwartet. ... Darum ist die Kunst unserer
1737 1900 2920 1959 ineinander. Der jetzt beliebte Terrorismus, die Selbst¬
559 1914 1733 1978 Tage so witzig. Denn Witz ist das plötzliche Aufdecken
1736 1937 2927 2013 betonung des Einzelnen dient nicht dem Schönen, sondern
548 1963 1719 2029 einer Gedankenharmonie, wo man Disharmonie er¬
1726 1991 2924 2046 unkünstlerischem Egoismus. Anderes wollen, einzig um
554 2016 1734 2092 wartet, oder das Ausdecken einer Disharmonie,
1740 2040 2927 2113 anders zu sein, der Luftsprung ins Andere, einzig um
551 2059 1734 2138 wo man eine harmonische Gedankenverbinoung ver¬
1735 2081 2948 2151 sich rasch von bestehenden Fundamenten zu lösen, führt:
546 2112 1732 2177 mutet. Die moderne Orchestrierung beruht also
1734 2149 2441 2217 weit weg von der wahren Kunst.
561 2148 1737 2215 auf dem Witz, den einzelnen Instrumenten Klänge
552 2205 1738 2260 und Passagen zuzumuten, die der Natur des Instru¬
560 2247 1746 2323 ments nicht entsprechen. Man wird auch immer beim
556 2290 1747 2357 Ot estervortrag eines neuen Werkes, das die Modernen
559 2345 1750 2398 gut instrumentiert nennen die unbefangenen Hörer
554 2394 1751 2465 lächeln oder Mienen der Verblüffung auf ihrem Antlitz
554 2448 1754 2518 sehen.... Ebenso im Reiche der Farbe. Haben es nicht die¬
553 2494 1760 2564 jenigen unserer Maler am weitesten gebracht, deren Pro¬
557 2547 1755 2612 gramm einfuch lautete: anders malen! Die alte Streitfrage, ob
559 2585 1751 2655 das „Was“, die Idee, oder das „Wie“, die Form, in der
557 2626 1763 2697 Kunst entscheide, ist nun verstummt; das Andere ent¬
563 2679 1755 2741 scheidet. Man könnte ruhig und friedsam durch die neuen
560 2733 1757 2788 Wiener Straßen wandeln, wenn manche Architekten wirk¬
551 2774 1763 2850 lich Häuser und nicht bloß das Andere bauen wollten,
564 2820 1759 2893 unbekümmert ob das Andere einem Hause gleichsieht oder
554 2854 1755 2936 nicht. ... Die Bildhauer sind zum Glück gezwungen,
553 2922 1762 2977 Menschen darzustellen, die von Menschen als ihresgleichen
558 2973 1755 3028 erkannt werden müssen. Daher schleicht das Andere ihre
553 3002 1765 3069 Bildwerke nicht so leicht an, und man betrachtet maiches
568 3049 1754 3134 neue Wiener Denkmal mit inniger Freude. Dem Mozart¬
572 3110 1752 3163 Brunnen freilich, wie schon ein Fachmann in diesen
564 3158 1761 3220 Blättern bemerkte, scheint geflissentlich die elastische, leicht
566 3210 1758 3288 geschwungene Mozart=Linie ferngehalten zu sein. Der
570 3246 1767 3314 Bildhauer wollte durchaus anders gestalten. Nicht einmal
555 3302 1767 3363 den beiden Wasserröhren zur Seite wurde der Linien¬
570 3343 1762 3422 zauber Mozarts gegönnt; sie sind im neuen Maschinen¬
562 3393 1754 3457 stil den Röhren von Wasserkesseln oder Badeöfen nach¬
566 3423 1766 3511 gebildet. Das Unerwartete, das Andere, das vom guten
569 3495 1766 3557 Geschmacke abbiegt und jedes zartere Kunstgefühl verletzt,
571 3531 1765 3604 ossenbart sich aber vollends in der Riesentafel, die fast die
572 3583 1763 3648 ganze Rückseite des Bildwerkes bedeckt und mit großen
572 3630 1761 3677 Plakatlettern anzeigt, daß der Mozart=Brunnen während
572 3671 1761 3754 der Amtsführung des Bürgermeisters Lueger und des —
570 3728 1770 3784 Herrn Bezirksvorstehers Rienößl errichet wurde. Dem
570 3770 1774 3827 Wiener Burgermeister kommen solche Ehrungen zu; daß
579 3839 1771 3892 aber der Bezirksvorsteher Rienößl mit übergroßen Buch¬
579 3860 1770 3930 staben sich an ein Monumentalwerk und an Mozarts
572 3906 1770 3991 Unsterblichkeit klebt, ist eine arge Geschmacksverirrung.
572 3962 1667 4023 Dann lieber ein Denkmal für Herrn Rienößl allein.
675 4010 1770 4083 Das Andere wird jetzt auch bei Miethke bewundert
566 4037 1776 4144 und erläutert. Da hat die asthetische Formel: „Anders sein
