3436 4224
233 97 1141 200 20. Zuischenspiel
1312 111 1748 196 box 25/5
810 490 1306 579 EIVEN
417 576 1514 657 1 österr. behördl. konz. Unternehmen für Zeitungs-Ausschnitte
575 632 1395 721 Wien, I., Concordiaplatz 4.
761 697 1184 776 Vertrefungen
428 765 1504 822 in Berlin, Budapest, Chicago, Christiania, Genf, Kopen¬
431 805 1504 869 hagen, London, Madrid, Mailand, Minneapolis, New-Vork,
465 849 1473 910 Paris, Rom, San Francisco, Stockholm, St. Petersburg.
762 884 1178 948 (Quellenangabe ohne Gewährl.
422 934 811 1012 Ausschnitt aus:
820 946 1493 1047 National Zeitung, Berlin
582 983 836 1082 3— 9. 1909
428 1043 580 1098 vom:
725 1116 1302 1199 Kunst und Wissenschaft.
469 1168 1590 1238 r. Das Lessing=Theater brachte gestern eine Neueinstudierung
384 1225 790 1282 von Arthur
1093 1225 1598 1298 geistreichelnder Komödie
393 1242 1590 1321 „Zwischenspiez= Monnard gab den von
407 1311 1594 1362 Bassermann kreierten Kapellmeister Amadeus Adams. Er hat in
392 1359 1590 1406 dieser Rolle bereits in der vorigen Spielzeit hier gastiert, und seine
389 1391 1597 1452 Leistung wurde an dieser Stelle schon ausführlich gewürdigt. Als
399 1445 1585 1491 Operndiva und Künstlersgattin ist Irene Triesch nicht besser
395 1481 1596 1535 geworden. Sie bringt, wohl infolge der vielen Jbsenspielerei,
399 1531 1581 1581 alles so schwer und ausgeklügelt, daß sie oft manieriert und un¬
397 1571 1580 1624 natürlich wirkt. — Recht merkwürig war übrigens ihr Reisekostüm,
387 1614 1596 1673 das ihren Reisebegleiter, den jungen Fürsten Siegismund, sicher¬
385 1648 1588 1717 lich in Verlegenheit gesetzt haben muß. — Von herzerquickender
386 1696 1583 1763 Natürlichkeit ist dagegen Emanuel Reichers Albertus Rhon,
390 1747 1591 1793 und wirklich vornehm und überaus sympathisch spielte Kurt
391 1793 1584 1850 Stieler den Fürsten. Es ist zu bedauern, daß dieser begabte
393 1835 1587 1897 Künstler nicht mehr an den ersten Platz gestellt wird. Ehrenvoll
394 1871 1592 1933 mag es für ihn sein, so viele Jahre dem Lessing=Theater anzuge¬
394 1918 1596 1978 hören, aber an anderer Stelle würde er auch eine andere
399 1959 869 2033 Karriere gemacht haben.
1084 2267 1455 2364 Telephon 12.801.
1111 2382 1268 2465 Die
400 2413 496 2488 B
488 2427 1230 2514 — „OOSLIVER
373 2499 1471 2584 I. österr. behördl. konz. Unternehmen für Zeitungs-Ausschnitte
506 2563 1353 2669 Wien, I., Concordiaplatz 4.
700 2643 1139 2718 Vertretungen
374 2685 1461 2760 in Berlin, Budapest, Chicago, Christiania, Genf, Kopen¬
384 2740 1468 2803 hagen, London, Madrid, Mailand, Minneapolis, New-Vork,
415 2797 1427 2849 Paris, Rom, San Francisco, Stockholm, St. Petersburg.
712 2824 1131 2886 (Quellenangabe ohne Gewähr).
385 2876 761 2961 Ausschnitt aus:
730 2880 1548 2997 Neue Preussische Zeitung, östin
362 2973 820 3068 vom: AESLe 1903
667 3054 1261 3133 Theater und Musik.
798 3128 1103 3192 Lessingtheater.
462 3167 1572 3232 „Zwischenspiel“. Komödie in drei Akten von Arthur
328 3226 1234 3286 Schnitzler. Neu einstudiert den 2. September.
447 3238 1571 3312 Die neue Einstudierung von Arthur Schnitzlers „Zwischen¬
333 3307 1568 3355 spiel“ begrüßen wir insofern gern, als es den Künstlern des
331 3338 1562 3389 Lessingtheaters ausgezeichnete Gelegenheit bietet, gerade die
327 3381 1564 3426 besondere Stärke ihrer Kunst zu zeigen. Hier ist nämlich
326 3414 1567 3465 die mit ganzer Seele, mit allen Sinnen und mit jedem
328 3456 1573 3506 Nerv erlebte Empfindung bedeutender moderner Menschen darzustellen.
338 3501 1570 3548 Das Stück enthält kaum eine äußere Handlung, sondern bietet
333 3531 1569 3591 seigentlich nur Seelenerlebnisse in schöner Sprache. Frau Irene
338 3568 1568 3627 Triesch mit ihrer fast überfeinen Beweglichkeit bietet in solchen Auf¬
339 3609 1571 3662 gaben das Beste. Herrn Monnards Natürlichkeit und sein einfaches, doch
344 3654 1573 3717 sehr lebensvolles Spiel gaben dem Kapellmeister Amadeus sicher
332 3690 1582 3739 mehr gesunde Kraft, als ihm der Dichter zugedacht hatte, doch kann
333 3726 1576 3800 das als ein Vorteil gelten. Herr Monnard ist in dieser Rolle schon
340 3766 1574 3824 als Gast hier aufgetreten, und auch Frau Irene Triesch als Cäcilie
331 3807 1576 3861 und Herr Emanuel Reicher als Albertus Rhon sind ja bekannt. Herr
331 3827 1590 3904 Kurt Stieler war uns jedoch als Fürst Sigismund wie Fräulein?
333 3881 1576 3935 Mathilde Sussin als Frau Marie Rhon neu. Herr Stieler gab dem
333 3927 1572 3983 Fürsten Sigismund mehr Bedeutung als sein Vorgänger in dieser
331 3971 1590 4029 Rolle und machte durch eine ernste, vornehme Haltung die Figur be¬
1417 4002 1556 4047 I. m.
330 4010 516 4073 greiflich.
2693 1065 3075 1148 Telephon 12.801.
2726 1167 2960 1259 D
1982 1215 2222 1269 r
2217 1216 2841 1314 „OBSEHVEN
1996 1310 3084 1383 T österr. behördl. konz. Unternehmen für Zeitungs-Ausschnitte
2128 1348 2956 1448 Wien, I., Concordiaplatz 4.
2328 1433 2759 1507 Vertretungen
1996 1466 3067 1543 in Berlin, Budapest, Chicago, Christiania, Genf, Kopen¬
2001 1530 3077 1588 hagen, London, Madrid, Mailand, Minneapolis,New-York,
2043 1569 3029 1639 Paris, Rom, öan Francisco, Stockhelm, St. Petersburg.
2335 1612 2754 1678 (Quellenangabe ohne Gewähr).
1994 1667 2360 1735 Ausschnitt aus:
2157 1629 3105 1808 St St: Wohiner Zeitung am Mittege en
1995 1762 2133 1836 von
2001 1826 2130 1876 —
2185 1802 2981 1931 Kleines Feuilleton.
2332 1909 2807 1994 Heinz Monnard a. D.
2189 1961 3013 2041 Im Lessingtheater trat gestern Heinz
2139 2012 3007 2079 Monnard einen Teil der Erbschaft an, die
2150 2056 3015 2118 ihm Bassermann hinterlassen. Er soll zunächst
2151 2101 3004 2173 schon deshalb mit Freuden begrüßt sein, weil
2152 2134 3016 2222 seinem Eintritt in das Ensemble eine Wieder¬
2154 2180 3016 2260 aufnahme von Arthur Schnitzlers fein¬
2496 2230 3015 2290 überlegener Ehekomödie
2153 2238 2466 2308 nerviger und
2158 2280 3020 2342 „Zwischenspiel“ zu danken ist. Jeder An¬
2150 2331 3023 2385 laß, der ein Werk des größten lebenden Dra¬
2147 2370 3036 2428 matikers deutscher Zunge wieder auf die Bühne
2143 2403 3028 2461 bringt, ist hochwillkommen ... Monnards
2159 2449 3021 2513 schauspielerische Individualität geht glücklich
2150 2493 3032 2569 jedem Vergleich mit Bassermann aus dem Wege.
2152 2542 3040 2609 Er ist ein frisch zugreifender, überaus sympa¬
2153 2579 3048 2649 thischer, warmblütiger Künstler, der auf seinem
2152 2635 3042 2694 Pfade nicht Halt macht, um da und dort ein
2153 2680 3025 2731 Nuancenblümelein zu pflücken, und merkwürdi¬
2150 2715 3037 2778 gerweise mit seiner herzhaften Geradheit selbst
2160 2759 3032 2824 dieser komplizierten Ehemannsfigur, in der be¬
2162 2815 3043 2880 ständig allerlei subtilste Untertöne mitschwingen,
2159 2861 3037 2904 mit Glück beikommt. Monnard wird ohne Frage
2158 2882 3046 2966 inmitten von Brahms Leuten, unter denen er
2167 2939 3049 3003 schon jetzt nicht mehr als Fremder erscheint, sei¬
2170 2992 3048 3041 nen Platz mit Ehren behaupten. Glanzvoll
2168 3021 3054 3087 wirkten neben ihm gestern die Triesch und
2180 3061 3052 3133 Reicher, während Herrn Stieler für den Für¬
2176 3107 3047 3178 sten der wienerische Ton fehlt, ohne den diese
2177 3162 3049 3216 Figur ihrer besten Wirkung beraubt ist. Wenn
2182 3200 3051 3262 die Wiederaufnahme der geistvollen „Zwischen¬
2174 3242 3053 3309 spiel"=Komödie einen nachhaltigen Erfolg zu
2177 3293 3058 3346 erringen vermag, darf man neben Brahm und
2176 3340 3059 3397 seinen Leuten noch besonders das Publikum be¬
2191 3373 3060 3441 glückwünschen, das dann erwiesen hätte, daß es
2194 3416 3060 3485 mit den höheren Zwecken seiner Dichter gewach¬
2722 3461 3037 3526 ##, R. Sch.
2184 3478 2345 3547 sen ist.
