3484 4352
1936 177 3069 250 eigentlich ohnehin kein Mensch geglaubt hatte. Der Kapell¬
1954 233 3070 289 meister Amadeus Adams (Herr Kainz) und seine an
1327 211 1782 312 box 25/1
276 221 1247 329 20. Zuischenspiel
1959 277 3071 344 derselben Opernbühne wirkende Frau Cäcilie (Fräulein
1961 323 3071 371 Witt) haben sich ihr Zusammenleben ganz
1946 361 3073 420 eigenartig eingerichtet, so daß dasselbe das strikte Gegenteil
1952 412 3083 470 eines „Ehekäfigs“ ist. Sie haben einander gegenseitig unbe¬
1957 444 3087 500 dingte und vollständige Aufrichtigkeit zur Pflicht gemacht
1952 490 3088 543 und gleichzeitig haben sie offenbar auch stillschweigend
1949 536 3078 590 einen geheimen Vertrag geschlossen, der ihnen Freiheit in
2847 579 3079 643 esich als
1959 586 2779 634 jeder Beziehung garantiert. Und da
1965 623 2984 672 Wahrheitsfanatiker nichts verschweigen können,
2736 664 3086 724 weit, daß sie
1970 665 2613 719 sind sie denn eines Tages
2609 668 2716 719 so
1967 703 3085 763 sich nach siebenjähriger Ehe, der auch ein Söhnchen ent¬
1967 753 3091 803 sprossen ist, das Geständnis machen, daß ihr Verhältnis zu
1961 799 3077 853 Zweien auf dem besten Wege ist ein Viereck zu werden.
1966 841 3088 905 „Ihn“ hat eine Sängerin der Oper (Frau Kallina)
1966 881 3082 930 in ihre Netze gezogen und „sie“ glaubt ihrer Neigung für
1957 929 3061 983 den jungen Fürsten Sigismund Lohsenstein (Herr Korfs)
1955 968 3087 1024 nicht länger widerstehen zu können. Das peinliche
1967 1011 3081 1080 Gefühl, welches das gegenseitige Geständnis trotz
1959 1045 3077 1101 allem und allem anfänglich hervorruft, ist bald
1960 1100 3088 1160 überwunden und beiden ist zumute, als ob ihnen ein Stein
1963 1144 3093 1197 vom Herzen gefallen wäre. Und als dann gar erst noch der
1961 1191 3089 1255 Kapellmeister den Vorschlag macht, daß ja „trotzdem“ alles
1960 1232 3082 1286 wie bisher zwischen ihnen bleiben könnte — natürlich bis
1971 1277 3085 1332 auf das „eine“ — daß sie die gemeinschaftliche Wohnung,
1963 1314 3095 1364 die gemeinschaftliche Arbeit nicht aufzugeben brauchten und
1972 1368 3092 1434 sich beide am Besitze ihres Kindes erfreuen könnten, kommen
1970 1410 3087 1470 die Leutchen in eine kreuzfidele Stimmung, ja, es macht
1967 1449 3089 1502 den Eindruck, als ob sie es bereuen würden, nicht schon
1960 1497 3097 1561 längst so klug gewesen zu sein, als sie es von nun an sein
1964 1541 2110 1603 wollen.
2050 1574 3092 1628 Natürlich zeigt es sich schon im zweiten Akte, daß
1969 1624 3082 1682 eine „Freundschaft“ zwischen Mann und Frau, wie sie sich
1964 1666 3084 1740 der Kapellmeister und seine Frau gedacht hatten, praktisch
1964 1714 3089 1765 ein Ding der Unmöglichkeit ist. Amadeus Adams findet,
1970 1761 3091 1809 als seine Frau von einer Tournee schöner als je zurückkehrt,
1967 1804 3099 1854 daß es nicht die Freundin, sondern das Weib war,
1972 1845 3086 1897 dem sein Herz beim Wiedersehen stürmisch entgegenpochte,
1965 1901 3093 1946 und eifersüchtiger als früher forscht er nach allen Einzel¬
1972 1930 3092 1984 heiten ihrer Erlebnisse da draußen in der Welt. Und
1976 1971 3105 2033 schließlich kommt er zur Ueberzeugung, daß er die, die ihm
1968 2015 3097 2072 zur Kameradin hätte werden sollen, mehr liebt als je
1968 2058 3089 2126 zuvor. Und da vollzieht sich in ihm etwas ganz Eigen¬
1966 2108 3097 2155 tümliches. Das Verhältnis seiner Gattin zu dem
1965 2150 3087 2197 Fürsten, das er bisher geduldet hatte, erscheint ihm plötzlich
1960 2193 3097 2250 unsittlich und an seine Ehre greifend und indem er von
1967 2238 3099 2282 den selbst aufgegebenen Gattenrechten wieder Besitz ergreift,
1974 2275 3095 2339 faßt er den Entschluß, den Fürsten vor seine Pistole zu
1963 2330 3100 2380 sordern. Doch dieser kommt ihm zuvor. In einer vom
1967 2361 3087 2429 Anfange bis zum Ende parodistisch wirkenden Szene
1963 2401 3091 2475 erscheint Fürst Sigismund, um beim Kapellmeister
1965 2456 3103 2518 sum die Hand seiner Frau zu werben, da er der alle mehr
1971 2496 3105 2550 oder weniger kompromittierenden Situation ein Ende
1961 2533 3084 2587 machen will. Die Gutmütigkeit des jungen Mannes ent¬
865 2553 1948 2652 Theater, Kunst und Literatur.
1954 2582 3096 2632 waffnet den zornigen Kapellmeister und als er schließlich
1968 2626 3088 2683 erfährt, daß sich zwischen dem Fürsten und Cäcilie bisher
851 2624 1202 2722 dun u
1200 2634 1596 2731 „Zwischenspiel.“
1970 2672 3101 2730 „nichts“ ereignet habe, ist der gute Amadeus der Glücklichste der
855 2705 1907 2765 (Komödie in drei Alten von Arthur Schnitzler.
1984 2716 2210 2781 Sterblichen.
856 2760 1974 2818 Zum erstenmal aufgeführt im Hofburgtheater am
2057 2750 3095 2820 Der Beweis, daß es zwischen den Geschlechtern
1289 2795 1548 2860 12. Oktober.)
1976 2808 3106 2861 nur Liebe und keine Freundschaft geben könne, wäre also
937 2830 1968 2894 Gestern hat das Publikum, zum größten Teile wohl
1986 2854 3098 2906 erbracht: Quod erat demonstrandum. Aber ein derartiger
848 2880 1974 2937 auch das, das in Herrn Dr. Artur Schnitzler den größten
1980 2889 3096 2957 Abschluß des Dramas wäre dem „Modernen“ Schnitzler,
857 2936 1967 2986 lebenden deutschen Dramatiker zu sehen gewohnt ist, mit
1978 2943 3101 2994 der übrigens seinen Helden einen völlig unmodernen
861 2978 1958 3030 sehr gemischten Gefühlen dem Heimweg aus dem Burg¬
1978 2984 3101 3029 Monolog halten läßt und zu Rührmitteln Zuflucht nimmt,
865 3022 1963 3074 theater angetreten. Auch diejenigen, welche die dreiaktige
1976 3022 3094 3087 die der dramatische Kodex unserer „Neuen“ strengstens ver¬
865 3064 1967 3107 Komödie „Zwischenspiel“ für eine der glänzendsten Talent¬
1983 3070 3104 3120 pönt, doch gar zu hausbacken erschienen. Er machte sich
869 3109 1965 3162 proben des Autors erklären werden, dürften gestern das
1978 3115 3105 3172 daher ein Extravergnügen daraus, auch noch diejenigen,
867 3149 1969 3205 Gefühl nicht losgeworden sein, daß man sich einen läppischen
1975 3161 3097 3211 die sich über das „Ende gut, alles gut“ gefreut hätten,
862 3194 1974 3238 Scherz mit ihnen erlaubte, daß man sie ganz einfach in
1989 3200 3103 3250 aufsitzen zu lassen. Als nämlich der Kapellmeister seine
864 3240 1976 3296 unverschämter Weise gefoppt hat. In einem der Wiener
1980 3247 3106 3297 Frau reuig und liebevoll, als ob sich gar nichts ereignet
863 3291 1963 3342 Varietes produziert sich gegenwärtig ein Mann, der wunder¬
1976 3289 3109 3351 hätte, in die Arme schließen will, könt ihm ein entschiedenes
863 3328 1964 3384 hübsche Seifenblasen hervorruft, dann mit denselben äußerst
1977 3339 3107 3393 „Nein“ entgegen. Cäcilie kann jetzt nämlich nicht mehr für
861 3372 1975 3418 geschickt jongliert, um schließlich dem bunten Gaukelspiele
1983 3383 3103 3431 sich bürgen. Bisher hat sie, trotzdem sie es so bequem gehabt
862 3412 1971 3470 durch ein leichtes Pusten ein plötzliches Ende zu bereiten.
1986 3428 3096 3477 hätte, zu fallen, allen Versuchungen widerstanden, in Zu¬
858 3470 1974 3511 Ganz ähnlich hat es Schnitzler gemacht. Immer wieder
1979 3459 3110 3512 kunft aber wird sie es, dessen ist sie sich bewußt, nicht mehr
859 3507 1975 3566 glauben wir, daß sich nun doch endlich eine ernsthafte
1974 3509 2292 3564 können. Und
2287 3505 3107 3583 so gehen denn die beiden schließlich
865 3551 2431 3597 Handlung aus den endlosen Dialogen entwickeln werde, doch noch auseinander.
2057 3595 2151 3655 Es
866 3590 1978 3653 wir sehen auch bereits hier und dort ernste Konflikte sich
2761 3571 3103 3662 Lob der Dar¬
2146 3595 2305 3660 kann
2339 3583 2744 3658 als das höchste
864 3644 1968 3689 bilden, aber im letzten Augenblicke ist es immer wieder
2766 3631 3105 3693 dasselbe nicht
1986 3619 2745 3706 stellung des Stückes gelten, daß
871 3681 1969 3736 nichts. Und so folgt Szene auf Szene, Akt auf Akt, der
1988 3688 3103 3743 ausgelacht und ausgepfiffen wurde. Manchmal war
864 3721 1976 3776 Vorhang fällt zum letztenmal und die Leute sehen sich
2749 3722 3099 3780 sehr kritische.
1980 3724 2756 3784 die Situation ohnehin schon eine
864 3763 1980 3809 gegenseitig an und wollen es doch nicht zugeben, daß man
1990 3769 3100 3822 Das Publikum des Burgtheaters hält aber auf Disziplin und
1259 3811 1756 3866 lustig gemacht hat.
1125 3812 1250 3862 sie
865 3805 1129 3870 sich über
1750 3813 3109 3872 Es ist dann waren ja auch so viele da, auf die sich Herr Schnitzler
1114 3843 1973 3920 eigentümlicher Trick, auf den der
876 3855 1118 3911 ein ganz
1989 3862 3099 3913 unter allen Umständen verlassen konnte. Fräulein Witt
1074 3875 1145 3940 6
1547 3892 1973 3955 diesmal verfallen.
1122 3899 1236 3956 des
1276 3894 1499 3954 „Reigens“
867 3897 1076 3961 „Dichter“
1982 3900 3102 3942 vermochte der Gestalt, die sie schuf, sogar einen Schimmer
872 3948 1974 3998 ist. Er hält die anderen und sich selbst durch drei Stunden
1987 3949 3109 4005 von Wahrheit zu verleihen, Herr Kainz bemühte sich in
875 3988 1967 4042 zum besten und verlangt dann von uns, daß man das
1988 3988 3096 4035 derselben Richtung. Auch alle anderen waren brav und
865 4032 1967 4083 als ein Theaterstück ansehe. Und niemand Geringerer als
1983 4031 3099 4085 tüchtig, insbesondere Frau Kallina und die Herren
859 4071 1975 4118 das Wiener Hofburgtheater gibt sich dazu her, für derartige
1982 4078 3103 4148 Korff und Treßler. Zum Schlusse klang das Zischen
2954 4121 3066 4169 1—
865 4117 1979 4170 dramatische Clownspässe die Manege zu sein. Wir haben uns
1981 4113 2440 4172 schon ziemlich energisch.
