3436 4352
1381 198 1836 298 box 25/2
310 210 1243 303 20. Zuischensniel
1305 1625 3416 1697 1 wicklung hat dann nicht seine künstlerischen Wesensseiten! schon zähmen. Und nun prallen in der scène à faire! rühm
3289 1676 3403 1728 an.
2310 1681 3295 1738 die gegensätzlichen Meinungen aufeinander. Raphael reißt
1319 1693 2307 1744 vertieft. Die Zustandsmalerei machte sich immer uner¬
361 1663 1067 1807 1/0. Feuisleton.
3294 1719 3412 1778 diesen
2313 1716 3298 1792 die Mauern des mosaischen Gedankenghettos ein, aber
1324 1747 2306 1796 quicklichr breit; das Temperament schrumpfte ein; und
3291 1767 3419 1823 Kuns
2308 1766 3296 1832 er stürmt auch gegen das christliche Ideenschutzzallsystem
379 1755 1048 1865 Ge### Berliner Theater.
1325 1779 2299 1864 die leidige Tendenz wurde ihm mehr und mehr Selbst¬
3299 1811 3417 1863 Erin
2303 1807 3289 1887 an, um einen höchst nebulosen Pantheismus oder viel¬
474 1812 1129 1908 Von Dr. Max Meyerfeld.
1327 1834 1465 1907 zweck.
3286 1850 3409 1909 Nove
2309 1866 3288 1914 mehr eine auf allgemeine Menschenliebe gegründete Re¬
1385 1844 2307 1921 All das spiegelt sich in seinem jüngsten Trauerspiel
782 1876 885 1944 III.
3296 1899 3416 1954 Franz
2317 1902 3287 1961 ligionslosigkeit mit Elan hinauszuschleudern. Ghetto,
1323 1910 2300 1981 „Ghetto“ dem zionistische Studenten (mich schaudert!
699 1916 937 1994 Mosaik.
3294 1946 3410 1999 eine
2311 1941 3291 2016 Einengung, Absperrung ist ihm nicht nur der Glaube
922 1947 1297 2023 Anfang Dezember.
1320 1956 2305 2028 am Kleinen Theater eine widerlich spektakulöse Aufnahme
3292 1983 3423 2041 rende
2315 1994 3287 2051 seiner Väter, sondern auch jener anderen, die ihn ver¬
1319 2004 2299 2064 bereiteten. Die jungen Hitzköpfe gebärdeten sich rabiat,
381 2005 1322 2073 Im Grunde gehört der Holländer Hermann
3286 2026 3423 2085 eigen
2314 2038 3289 2090 höhnen oder mißachten, weil er als Jude geboren ist.
1320 2051 2307 2112 als ob ihre heiligsten Güter in den Schmutz gezogen
328 2049 1318 2114 Heyermans zu den Einwerkspoeten, an denen wir
3299 2076 3414 2131 Schr
2308 2084 3298 2140 Deshalb nimmt er von seiner Geliebten das hochherzige
1321 2092 2301 2147 würden. Und doch galt ihr Lärmen nur einer verwor¬
339 2101 1318 2159 lin Deutschland nicht gerade Mangel leiden. Er fing mit
3296 2121 3414 2170 eines
2308 2122 3298 2184 Opfer nicht an, als sie sich aus Mitleid mit dem alten
1332 2132 2301 2196 renen, abgestandenen Theaterei. Sie schienen besser zu
336 2148 1323 2205 der „Hoffnung auf Segen“ verheißungsvoll an. Seine
3296 2159 3418 2226 schau
2314 2161 3299 2229 blinden Manne bereit erklärt, zum Judentum überzu¬
1319 2177 2306 2236 wissen als der Autor selbst, was er eigentlich wollte.
336 2181 1316 2244 m#uralistiche Beobachtungsschärfe verblüffte. Wäle sie
3301 2207 3420 2271 wirkl
2314 2203 3294 2278 treten. Mit Schimpf und Schande jagt er sie fort, und
1320 2227 2308 2284 Denn sobald er durch den Mund seines Helden seine
372 2230 1321 2288 * Lustrum früher zu uns gedrungen, als der allein
3300 2254 3419 2307 näher
2302 2252 3300 2325 er selbst bleibt — bleibi, um womöglich zu guter Letzt
1322 2267 2299 2320 neue Heilslehre verkündet, wird er schrecklich geschwollen
328 2270 1321 2338 ##ig machense Naturalismus noch in seiner Sünden
2310 2310 3191 2381 doch noch die schwarzäugige Rebekka zu heiraten.
1320 2314 2305 2369 und — was fast noch schlimmer ist — peinlich unklar.
329 2325 1324 2378 Maienblüte stand: sie wäre wie ein Gipfel angestannt
2363 2321 3293 2399 Was soll das alles? fragen wir in tiefster Seele
1324 2358 2306 2411 Raphael Sachel heißt der junge Mann. Er ist in der
325 2361 1331 2416 schorden. Immerhin, er durfte als Nachzügler in der
3291 2368 3379 2451 die
2312 2393 3287 2440 uninteressiert. Wozu der Aufwand? Wozu die lang¬
1321 2397 2306 2459 stickigen Ladenluft eines Trödelkrams aufgewachsen und
324 2415 1317 2470 Kolonne mitmarschieren. Wertvoller als die umständliche,
3293 2403 3406 2486 es
2307 2430 3287 2488 atmigen Tiraden, die tönenden Phrasen? Hab' ich
1335 2456 2307 2499 der jahrhundertealten Tradition des starren Judentums
327 2462 1317 2509 quälende Milienschilderung war ein jäher Temperaments¬
3289 2476 3412 2533 Schi
2310 2470 3293 2540 Heyermans recht verstanden — und es ist keineswegs
1322 2485 2308 2542 längst entwachsen. Den blinden Vater verachtet er, weil
337 2499 1317 2548 ausbruch. Wie sich der jüngste Sohn einer Fischerwitwe,
3298 2521 3412 2576 süßen
2311 2518 3288 2593 leicht, sich diesen Bombast zu deuten —, so zielt er nicht
1330 2537 2302 2590 er betrügt, und sagt ihm das ins Gesicht mit einer Bru¬
336 2527 1323 2604 der den sicheren Tod auf den unbarmherzigen Wellen
3296 2564 3420 2620 wollch
2311 2564 3296 2631 allein auf das orthodoxe Judentum. Sondern er ver¬
1334 2581 2311 2632 talität, wie sie jüdischen Kindern im allgemeinen schwer¬
340 2586 1322 2633 vor Augen hat, verzweifelt an die Wände klammert, als
3291 2609 3407 2659 1 so da
2314 2609 3293 2669 wirft gleichermaßen die christliche Religion, die von
1324 2626 2311 2684 lich eigen ist. Als echtes, von der Melancholie gezeich¬
338 2631 1321 2683 sie ihn abholen wollen, wie er nach dem Leben jammert,
3299 2646 3405 2708 los
2320 2662 3292 2722 ihren Anhängern ebenso unbedingte Unterwürfigkeit ver¬
1328 2664 2306 2717 netes jüdisches Kind flüchtet er hinwiederum in seiner
339 2675 1324 2732 winselt, tobt, wie ihn die alte Mutter dann besänftigt
2313 2698 3293 2760 langt. Er will, daß sich zwei Menschen, die sich lieb
1335 2713 2305 2773 Herzensnot ans Grab der Mutter, wo er Blümlein
335 2718 1327 2767 und in das unentrinnbare Verderben schickt: das gehört
3276 2737 3384 2799 ist,
2315 2746 3290 2801 haben, auch ohne Gott oder mit einem Gott, wie ihn
1331 2755 2314 2817 pflückt. Vater und Tante wollen den seltsamen Schwär¬
331 2757 1321 2822 zu den stärksten Eindrücken der modernen Bühne und
3289 2784 3405 2839 und
2309 2787 3294 2849 keine der beiden Konfessionen kennt, vereinigen. Und
1334 2799 2308 2854 mer mit einer Glaubensgenossin verkuppeln, die drei¬
330 2809 1330 2859 ist schlechterdings unvergeßlich. Aber leider folgte noch
3306 2819 3421 2887 Nivch
2309 2843 3299 2897 weil das schlichte Dienstmädchen sich nicht zu so ver¬
1331 2841 2310 2901 tausend Gulden und eine gediegene Aussteuer in die Ehe
331 2856 1321 2905 ein vierter Akt, in dem der Dichter vom Tendenzler er¬
3293 2867 3410 2930 sich
2314 2875 3299 2925 stiegener Naturverehrung aufschwingen kann, erhält es
1323 2894 2305 2944 mitbringt, um ihn auf diese Weise zu fesseln; er aber
332 2895 1320 2950 drosselt wurde. Mit Knüppeln wurde auf die ver¬
3306 2920 3418 2972 biduch
2314 2924 3291 2985 kurzerhand den Laufpaß. Der abtrünnige Jude aber sinkt
1337 2929 2309 2994 hat sich insgeheim mit der christlichen Magd eingelassen
330 2935 1330 2995 brecherischen Reeder losg hauen, die mit Menschenleben
3300 2964 3406 3015 ler
2317 2963 3291 3023 dadurch zum Prinzipienreiter herab und wird einfach
1327 2984 2307 3031 und nennt sie vor Gott seine Frau. Da alles Zureden
336 2984 1332 3044 ein zum Himmel schreiendes Spiel treiben. — In nuce
3300 3001 3405 3061 das
2313 3014 3282 3070 lächerlich. Schlimm genug, wenn ein Ausor seinem
1322 3023 2307 3069 nichts hilft, wird schließlich der Herr Rabbiner bemüht:
338 3027 1320 3093 hatte man hier den ganzen Heyermans, mit großen Vor¬
2307 3050 3425 3138 1 Helden so grausam mitspielt. — Es bleibt die viel ge¬ vorle#
328 3066 2310 3130 zügen, doch auch mit bedenklichen Schwächen. Seine Ent= der wird mit seiner Talmudweisheit den Widerspenstigen
