3484 4352
878 274 934 333 1
1327 260 1798 348 box 25/1
299 270 1203 374 20. Zuischenaniel
816 950 1250 1049 Telephon 12801.
451 1045 1592 1119 Alex. Weigls Unternehmen für Zeitungs-Aussehnilto
1278 1114 1411 1195 264
646 1122 1330 1234 „OBSERVEN
457 1236 1589 1317 L. österr. behördl. konz. Bureau für Zeitungsberichte u. Personalnachrichten
643 1301 1419 1365 Wien, I., Concordiaplatz 4.
873 1360 1177 1427 Vertretungen
459 1407 1589 1469 in Berlin, Budapest, Chicago, Genf, London, New-Vork,
453 1462 1572 1515 Paris, Rom, Mailand, Stockholm, Christiania, St. Petersburg.
738 1502 1033 1588 (Quellenang
1010 1503 1604 1607 16 Geissel, Wien
457 1585 942 1663 Ausschnitt aus:
1063 1649 1361 1756 15 11. 1905
453 1684 644 1759 vom:
454 1742 639 1804 E2
780 1810 1559 1905 Wiener Theater-Rundschau.
1001 1879 1311 1950 Von Rudolphus.
675 1926 1754 2021 Ein heißer Novitätenkampf. Durchfälle sind an der Tages¬
559 1979 1747 2078 ordnung. Einen wirklich großen Erfolg haben wir noch immer
565 2029 1688 2098 nicht zu verzeichnen. Wir sind gedulllig und wollen warten.
667 2086 1757 2165 Im Burgtheater, wo leider noch immer Schleuther
566 2128 1753 2208 regiert, gab es bisher vier Neuheiten. Clemenceaus „Schleier des
564 2169 1749 2269 Glücks“ und Herviens „Rätsel“ zeigten sich recht unbedeutend.
566 2221 1743 2302 Clemenceau ist als Dramatiker zu breitspurig; er mag aber ein
550 2280 1738 2357 tüchtiger Politiker sein. Auf der Bühne versagt er. Der Inhalt
561 2318 1752 2398 seines Stückes liegt im Titel. Um das harmlose Stück interessant
547 2381 1738 2454 zu machen, läßt er es in China spielen und als Mandarin mußte
548 2422 1738 2490 der tränenbeladene Sonnenthal über die Bühne laufen. Hervien
553 2455 1731 2541 ist uns schon als Dramatiker bekannt. Diesmal kam der Akade¬
547 2517 1744 2572 miker mit einem zahmen Ehebruchsdrama, Zwei Akte lang wird
553 2570 1741 2640 das Publikum in Spannung gehalten, und als der Vorhang endlich
558 2610 1735 2696 fällt, weiß man, daß es kein langweiligeres Stück als dieses
543 2650 797 2716 geben kann.
646 2747 1731 2842 Nach langer Pause erschien Artun-Schnitzler im Burg¬
539 2807 1727 2885 theater. Man kennt ja die Gründe seiner Verstimmung, die nun
538 2867 1727 2941 scheinbar behoben sind. Also Schnitzlers neueste Komödie nennt
537 2919 1729 2968 sich „Zwischenspiel“, ist ein modernes Künstlerdrama und be¬
535 2942 1735 3034 handelt ein Eheproblem. Es muß nicht besonders betont werden,
543 3002 1731 3081 daß es ungelöst bleibt. Freilich hätte man erwarten dürfen, daß
536 3063 1734 3119 uns Schnitzler mancherlei Neues über die moderne Ehe zu sagen
540 3101 1734 3174 haben wird. Indes weit gefehlt. Ziemlich oberflächlich berührt
538 3151 1732 3224 er das Problem und beginnt mit einemmale zu geistreicheln. Der
529 3211 1725 3266 Aufbau ist gut. die Exposition setzt glänzend ein. Der dritte Akt
534 3252 1714 3324 hat Humor. Sogar wienerischen Humor. Der Dichter der „Liebelei“
526 3285 1719 3359 wird erkennbar. Doch das ist nur vorübergehend. Ein Prinz ist
535 3346 1723 3419 die beste Figur des Stückes. Die übrigen Figuren sind bloße
528 3382 1712 3445 Schatten, farb- und leblos. Der Kapellmeister, den Kainz meister¬
528 3421 1729 3497 haft, aber auch zu monoton spielte, ist eine Drahtpuppe. Doch
533 3491 1718 3559 was tut derlei. Das „Zwischenspiel“ ist angeblich ein Kassenstück
522 3549 1713 3631 geworden. Und so etwas ist für Herrn Schienther die Haugtsache.
1967 1134 2353 1213 Telephen 12801.
2150 1204 2823 1337 „OBSERVER
1972 1312 3091 1400 I österr. behördl. konz. Unternehmen für Zeilungs-Ausschnitte
2167 1387 2905 1455 Wien, I., Concordiaplatz 4.
2389 1451 2698 1518 Vertretungen
1966 1480 3084 1549 in Berlin, Budapest, Chicago, Christiania, Genf, Kopenhagen.
1974 1554 3093 1599 London, Madrid, Mailand, Minneapolis, New-York, Paris, Rom,
2157 1577 2928 1647 San Francisco. Stockholm, St. Petersburg.
2321 1622 2745 1691 (Quellenengabe ohnn Gewähr.)
1967 1677 2881 1773 Ausschnitt aus: Funken, Leipzig
2134 1760 2432 1858 25.11. 1905
1985 1815 2129 1863 vom:
1990 1881 3215 1960 Endlich wieder ein paar stärkere Eindrücke im Theater
1931 1933 3199 1999 empfangen. Sonst ist es ja immer so trostlos primitiv, wie
1914 1984 3214 2053 lwenn Erwachsene sich mühen zu Kindern zu sprechen. Alles
1915 2030 3206 2104 überdeutlich, die Farben grell, die Worte schreiend. Plakat¬
1914 2092 3203 2153 Psychologie. Nichts jämmerlicher als dann immer dazusitzen und
1926 2133 3214 2191 nicht zu begreifen, daß anscheinend erwachsene Menschen solch¬
1924 2190 3212 2250 kläglicher Dummheit nicht überdrüssig werden. Und immer¬
1925 2238 3212 2301 wieder brutale Verführer, edle Hilfslehrer, zerstreute Professoren,
1932 2287 3213 2342 schüchterne Asfessoren und semmelblonde Lyriker. Wenn man
1928 2337 3211 2402 dann plötzlich Schicksale wirklicher und gar noch kultivierter
1922 2382 3205 2439 Menschen sieht, erquickt das wie Gewitterregen nach Dürre.
1998 2433 3210 2500 Das „Zwischenspiel“ von Schnitzfer. Ehegatten, die
1927 2485 3213 2547 sich die Freiheit geben, und doch Kameraden bleiben wollen.
1934 2537 3215 2595 Nur vom Bett, nicht vom Tisch geschieden. Und aus ihren
1925 2583 3198 2643 Schicksalen quellen verborgene Wahrheiten, die nicht in geist¬
1924 2632 3213 2708 reichen Sentenzen abtropfen. Etwa: Aur die Frau hat das
1924 2709 3218 2782 Genie der Liebe:Sienacht ihrer Freihell in Wünschen,
1920 2755 3211 2809 der Mann in Taten Gebrauch. Wahrheit kann uns zum
1925 2800 3211 2871 Fluche werden und Betrug zum Segen. So seltsam ändern
1912 2843 3203 2913 uns die Erlebnisse, daß wir die Gleichen zu bleiben scheinen
1928 2898 3211 2958 und uns mit uns selbst betrügen können, unsere eigenen
1929 2948 3234 3023 Nebenbuhler werden. Verständnis ist nie in Worten, immer
1918 2993 3212 3080 nur im Schweigen . .. Das Stück selbst ist nicht zwingend
1920 3053 3217 3120 genug. Es ist nicht, wie schillernder Kritikerwitz meint, eine
1915 3101 3208 3176 Schreibtisch=Komödie, sondern die Komödie von Leuten, die
1918 3154 3209 3213 zuviel am Schreibtische sitzen. Doch es ist rein und führt
1917 3191 3219 3251 in Tiefen. Es tut so wohl, sich einmal verlieren zu können,
1927 3247 3017 3338 nicht auf der platten Oberfläche bleiben zu müssen..
