3532 4352
1338 280 1800 371 box 25/1
283 251 1279 375 20. Zuischensniel
2308 401 2736 474 1. Smteer. Nocor
1815 467 3235 533 die ja dann möglicherweise noch ein Anhängsel erhalten könnten. Ent¬
413 494 1822 560 eigene gewandte Technik für solche Episoden gemacht, die nie versagt.
1816 527 3048 606 schieden dürfte die Angelegenheit in der nächsten Woche werden.
403 553 1815 620 Vortrefflich war Herr Korff als junger Fürst; die österreichische
1931 542 3232 630 (Ein ungarisches Pferd in England.) Herrn N. v. Sze¬
407 614 1815 663 Pointe namentlich fand allgemeine Anerkennung. Neben Girardi sogar,
1824 598 3226 669 meres Farben wurden am Mittwoch in Leicester von dem zweijährigen
413 645 1825 701 wenn er einen blasierten Wiener Bürgerssohn spielt, ist diese Gestall
1815 653 3238 725 Aslau, einem bei W. Waugh im Traming befindlichen Ayrshire=Sohne, in
414 691 1819 750 beachtenswert. Herr Treßler (Albertus) war gut; nur störten
1825 692 3227 763 einem Maidenrennen auf den zweiten Platz hinter Mr. L. Neumanns
419 725 1817 794 Anklänge an Herrn Gregori. Er ist ein solcher Virtnose der Imitation,
1830 733 3239 812 Manuka getragen. Hinier dem Szemereschen Hengste kam die noch namen¬
409 764 1817 840 daß er selbst unbewußt hineinzugeraten scheint. Sehr ansprechend
1817 771 2869 866 lose Martagon—Arcadia=Stute vor neun anderen ein.
414 828 1826 894 spielte Frau Haeberle die ihr zugehörige Dame. Auch der hübsche
1931 800 3235 881 (Das 100.000 Kronen Herbstrennen.) Unier den 15 für den
1831 867 3226 926 Austriapreis stehengebliebenen Pferden, befinden sich drei Ausländer, die wohl
410 877 1825 933 moderne Salon, in dem gespielt wurde, bleibe nicht unerwähnt. Auch
1836 904 3234 963 nur aus Uebersehen des Termins im Rennen belassen worden sein dürften.
1562 921 1791 998 L. H—1.
420 925 805 999 er ist eine Rolle.
1820 934 3239 1016 Es sind dies Forminga, Erzherzog und Toreador II. Im Rennen verblieben
1834 974 3226 1038 also noch 12 Inländer, von denen noch höchstens drei im letzten Moment zurück¬
1834 1002 3229 1097 gezogen werden dürften. Man wird demnach im Austriapreis mit einem
935 1006 1352 1121 Sport.
1836 1049 3227 1128 Felde von mindestens 8, wahrscheinlich aber von 10 Pferden zu rechnen haben.
1931 1082 3232 1152 (Das Pardubitzer Mecting.) Aus dem Nennungsschluß für vier
1832 1114 3244 1185 Rennen unseres „Liverpool=Meetings“ läßt sich entnehmen, daß deutsche Renn¬
681 1134 1590 1223 Rennen zu Berlin=Karlshorst.
1831 1151 3241 1224 ställe ernstlich eine Erpedition zu unserem Steepler=Derby planen. Auf Tromfs
1830 1194 3238 1261 Erscheinen in dem 20.000 Kronen=Rennen hat man sofort nach Publizierung
521 1186 1818 1255 Der gestrige Renntag auf dem großen Berliner Hindernißplatzt
1830 1235 3247 1299 der Gewichte gerechnet. da es den Anschein hat, als wäre der Sieger der
420 1246 1815 1301 brachte in dem Hauptereignis, dem Deutschen Hürdenrennen, Herrn Feliz
1816 1277 3240 1344 Berliner Internationalen sehr gut im Gewichte. Nun haben Graf Frankens¬
422 1292 1820 1348 Simons Parnaß einen neuerlichen Sieg und als Dritter folgte in einen
1827 1305 3235 1378 berg. Rimeister v d. Kneesebeck und Herr v. Tepper=Laski auch
414 1340 1830 1388 Achterfelde Sir William. Parnaß war bekanntlich als Kandidat für
1834 1341 3246 1416 für den Kladruber Preis Engagements abgeschlossen und es läßt sich daraus
428 1373 1830 1433 unseren Preis von Schönau in Kottingbrunn erschienen und anfangs vor
1831 1379 3239 1454 wohl schließen, daß diese Ställe mit den ihren Pferden zudiktierten Gewichten
427 1415 1839 1476 seinem Trainer auch mit größtem Vertrauen bebacht. Die Reise mußt
1835 1409 3241 1488 in dem Hauptrennen des Tages zufrieden sind und die dort genannten Pferde
423 1451 1828 1523 ihn jedoch ziemlich mitgenommen haben, denn schon am Tage vor den
1827 1463 3239 1519 in Begleitung anderer nach Pardubitz schicken wollen. Beim jüngsten Nennungs¬
421 1502 1819 1558 Rennen ließ er bei der Arbeit die gewöhnliche Frische vermissen um
1832 1510 2845 1584 schluß wurden noch acht ausländische Pferde engagiert.
418 1547 1823 1611 tatsächlich versagte er auch in dem großen Rennen ganz, während ei
1943 1541 3244 1606 (Preis vom Kahlenberg.) Für das große Hürdenrennen des
419 1580 1824 1645 einige Tage später sich von besserer Seite zeigte und Zweiter zu Maduro
1832 1592 3237 1658 morgigen Tages dürfte es ein recht stattliches Feld am Start geben.
426 1638 1817 1683 wurde. Seitdem hat er in Deutschland Sieg auf Sieg gefeiert. In
1836 1633 3242 1703 Man rechnet mit zirka 8 Teilnehmern, von denen Nugommoro mit
429 1665 1831 1728 Kottingbrunn engagiert, jedoch nicht gelaufen, war auch Sir William
1834 1666 3246 1747 1½:1 Favorit ist. Seine Steuerung wird Williamson übernehmen.
421 1716 1826 1785 Parnaß siegte gestern mit anderthalb Längen vor Axel, den vier Längen
1827 1711 3239 1790 Ihi zunächst notieren Sphinx 2½, Tannhäuser 3 und der Stallgenosse
421 1753 981 1832 von Sir William trennten.
1837 1761 3239 1826 des Faoorits, Negomglen, 5:1. Außerdem rechnet man noch mit dem
547 1788 1830 1861 1. Preis von Rüdow. 1800 Mark. Distanz 3200 Meter. Herrn
1830 1818 2916 1882 Starten von Radius, Tompanka, Gombas und Futotüz.
437 1829 1832 1916 Kampfhenkels br. St. Hasta Erste; Gebrüder Niemetz' F.=H. Habebald
1948 1850 3249 1905 (Bravo eingegangen.) Einer der besseren Zweijährigen aus
439 1885 1834 1951 Zweiter, Landstreicher Dritter. — Totalisateur: 136:10. Platzwetten:
1837 1882 3246 1952 Charles Planners Stall, Bravo, ist plötzlich eingegangen. Graf Tassilo
449 1926 748 1994 2 und 30: 20.
1835 1915 3255 2000 Festeties erleidet dadurch einen nicht unbedeutenden Verlust und bei
535 1941 1836 2009 2. Preis von Fehrbellin. 2300 Mark. Distanz 3000 Meter.
1836 1981 3259 2047 Planner wird das kleine Häuflein, welches seinen Derbyjahrgang 1906
444 1982 1832 2051 leutnant Sufferts F.=St. Freundschaft Erste, Rittmeister v. Wuthenaus
1832 2021 2336 2107 umfaßt, immer schmaler.
435 2042 1833 2106 r. H. Jonak Zweiter, Schlingel Dritter. — Totalisateur: 66:10. Platz¬
1957 2058 3255 2125 (Foxterrierausstellung.) Die vom Oesterreichisch=ungarischen Foxterrier¬
429 2082 943 2141 detten: 66, 36 und 44:20.
564 2091 1837 2161 3. Deutsches Hürdenrennen. Preis 7000 Mark. Distanz
1833 2104 3249 2181 klub in seinem Klubheim, 2. Bezirk, Ausstellungsstraße 173 (Haltestelle der
1339 2144 1394 2184 Gr¬
1836 2131 3255 2217 elektrischen Straßenbahn) veranstaltete XIV. Spezialausstellung von Forterriers
437 2131 1838 2211 500 Meter. Herrn Simons dbr. H. Parnaß Erster, Herrn Strubes
1841 2168 3256 2245 schließt sich würdig ihren Vorgängern an und ist mit dem besten Materiale
508 2179 1837 2236 H. Axel Zweiter Sir William Dritter: Hochheimer, Fidelio, Emvereur,
1843 2204 3252 2281 Oesterreich=Ungarns beschickt. Der aus Englnd erbetene Richter Mr. John¬
439 2213 1844 2272 Palküre, Chic. — Totalisateur: 45:10. Platzwetten: 30, 30 und 34:20.
1838 2239 3265 2325 stone wird seine Arbeit nicht leicht finden. Den Ausstellern winkt aber bei der
543 2253 1847 2309 4. 3800=Rennen. Ehrenpreis und 4000 Mark. Distanz 5000 Meter.
454 2289 1845 2353 errn v. Tepper=Laskis hbr. St. Kirschblüte Erste, Herrn Wenckes
1843 2277 3269 2360 großen Zahl von Preisen, insbesondere der prachtvollen Ehrenpreite, die in dem
1285 2342 1851 2407 — Totalisateur: 14:10.
1846 2325 3255 2399 netten Klubheim eine Ausstellung für sich bilden, reicher Lohn für ihre züchteri¬
459 2329 1257 2407 r. St. Waldfee Zweite, Zahlmeister Dritter.
1852 2362 3265 2430 schen Bestrebungen. Die größten und schönsten Kollektionen haben die Zwinger
458 2366 976 2449 latzweiten: 22 und 24:20.
1704 2389 1851 2469 Herrn
1849 2407 3265 2480 der Frau Hauptmann Peller, Frau v. Szabo und Gustav Gridl ein¬
550 2391 1712 2460 5. Preis von Werne. 2000 Mark. Distanz 3500 Meier.
1846 2432 3269 2504 gesendet. Die Ausstellung ist heute und morgen von 9 Uhr vormittags bis
464 2441 1838 2505 Tepper=Laskis F.=St. Labar Erste, desselben F.=H. Quirinus Zweiter,
1857 2476 3259 2543 6 Uhr abends geöffnet. Heute wird beim Schliefen das mit zirka 1000 Kronen
463 2486 1844 2542 sländerin Dritte. — Totalisateur: 32:10. Platzwetten: 46, 66
1844 2525 3138 2585 1 dotierte Derby und morgen das Prinz Auersperg=Memorial entschieden.
459 2522 703 2592 nd 86:20.
542 2537 1843 2614 6. Preis von Wustermark. 2300 Mark. Distanz 4000 Meter.
2255 2575 2863 2649 Aus den Vereinen.
453 2582 1848 2660 zerrn Walters F.=St. Helena Erste: Leutnant Graf Kanitz' F.=W. Steuer¬
1944 2613 3259 2699 (Der gemischte Chorverein Edelweiß“) der Ersten
449 2634 1851 2687 iann Zweiter, Bellaiola Dritte. — Totalisateur: 53:10. Platzwetten:
455 2677 813 2749 6, 32 und 44:20.
1851 2673 3256 2736 österreichischen Jutespinnerei und Weberei in Wien, unter dem Protektorate
1840 2696 3263 2786 des Generaldirektors Robert Prause, veranstaltet Samstag, den
555 2719 1849 2797 (Extrameeting in der Freudenan.) Wie ein deutsches Fachblatt
1844 2751 3266 2834 11. November in den Pracht=Eichensälen, Favoritenstraße 71, sein achtes
445 2776 1850 2844 berichtet, wird es in diesem Herbste ein längeres Extrameeting) geben als
1847 2818 3266 2875 Gründungsfest und bringt außer Chören von Engelsberg, Koschat, Storch,
432 2834 1858 2894 in den letzten Jahren, und zwar will die Sportzeitung wissen, daß die
444 2877 3254 2931 Novemberrennen sechs Tage umfassen und bis 12. dieses Monates dauernRichard Wagner, als Neuheit den Chor „Zauber der goldenen Wachau“
1854 2875 3269 2955 von Hermann Quiquerez und als Vorfeier zum 150. Geburtstag W. A.
431 2906 1853 2968 sollen. Wir können demgegenüber mitteilen, daß ein fester Beschluß in
1833 2929 3273 2995 I Mozarts das Singspiel „Der kleine Mozart“ von Hermann
432 2946 1848 3020 dieser Beziehung überhaupt noch nicht gefaßt ist, daß man aber vorläufig
442 3008 2784 3053 ebenso wie in den letzten Jahren immer mit drei bis vier Tagen rechnet, Quiquerez, unter dessen Leitung zur Anfführung.
866 3045 1099 3106 ge
458 3059 575 3117 P
2739 2982 3086 3118 Kanbilsiches
1889 3139 2369 3231 Rensatien!
3176 3160 3254 3221 —
638 3144 1905 3235 Amerigantsene Renune Nachen
2521 3204 3285 3286 in Steiermark, Bahnstation, Um¬
1876 3206 2539 3297 Damen-Stiefel SOROSIS
433 3225 1273 3318 Herren-Stiefel WALK-OVERE
2523 3253 3270 3308 gebung Graz, zirka 400 Joch in
1202 3267 1847 3350 und die Fehler der Beschuhung.
2536 3287 3268 3357 hoher Kultur nehende Aecker und Wiesen,
2555 3335 3284 3405 Nadelholzwald mit folgenden Alters¬
1151 3357 1904 3429 Wir zeigen in diesen Bildern den
2556 3364 2734 3442 klassen:
2849 3388 3200 3472 75= bis 85jährig
2625 3399 2850 3478 103 Joch
1159 3405 1884 3474 Unterschied zwischen der richti¬
2647 3455 2721 3496 45
2857 3447 3101 3508 35= „ 60
1173 3450 1874 3526 gen und falschen Beschuhung,
2415 3475 2473 3523 (50
2050 3400 2158 3545 95
2868 3452 3289 3557 15= „ 25 „ 102
2653 3480 2798 3551 31 „
2317 3465 2496 3562 ∆ 81
517 3507 641 3584 W
634 3494 764 3588 7
2667 3524 2744 3590 4
2018 3522 2186 3593 5.4 0
2550 3536 3276 3627 Schloß, Meierhof, Inventar, Vieh¬
2273 3554 2495 3659 PU
638 3573 708 3644 84
2557 3596 3282 3663 stand, eigene Jagd und Fischerei,
2556 3631 3288 3684 wird um 200.000 fl. verkauft.
2554 3672 3276 3736 Richard Patz, Wien, Margaretheu¬
3141 3711 3287 3777 2382
2558 3703 2767 3784 straße 5.
2586 3724 3260 3875 Sehr hübscher
2616 3981 2785 4070 D
3012 3869 3226 4087 itz
2553 4083 3279 4164 Kärnten, 15 Min. Gehweg Stadt und
2571 4119 3290 4195 Eilzugsstation, 45 Joch, stockhohes
2282 4138 2463 4193 Richtige
2001 4145 2176 4202 Falsche
1581 4149 1755 4214 Richtige
1323 4145 1487 4213 Falsche
937 4171 1096 4215 Richtige
552 4171 739 4235 " Falsche
2269 4169 2505 4225 Beschuhung
2563 4167 3285 4227 Herrenhaus mit Glasveranda, hübschen
1963 4173 2213 4236 Beschuhung
1283 4176 1793 4231 Beschuhung Beschuhung
884 4173 1128 4246 Beschuhung
559 4193 754 4248 Beschuhung
