3436 4352
1328 226 1764 317 box 25/1
261 232 1176 350 20. Zwischenspiel
202 1426 968 1528 Mum PELRR
1015 1428 1200 1526 HTETLATRA
200 1520 1627 1596 Gipfeln der amüsant sein könnte, wenn es im Schwanktempo vorüber¬
192 1581 1629 1647 ins Tal der sauste, was aber so, in seiner langsamen, sublimen Wichtig¬
457 1631 903 1713 tuerei maßlos fad ist.
190 1643 456 1713 ug reizvolle,
565 1689 1619 1753 Um das Junige, rein Menschliche seines Ehepaares
187 1695 460 1768 sind, um sich
180 1742 1615 1806 h. Was man stärker fühlen zu lassen, macht der Autor beide zu Künstlern.
456 1779 1625 1851 Da hat er, in der gemeinschaftlichen Kunst, ein bindendes
192 1794 449 1857 Es gibt keine
456 1819 1637 1898 tertium medium zwischen den zwei Seelen, das er nicht
191 1840 433 1903 Eine Dauer¬
463 1876 1632 1941 erst viel zu erläutern braucht. Amadeus und Cäcilie —
204 1889 445 1958 in sich hat,
193 1934 1621 2009 ferstehung zu die Namen schon sind feucht von Musik. Wenn man sie
454 1973 1637 2036 auf Löschpapier legt, machen sie einen melodischen Fleck.
185 2032 1627 2093 kethoden, sich Und weil im Stück soviel von Musik die Rede ist, von
194 2078 1636 2157 schaft zu er= Symphonien und Tonarten und Liedern und Instrumentation
451 2131 1621 2185 und Brahms und Wolf, soll einmal von dem Massen¬
214 2138 447 2203 An jenem
199 2186 1636 2248 fessen. Das einbruch der dramatischen Dichter in die Musik gesprochen
192 2216 1632 2300 fritten Akt die werden, den wir jetzt miterleben. Nun freilich, ein guter
189 2263 1633 2344 gestattet hat, Nothelfer ist die Musik. Wenn aus den Worten der
193 2332 1628 2386 wollte. Ich Dichter nicht jener Duft sich herausbeschwören lassen will,
194 2367 1629 2436 en Sieg der der die Seele der Hörer sanft betäubt und sie leise in die
196 2435 1636 2488 zipien kennen Ergriffenheit hinüberdrückt, die der Autor braucht, dann
192 2470 1621 2538 #it, also als stellt man ein wenig Musik wie ein Räucherkerzchen auf
457 2513 1633 2582 die Bühne, und gleich ziehen Wolken von Stimmungs¬
199 2530 450 2600 weiten ließe;
189 2564 1636 2640 Ihrer ganzen parfüm über die Szene und in den Zuschauerraum. Beim
194 2614 1631 2680 trliebten Gier Aktschluß wird einmal immer musiziert. Zu Ende des ersten
194 2660 1637 2737 fühlt, daß er Aufzuges im „Zwischenspiel“ wird ein beziehungsreiches
193 2712 1640 2777 denen Cäcilie Brahms=Lied gesungen: dreimal setzt die Sängerin ab,
194 2760 1638 2834 fühlerei, die dreimal beginnt sie wieder. Das Publikum wird förmlich
209 2833 1644 2871 ist, als ich gezwungen, den Stimmungstrank tropfenweise einzuschlürfen.
454 2861 1632 2929 Und dieses ausdringliche Spiel mit den Terminis der
209 2872 448 2938 stantibus,
191 2907 1637 2980 witzige Räso= Musik! „Ja, ein Capriccio,“ sagt der Kapellmeister von seinem
187 2957 1628 3035 korien durchs Stück, vielleicht ein „Capriccio dolorosoe. Wie rührend!
196 3014 1629 3074 verstecken sich Auf einmal haben die Wiener Literaten das Musikalische
193 3056 1636 3125 schen Trug=in allen Gliedern. Aber man merkt allzu deutlich die
204 3116 1633 3171 1 mit ihren sentimentale Oberflächlichkeit ihrer Beziehungen zur Welt
199 3156 1634 3219 inander mit der Klänge, die ihnen zu nichts anderem taugt, als dazu,
191 3197 1636 3274 Autors nicht den Zuschauer mürbe zu machen, wenn die Hammerschläge
211 3255 1643 3322 Ironie, der der eigenen Ideen und die Melodie der eigenen Worte das
199 3303 1639 3376 st, und wo er nicht vermochten. Man muß das schon ein Schmarotzen an
207 3352 1655 3447 is alles ganz den Wirkungen der Musik nennen. Nichts ärgerlicher, als
1792 1492 2976 1581 wenn irgendeine geistlose Komödie ihre platte Visage mit¬
1795 1547 2496 1617 der Totenmaske Beethovens deckt.
1910 1565 2977 1654 Wie konnte ein so espritvoller und an zarten Ein¬
1789 1656 2970 1698 fällen überreicher Poet wie Schnitzler einen derart uner¬
1797 1686 2982 1756 träglichen Kaffeehauswitzling mit Allüren der falschen Ueber¬
1784 1740 2981 1806 legenheit und antiquiertesten Metierspäßen auf die Bühne
1798 1803 2978 1853 lassen? Wie konnte ein so theatererfahrener Mann und
1798 1843 2981 1907 feiner Geist wie Schnitzler diesen Dialog des „Zwischen¬
1795 1889 2980 1951 spieles“ für möglich halten? Ein Dialog, der durch und
1797 1942 2980 2007 durch von jenem tödlichen Fehler infiziert ist, den ich die
1791 1986 2977 2055 Bereitschaft der Argumente nennen möchte. Die
1791 2037 2978 2094 Menschen haben alle ein beispielloses Bewußtsein ihrer
1792 2080 2981 2151 selbst, tropfen über von lauterster Klugheit und theoreti¬
1798 2113 2979 2206 sieren sich mit einer gespreizten Beredsamkeit, die von Un¬
1796 2167 2975 2246 natur dampft. Dialoge, die fast zu dem Snobstil des
1794 2243 2982 2296 Zimmers passen, welches das Burgtheater um sie herum
1802 2287 2974 2348 gebaut hat. Wie Uebungen in einem Seminar für Ehe¬
1802 2326 2978 2400 standspsychologie hört sich das an. Auch bei Ihsen gibt es
1795 2383 2977 2450 in den letzten Akten solch feierliche, erkenntnisreiche Aus¬
1796 2422 2985 2489 einandersetzungen, wenn die Stürme sich gesänftigt, der
1786 2481 2964 2542 aufgeregte dramatische See sich zu äußerster Klarheit be¬
1804 2530 2968 2595 ruhigt hat, und man nun bis auf seinen Grund sehen, die
1802 2587 2967 2643 Geheimnisse seiner Tiefe mit den Blicken heraufholen kann.
1798 2629 2964 2694 Aber zu dieser Klarheit und Wahrheit, zu dieser Bereit¬
1797 2667 2969 2748 schaft der Argumente kommen die Ibsenschen Menschen
1796 2729 2975 2786 immer nur in den wirklich höchsten Momenten ihres Lebens.
1792 2781 2960 2839 Etwa wenn, vor dem Konkurs, die Bilanz eines Daseins
1793 2832 2970 2890 gezogen wird, oder wenn die Todesnähe ihren Blick mit
1806 2885 2511 2954 fast überirdischer Luzidität begabt.
1909 2924 2972 2988 Im ganzen: eine schwache Komödie. Böser als das:
1792 2964 2976 3037 eine arme Komödie. Fast könnte man zu einer schlimmen
1798 3023 2982 3103 Diagnose des Schnitzlerschen Talentes kommen. Ich glaube
1799 3067 2976 3143 selbst die guten Freunde waren ein wenig erschrocken.
1797 3121 2985 3189 Wie man erschrecken mag, wenn man von einem scheinbar
1791 3157 2986 3232 kerngesunden Menschen plötzlich hört, er spucke seit Jahren
1791 3215 2987 3267 Blut. Aber hoffentlich ist es nicht so arg. Eine vorüber¬
1802 3251 2991 3344 gehende Indisposition. Ein beiläufiges Zwischenspiel, ein
2754 3319 2931 3389 I. a. t.
1808 3323 2695 3394 Capriccio. Leider ein capriccio doloroso!
