3436 4256
278 129 1183 233 20. Zuischensniel
1337 118 1804 217 box 25/5
718 874 1155 951 (Onellen#neene ehne dew#l#s)
844 928 963 994 Saile
1142 907 1370 993 Chronik
411 947 790 1022 uescheitt aus:
998 990 1059 1061 Sa
406 1042 1025 1157 An: Z1 MEBZ1913
487 1151 1503 1247 „Das Zwischenspiel“, Komödie von Artur
420 1206 1499 1288 Schnitzlein bildete den Schluß des Münche¬
433 1248 1504 1336 ner=Gastspieles. Der Name des Verfassers und
434 1296 1499 1389 schneereiches Winterwetter hatten am Feiertag
426 1338 1498 1425 das Haus sehr stark gefüllt, aber mit großer
420 1394 1484 1477 Enttäuschung werden die meisten Besucher das
419 1443 1474 1526 Haus verlassen haben. Das endlose geistrei¬
422 1483 1488 1573 chelnde Geschwätz über die Freiheit von Mann
420 1545 1475 1617 und Frau in der Ehe ist selbst dann unerträg¬
418 1592 1486 1673 lich, wenn es von vorzüglichen Schauspielern
412 1634 1491 1710 gesprochen wird. Von packendem Interesse sind
416 1687 1481 1759 in der ganzen Komödie nur zwei Szenen: Der
407 1732 1484 1826 Schluß des ersten Aktes, von Dr. v. Jakobi
408 1793 1479 1870 und Grete Swoboda glänzend gespielt, und
396 1830 1475 1918 die Begegnung des Fürsten mit dem Kapell¬
395 1882 1471 1965 meister, ebenfalls glänzend gespielt von Doktor
394 1937 1475 2015 v. Jakobi und Viktor Schwannecke. Der
401 1979 1463 2062 Albertus Rohn fand bei Otto König ausge¬
402 2033 1466 2112 zeichnete Charakterisierung, soweit das bei die¬
393 2072 1478 2148 ser Figur möglich war. Als „Hoftheater“ be¬
395 2128 1463 2212 zeichnete man uns nicht nur wieder Ottilie
393 2169 1468 2260 Altherr, sondern auch Klara Hoffmann,
384 2213 1469 2307 svon der das „Deutsche Theater=Adreßbuch“ sagt,
399 2270 1462 2353 daß sie zum Schauspiel= und Operetten=Personal
397 2319 1468 2404 des (Sommer=) Tivoli=Theaters in Eisenach ge¬
395 2350 1462 2451 hört. Nach ihrer Gräfin Friederike zu urtei¬
396 2409 1444 2503 len ist diese Dame für unser Theater nicht ge¬
395 2465 1446 2551 eignet, trotz des eingeklammerten „Hoftheater“
434 2508 1451 2584 Wir führen diese Personalia an, um den hoch¬
388 2564 1451 2649 geschätzten Künstlern des Münchener Hofthea¬
390 2604 1449 2697 ters klarzumachen, daß sie uns in Zukunft nicht
379 2656 1451 2737 mit Mittelmäßigkeiten Hoftheater vortäuschen
386 2701 1447 2776 dürfen. Entweder sie bringen wirklich lauter
387 2757 1435 2831 echtes Hoftheater mit und dann sind auch er¬
376 2805 1445 2887 höhte Preise gerechtfertigt, oder sie kommen
382 2854 1443 2937 einzeln zu uns und fügen sich unserem
378 2896 1434 2985 Personal ein. Einen Kunsterfolg können wir
376 2939 1438 3043 ihr heuriges dreitägige Gastspiel nicht nennen.
1288 3018 1400 3074 dt.
2201 1522 2552 1595 elomungabe ohme Gowüas).
2126 1540 2173 1602 (
1811 1573 2772 1677 Ausschnitt aus: Sllzer Tagespost
1800 1680 2209 1757 vom: 30 3 137
2096 1757 2911 1839 seicht lannte, maßte Frad Lerach
1710 1790 2367 1851 für ejne Hofschauspielerin halten.
1791 1842 2328 1905 Am dritten Abend kam
2600 1820 2903 1904 t seiner ganz
1720 1852 2906 1932 Geeptionellen Komödie „Zwischensprerz Wörte. Ein
1719 1924 2893 1969 kapriziöses Spiel, das keinen Anspruch auf Realismus erhebt.
1721 1964 2895 2005 Eine Komödie, die als klassisches Schulbeispiel betrachtet werden
1705 2007 2892 2053 kann, wie man auch auf psychologischem Gebiete die un¬
1716 2046 2897 2094 möglichsten Dinge behaupten und auch einen Scheinbeweis dafür
1714 2066 2899 2132 erbringen kann. Menschen, die sich lieben, sagen sich, daß sie sich
1710 2109 2905 2167 nicht mehr lieben, um sich im nächsten Augenblick wieder vom
1711 2151 2898 2211 Gegenteil zu überzeugen. Menschen, die in Freundschaft leben
1714 2188 2906 2244 möchten, weil sie glauben, daß es mit ihrer Liebe zu Ende ist.
1717 2231 2898 2283 Nach dem ersten Schritt zur Freundschaft brennt es wieder
1713 2267 2906 2316 lichterloh in ihren Herzen auf. Aber sie haben kein Vertrauen
1717 2310 2900 2355 mehr zu dieser Glut und scheiden von einander. Im Leben wird
1711 2342 2892 2383 das wohl höchst selten vorkommen. Schnitzler hat diesen Fall
1724 2381 2890 2424 dramatisch glaubwürdig konstruiert. Es gehören Künstler ersten
1722 2422 2897 2476 Ranges dazu, dieser Problemfigur wirkliches und überzeugendes
1719 2449 2900 2497 Leben zu verleihen. Herr B. v. Jakobi und Frau Swoboda¬
1728 2490 2903 2537 haben dieses Kunststück in glänzender Weise zustande gebracht.
1728 2531 2898 2588 Frau Swoboda verfügt über eine imponierende Routine,
1721 2564 2905 2622 ihrer Intelligenz gehorchen die unzähligen Schönheiten des
1714 2608 2898 2657 Dialogs und leuchten auf in dem echten Glanze Schnitzlerscher
1725 2645 2915 2686 Aphorismen. Den Komponisten Adams spielte Herr Jakobi mit
1726 2678 2900 2750 Eleganz und Wärme und durchgeistigte, wie seine Partnerin,
1716 2708 2891 2773 durch die vollendete Art des Ausdrucks die blitzblanken Einfälle
1721 2758 2895 2803 des Tertes zu plastischer Erhabenheit. Alle drei Abende der
1713 2793 2888 2850 Münchener waren glänzend besucht. Man vergaß und verziehl
1719 2830 2897 2904 die Enttäuschung des ersten Abends ger# sberden vollendeten¬
1700 2859 2399 2944 Leistungen des weiteren Gastspiels.
2557 2898 2630 2951 W
