3532 4192
390 61 1283 134 zelingen als Schnitzler’s „Zwischensplel“ geckt,
381 89 1293 161 niet verleiden tot een korte inhoudsopauve
390 125 1297 199 van drie bedrijven; en des te minder waar
388 180 1284 231 hij hier zeif nauwelijks meer doet dan ont¬
389 226 971 276 leden, en ons twijfelend laat.
414 250 1301 309 Misschien is het eenvoudigst doordringen in
394 294 1283 364 dezen Schnitzler mogelijk wanneer men ze
399 339 1293 392 ziet ais de verhonding van twee niterst ver¬
393 383 1294 438 Tünge, egolstische, gecompliceerde kunste¬
398 414 1288 474 naarsfiguren, dezen componist Adams en ziin
402 450 1291 523 vrouw de zangeres Cäcilie, die meenen me:
399 500 1302 556 rede en overleg en waarachtige cerlijkheid de
409 538 1294 587 elementaire 'verhouding van man en vrouw
400 568 1313 638 te kunnen regelen. Die, na jaren van geluk.
404 610 1310 681 meenen in een vriendschap die voor den ander
404 648 1318 711 geen geheimen verzwiigt en jeder ziin per¬
409 676 1314 756 soonlijke vrijheid laat, een zuivere sfeer te##
412 719 1314 794 kunnen scheppen, vrij van alle troebelheid van
410 772 1306 824 bedrog En die deze poging zien mislukken
440 783 1322 871 Misschien, omdat zulk een vrijheid voor de
407 847 1324 906 vrouw andere beteekenis heeft dan voor den
399 881 1327 950 man; omdat wat voor den een avontuur voor
410 938 939 1001 den ander nleuw leven is.
442 946 1328 1022 Misschien omdat als de elementaire kracht
419 991 1318 1066 eenmaal door dit fiingesponnen moderne weef¬
416 1041 1319 1106 sel van hooggestemde voornemens heen breekt.
422 1079 1324 1142 het oude geweld, begeerte. haat, moordlust
414 1124 1323 1172 Iverschlint, dat eigenlijk slechts zoolang onder
416 1162 1314 1228 het undere verborgen lag. „Wären wij waar?
423 1198 1318 1266 vräagt Cäcllie aan het slot tragisch Waren
423 1237 1323 1305 wij niet eerlijker geweest als wij bitterder.
433 1295 1114 1349 harder, primitiever waren geweest?
460 1300 1334 1387 Schnitzler stelt hier telkens zulke, vragen¬
425 1355 1317 1419 aan ziin eigen flguren: hij stelt zelfs in den
427 1395 1323 1470 ironischen raisonneur Rhon zichzelf met com¬
411 1544 1311 1628 mentaar op stuk en figuren op de planken.
413 1600 1316 1664 Hij versmaadt zeifs bij monde van Rhon de
421 1641 1323 1705 eenvoudigste oplossing, verzoening om bei¬
415 1677 1334 1745 kind, als theatraal. Kortom hij compliceert
419 1730 1334 1790 tot bet uiterste ziin uit den aard gecompli¬
410 1773 658 1830 ceerde stof
455 1777 1319 1849 Door als zijn beide hoofüfiguren kunstenaars.
419 1840 1336 1906 te kiezen, die in hun werk een uitweg vinden
420 1882 1325 1938 kunnen, stelt hij ziin vragen nog specialer;
418 1918 1324 1982 en 200 er cen oplossing aanwezig is, dan ware
417 1950 1325 2018 het deze dat Adams, heengaande, ziin vrouw
526 1992 1345 2061 voor haar geschreven partituur op den
426 2016 522 2060 de
432 2028 1250 2101 vleugel ligt en dat zjj ze zingen zal.
454 2064 1340 2138 Men kan van dezen Schnitzler houden of niet
434 2110 1327 2178 houden: de uiterst füne psrchologische ont¬
432 2153 1342 2211 leding, de hoogte waarop hij ziin problemen
435 2188 1340 2254 stelt, de prachtige tegenstelling' van wat deze
435 2225 1342 2308 problemen voor den man anders doet ziin dan
442 2266 1352 2335 voor de vrouw: dat alles boeit ons met ziin
437 2314 1342 2384 Ispel van schakeering en innerlijke handeling.
431 2346 1349 2425 in een goede opvoering als deze Vooral Vera
445 2388 1362 2463 Bondam gaf reeds in het eerste bedriff zeer
454 2434 1364 2485 zuiver die sfeer van onderlinge verwijdering.
451 2466 1354 2530 waaronder de liefde toch nog sluimert, en mo¬
455 2497 1352 2564 zeljjk opnieuw bloeien kan; zij wist ook later
451 2542 1351 2598 met kleine, zekere toetsen de schlinbare on¬
450 2576 1358 2655 herroepelijkheid van de breuk te geven: 21j
461 2615 1362 2700 gaf ons die primitieve zuiverbeid van de vron¬
465 2660 1368 2729 welijke natuur, die rede en theorie te boven
453 2702 1362 2785 gaat, en die eigenlijk in dezen Schnitzler ons¬
456 2734 1364 2801 eenige vaste steunpunt is. Laseur maakte Ama¬
466 2773 1365 2838 deus Adams tot een nobele, met zichzelf strij¬
457 2808 1374 2895 dende figuur, doorwerkt en menschelljk, vooral
459 2852 1366 2928 #treffend waar ten slotts jaloezie en bartstocht
448 2893 1373 2975 de overhand krügen op zün eigen redelhjke
474 2944 1007 3011 redeneering en #elfbedrog.
498 2971 1378 3046 En zo0 ging deze tocht van de vriendschap
473 3007 1371 3084 langs den afgrond der liefde, waarbij strui¬
481 3049 1364 3111 kelen onvermijdelljk schint, ons in al haar
471 3101 1133 3172 hopeloosheid en nuances voorbij.
512 3123 1386 3199 Toch ziln er hier gidsen: de eenvoudiger¬
474 3163 1390 3247 naturen van Sigismund en Marie Rhon, waar¬
485 3207 1395 3274 van Cruys Voorbergh voortreffelljk den eerste.
486 3245 1382 3312 speelde. Toch schijnt het niet onmogelijk dar
483 3291 1390 3353 Schnitzler na deze mislukking een herstel had
488 3323 1366 3394 kunnen geven, na die struikeling ecn opstaan..
491 3370 1162 3437 maar hij beslist daaromtrent niet.
516 3394 1386 3465 Zjn raisonneur en woordvoerder Rhon, die
494 3442 1375 3507 Verbeek wel minder hard, en dieper, had kun¬
489 3489 1389 3551 nen spelen, verdwüint voorzichtig als hij aan
493 3524 1399 3599 hei slot Cäcilie in haar verdriet ziet Eu 200
489 3555 1401 3628 gaat bet ons: eerbiedig voor wat hier met
500 3593 1392 3672 groote füinheid ontleed is, verlaten wij Schnitz¬
499 3637 1403 3706 ler’s „Intermezzo“: een stuk zonder slot; maar
499 3677 1391 3756 een motief dat blifft naklinken: Capriccio do¬
494 3743 720 3801 loroso
782 3742 1394 3829 J. W. F. WERUMETS BUNING
511 3812 866 3874 (Nadruk verboden).
511 3914 1416 4000 Louis van Tulder in „Oedipus Rex''te Dresden.
546 3972 1420 4051 S-GRAVENHAGE. 5 Febr. — Vridag fl. is in
486 4022 1410 4089 Dresden cen uitvoering gegeven van het werk
519 4051 1414 4124 „Oedipus Rer“' zan Strawinsky. De titelrei
2655 105 2942 192 No 44
2069 163 2262 240 S
1928 180 2003 243 M.
1923 217 2936 323 HRGUS SUISSE ET INTERNATIONA“
2161 278 2743 360 DE LA PRESSE S. 4.
2057 311 2826 413 23, rue du Rhöne - Genéve
1947 365 2956 493 TAdr. télégr.: Coupures-Genèpe — Tél. Stand 40.0%
1945 448 2935 581 [Bureau International de coupures de journau
2083 507 2879 593 Traductions de et en toutes langues
1977 611 2962 733 Correspondants dans toutes les grandes villes
1963 782 2402 864 Extrait du Journai:
2768 804 2811 861 80
1977 890 2185 955 Adresse:
1986 999 2134 1061 Date:
2551 985 2896 1137 9
1947 1087 2181 1164 A —
2267 1196 2780 1273 Vereenigd Tooneel.
2523 1252 3052 1345 Intermezzo van Schnitzler.
2023 1362 2687 1420 Men schrifft ons uit Amsterdam:
2019 1361 3053 1450 Men kan zichzelf honderdmaal overreden, dat Schnitz¬
2002 1413 3066 1489 ler als tooneelschrijver verouderd is en dat zisn met
1996 1473 3057 1537 „woorden, woorden, woorden“ ontledende stukken in¬
1997 1494 3056 1568 gaan tegen alles wat wij op het oogenblik wan Fhet
2004 1541 3060 1606 drama verwachten — men moet honderdmaslerkennen,
1994 1577 3062 1654 dat hij over spanningen beschikt, die alleen met een
2001 1624 3010 1689 meesterlijk dramatisch inzicht zoo te bereiken waren.
2024 1643 3065 1724 Dit „Zwischenspiel“ is hier en daar een weinig ouder¬
2002 1676 3067 1773 wetsch geworden aan den buitenkant, in kunstgrepen
1990 1723 3067 1799 als het zingen van een toepasseljjk lied, waaronder het
2007 1775 3069 1839 gordiin op de eerste acte valt, het kind, dat aanleiding
1998 1802 3066 1874 is tot het zeggen van dingen, die zwaar van beteekenis
2001 1837 3068 1909 ziin; de heele, wat omslachtige, en verfinde schildering
2008 1887 3068 1956 van deze kunstenaarsentourage trouwens, waarin een
1997 1918 3065 1997 componist met een beroemde zangeres getrouwd is en
1996 1955 3074 2026 de librettoschrijver van zijn opera huisvriend en raison¬
2000 1983 3080 2067 neur is. Maar op de helft van het eerste bedriff heeft
1997 2062 2626 2120 men zich al gewonnen gegeven.
2041 2067 3067 2147 Schnitzler’s superioriteit als dramaturg ligt in de
2000 2111 3074 2192 woorden, die zelfstandig en actief de eigenlijke hoofd¬
1996 2147 3060 2225 rol vervullen: in het gewone „psychologische praatstuk“
1995 2194 3070 2256 is het te doen om het een of ander innerlijk conflict,
2007 2228 3068 2302 dat nu eenmaal in woorden opgevangen moet worden,
2012 2263 3074 2336 omdat de toeschouwer er anders niets van merken zou,
2006 2300 3085 2379 maar bij Schnitzler ligt het drama in het feit zelf, dat
2014 2351 3084 2408 er woorden noodig zijn en gezegd worden. En in de
2009 2383 3075 2459 wiize, waarop hij ziin terrein voorbereidt en ziin men¬
2010 2421 3078 2497 schen kiest, bewiist Schnitzler ziin grootheid als psycho¬
2013 2452 3082 2529 logisch kunstenaar. Want zijn menschen ziin vrij van
2015 2485 3080 2572 alle vooroordeelen, en van een perfecte en beheerschte
2003 2520 3090 2629 luciditeit in het ondergaan van hun eigen illusies, en
2003 2564 3084 2646 zij hebben, bij een sceptischen levenskijk, het ideaal of
2013 2603 3078 2698 den moed om „cerlijk“ te willen leven. Als zij jong ziin,
2011 2646 3078 2726 zocals Amadeus en Caecillie in Intermezzo, het ideaal;
2021 2696 3084 2757 als zij ouder ziin, zooals de weduwnaar in „Die Ge¬
2024 2729 3085 2807 fährtin“, den moed. Wanneer op deze ruime en uitge¬
2020 2762 3086 2845 zochte hoogte de waarneid een vergissing blijkt, dan is
2026 2813 2643 2876 de vergissing wel onherstelbaar.
2058 2829 3095 2908 Het conf ict wordt op dit terrein zeer zuiver en scherp
2011 2870 3096 2956 gesteld; het is voor bepaalde groepen van menschen
2023 2909 3092 2993 ##algemeen inenschelijk“. De groep, waarin Schnitzler
2022 2950 3103 3022 ziin personnages zort, is die van de menschen, die niet
2026 3007 3113 3072 kunnen leven zonder zich rekenschap te geven; met de
2027 3024 3112 3093 rekenschap komen de woorden, met de woorden de
2035 3053 3106 3138 schiln — men ziet, hoe hier de spanning wordt voorbe¬
2035 3102 3096 3186 reid. En daaronder doet dan het leven ziin eigen werk,
2023 3140 3104 3231 ##en van die innerliike metamorphoses wordt maar ein deel
2033 3190 3099 3252 door het moeizaam gesponnen netwerk der woorden op¬
2024 3198 3119 3292 gevangen, en men hoort, hoc de toon van het beveiste
2035 3255 3107 3338 schiinbestaan schriller gaat klinken; wanneer dan ten
2040 3308 3106 3371 slotte de onderstroom boven komt en het zelfbedrog
2035 3336 3106 3417 doorbreekt, blijft er een verwarring, die zonder uitzicht
2038 3381 3105 3447 is, maar die, of zjj bitter of geresigneerd is, een eigen
2039 3415 3104 3479 atmospheer om zich heudt, waarin de hardheid door
2034 3458 3108 3514 begrip wort getemperd: Schnitzler’s atmospheer. Z00 is
2042 3499 3112 3559 het in „Der Einsame Weg“, zoo is het in korter bestek en
2034 3533 3110 3596 met een sneller beloop in „Intermezzo.“ Men kan dit
2041 3573 3110 3646 fin de siécle noemen; zijn wij nu werkelijk aan cen
2038 3604 3108 3680 levenshoudling toe, die, even bewust, maar zich niet
2037 3639 3114 3723 meer överbewust voelend, realiseert wat Schnitzler in
2042 3677 3118 3752 ziin Felix Wagrath voorzag: „meer houding, minder
2033 3746 2208 3800 geest“?
2071 3750 3126 3825 Het eerste bedriff van dit „Intermezzo“ is misschien
2045 3794 3113 3862 het-Tenvoudigst en gelijkmatigst van kracht; en Vera
2042 3850 3127 3922 Böndam zette hier haar Csecilie zeer mooi, onmiddellijk
2051 3872 3112 3942 in een zekeren en rustigen toon in, die donker en ge¬
2043 3906 3116 3976 resigneerd aangaf, dat al van dit eerste gesprek af voor
2050 3959 3128 4016 haar tragische ernst is, wat voor den man, Amadeus,
2047 3988 3118 4051 nog maar een scrupuleus verantwoorde afleiding is. Zi]
2053 4020 3110 4088 brästegen elkagr nint; zii bespreken bet sle vrienden ein
