3484 4192
229 1046 387 1118 eater.
223 1140 386 1199 im vor¬
244 1177 402 1257 Jeder
220 1267 404 1348 in diesem
224 1335 407 1392 5Adams,
211 1381 395 1439 en Frau,
213 1426 391 1488 llzu ver¬
220 1469 399 1529 inerlicher
231 1515 395 1574 sich un¬
226 1561 408 1625 ben. An¬
220 1604 407 1674 seitig ihre
254 1650 418 1709 sticheln,
266 1696 406 1754 blasser
230 1738 403 1795 itzen der
224 1780 408 1844 e Mensch,
229 1828 404 1890 kann an
226 1870 411 1929 ad bedeu¬
225 1917 410 1972 däus, son¬
232 1963 404 2020 ir heißen,
224 1995 411 2060 läuft, nur
221 2050 402 2110 letzte Akt
232 2090 408 2154 as nimmt
249 2143 406 2192 s nimmt
248 2196 391 2260 ert, also
234 2249 391 2307 riftsteller,
240 2293 401 2350 ters nach
247 2336 396 2391 iet noch
264 2379 390 2431 die der
235 2420 408 2477 mer von
305 2462 391 2523 Men¬
328 2512 402 2558 err
313 2555 406 2602 beide
262 2642 405 2695 Schrift¬
248 2687 414 2741 lltenberg
232 2729 406 2786 berg und
237 2773 408 2831 , der von
221 2813 396 2871 u erbittet,
270 2862 396 2925 icht zu
1386 93 1832 181 box 25/5
311 85 1229 186 20. Zuischenspiel
406 867 1607 924 leichten Karikatur zwang. Wie ist diese Szene seinerzeit im Burg¬
420 917 871 977 theater belacht worden!
452 966 1606 1012 Der Abend versickerte ohne viel Jubel. Je bedeutender Schnitzler
1402 1002 1586 1058 St. Gr.
412 1010 1155 1077 wurdo, desto unaufmerksamer wurde man.
730 1478 1661 1569 Ausschnitt aus: Der Tag, Deriie
982 1546 1321 1631 20 8.1810
728 1575 934 1645 vom:
797 1666 1333 1777 Neuaufführungen
1113 1759 1675 1865 Berliner Bühnen.
807 1834 1696 1896 M. S. Deutsches Künstler=Theater. Neu¬
771 1894 1693 1944 aufführung: „Zwischenspiel“, Komödic in
773 1930 1691 1986 drei Akten von Arthur Schuihlier. Spiel¬
770 1969 1685 2029 leitung: Dr. Arthur Eloesser. Es ist eine un¬
771 1996 1697 2063 glaubwürdige Geschichte — aber immerhin: sie
781 2047 1686 2092 hat einen Dichter stellenweise in gute Laune ver¬
785 2086 1688 2144 setzt und stellenweise wieder so übermütig ge¬
770 2118 1687 2175 stimmt, daß er beinahe lustig wurde. Und recht
772 2173 1687 2214 geschickt traf er's, daß seine Zuhörer überall da
776 2202 1695 2254 lachten, wo ihn persönlich das Lachen anlam
773 2243 1688 2292 über seinen eigenen Witz und seine eigenen Ein¬
778 2287 1701 2327 fälle. Aus der Komödie selbst quellen diese
786 2318 1682 2370 Heiterkeiten nicht. Sie stecken nicht in ihr, sind
779 2358 1688 2407 ihr vielmehr nur beigegeben in der Figur eines
772 2394 1683 2444 Stückeschreibers, der die dankbare Aufgabe hat,
785 2433 1684 2483 immer wieder in drolligen Worten darauf hinzu¬
786 2470 1687 2517 weisen, was die angeblich dargestellten Lebens¬
786 2510 1695 2566 vorgänge vom „Theater“ unterscheidet. Dieser
776 2549 1688 2605 Stückeschreiber wurde in einer Saphir=Maske
787 2581 1690 2621 von Herrn Forest gespielt, der sich aus den
776 2617 1691 2694 Schnitzlerschen Ironien und Spöttereien doch
758 2657 1691 2733 etwas wie eine echte Menschengestalt zurecht¬
753 2732 1654 2801 machte. Den Pfiff, auf solche Art das als wirk¬
759 2790 1663 2830 liches Leben erklären zu lassen, was dem natür¬
754 2826 1662 2876 lichen= Empfinden widerspricht, wendet der Dichter
758 2864 1658 2899 aber gar zu häufig an, und so stellt sich, besonders
750 2901 1673 2945 in den Szenen, wo das Künstlerehepaar Adams
749 2945 1670 2990 in allzu vielen Worten über das Recht der Gatten
752 2982 1664 3036 verhandelt, eigene Wege zu gehen und doch in
761 3007 1669 3068 Freundschaft nebeneinander zu leben, beim Zu¬
752 3058 1671 3111 hörer manche arge Verstimmung ein. Denn die¬
764 3091 1681 3134 ser merkt bald, daß der geniale Kapellmeister ein
757 3125 1683 3174 Affe und Laffe ist, den man nicht einen Augenblick
753 3168 1674 3206 ernst nehmen kann, und so bleibt nur ein auf¬
759 3208 1659 3254 richtiges Staunen darüber, daß die Leutchen auf
752 3246 1667 3294 der Bühne, zumal die, wenigstens als Sängerin
759 3285 1676 3333 bedeutende Frau Cäcilie Adams, dem Narren
760 3323 1678 3372 eine für drei Akte ausreichende Wichtigkeit bei¬
751 3366 1671 3408 messen können. Herr Kurt Götz gab sich nicht
756 3398 1655 3447 erst die Mühe, den Hampelmann zu „vertiefen“¬
764 3425 1683 3478 er war der nervöse Primaner, der bis zum Schluß
762 3473 1660 3515 in keinerlei Männlichkeit hinaufwächst. Fräulein
753 3515 1675 3565 Lina Lossen war als Frau Adams gewiß um
755 3555 1667 3591 einige Grade zu gewichtig in ihren verhaltenen
761 3591 1675 3633 Gefuhlen, und die wirklich sehr schön gespielte
757 3629 1680 3687 Sehnsuchtsszone, für die der Dichter so gute Worte
760 3663 1672 3709 findet, wirkte beinahe wie gewollte Verführung.
758 3704 1676 3753 Fräulein Hegyi war von recht erfreulicher Natür¬
757 3741 1676 3796 lichkeit, Frau Duncke=Carlsen eine nette Gräsin,
759 3778 1671 3817 wenn sie sowohl wie Fräulein Lossen gerade nicht
767 3819 1669 3870 die Illusion erweckten, gute Opernsängerinnen zu
762 3861 1665 3907 sein. Den Fürsten des Stückes spielte Herr
752 3901 1661 3943 Schröder. Man glaubte ihm, daß er nicht der
763 3928 1667 3993 Geliebte Cäciliens war. Die Aufführung fand
751 3970 1277 4029 eine freundliche Aufnahme.
2185 222 2605 299 Ausschnitt aus:
2346 242 3222 350 Borliner Börsen Zeitung, Berlin
2197 326 3011 402 vom: ¾ g.V/Murgenausgabe
2441 488 2806 559 „Zwischenspiel“.
2151 538 3111 621 (Komödie in drei Akten von Arthur Schnitzler.)
2195 606 3093 651 Das Deutsche Künstler=Theater hat dieses vor
2147 645 3101 695 Jahren in Berlin mit Bassermann in der männ¬
2164 683 3103 726 lichen Hauptrolle gegebene Stück in seinen Spiel¬
2149 722 2677 779 plan ausgenommen. Es
2680 722 3106 778 scheint aber damit
2160 770 2711 825 keinen guten Griff getan
2708 769 2804 815 23
2816 764 3110 817 haben. Das
2158 791 3108 849 liegt nicht am Stück, vielleicht aber an der
2164 838 3102 892 Zeit, die es aufnehmen soll. Es ist Komödie und
2161 890 3100 938 Tragödie zugleich. Gestern aber betonte man
2162 918 3102 972 zu sehr den Komödienton, und das schadet der Ab¬
2163 964 3102 1010 sicht des Dichters. Die eigentliche Ehegeschichte
2162 994 3098 1057 kam dabei zu kurz, und manches blieb unverständlich,
2160 1044 3086 1097 weil das Haus, das für derartige Stücke zu groß ist,
2157 1079 3116 1149 jede Stelle, die ein Mitarbeiten des Hörers fordert,
2206 1126 3140 1210 unter den Tisch fallen läßt. Besonders Kurt Götz als
3146 1154 3206 1221 9
2205 1185 3144 1246 Amadens sündigte in dieser Hinsicht viel. Er behandelte
2196 1210 3146 1290 die Worte, in der Absicht realistisch zu wirken, gar zu
2195 1267 3134 1326 zwanglos. In der Auffassung hielt er sich an Basser¬
2198 1307 3141 1362 manns Vorbild, was gerude kein Fehler war. Lina
2197 1347 3139 1409 Lossen gab die Cäcilie, und was diese Künstlerin
2201 1388 3131 1441 aufnimmt, wird immer zu einem Kunstwerk. Die tiefe
2191 1426 3131 1474 Sehnsucht einer liebenden Frau darzustellen, ist eine
2191 1456 3129 1524 Aufgabe, ganz geschaffen für eine Lossen. Schade,
2193 1492 3127 1567 daß ihr Mühen gestern nicht den verdienten
2189 1533 3126 1601 Erfolg hatte. Den Albertus spielte Carl Fotest.
2184 1584 3124 1636 Er hat als Gegenspieler zu Amadens das Recht,
2191 1626 3125 1681 ein wenig derb zu sein, und so hatte er auch die
2176 1664 3122 1725 Lacher, die sich gestern oft bemerkbar machten, auf
2176 1707 3126 1778 seiner Seite. Arthur Schröder gab den Fürsten
2192 1739 2913 1818 Sigismund mit echt fürstlichem Anstand.
2962 1770 3089 1852 bs.
2110 1923 3279 2043 Ausschnitt aus Deutsche Tageszeitung, Berlin
2105 2003 2270 2060 vom:
2269 2021 2624 2132 B
2105 2145 3148 2232 Deusches Künstler=Theater.
2260 2204 3014 2295 Arthur Schnitzler Zmischenspiek“.
2095 2278 3231 2345 Gerade=#h ält ist diese Komödie. Die Neuein¬
2033 2296 3235 2382 sthdierung darf man also eine Art Jubiläum — allerdings
2044 2355 3245 2433 An überflüssiges — nennen; denn mit der Aufführung des
2027 2398 3243 2469 Zwischenspiels hat man weder Arthur Schnitzler noch den
2023 2460 3255 2536 Darstellern des Künstler=Theaters, am allerwenigsten aber
2020 2489 3239 2559 dem Publikum, das sich drei Akte lang sichtlich langweilte,
2021 2525 3238 2606 einen Gefallen getan. Schnitzlers Komödie (die keine ist)
2013 2576 3237 2641 zeigt ja doch klipp und klar, daß sich aus geistreichen Sen¬
2019 2614 3242 2686 tenzen (die sehr oft nicht geistreich sind) noch lange kein
2002 2661 3236 2738 gutes Stück zusammenleimen läßt. Wären die drei Akte
2014 2712 3225 2771 nicht von Schnitzler, würde heute kein Teufel mehr danach
2009 2740 3236 2803 fragen. — Die Darsteller mühten sich erheblich, das
2012 2794 3235 2864 Zwischenspiel genießbar zu machen. Es wurde ihnen noch
2012 2834 3232 2907 dadurch erschwert, daß die Hauptrollen — abgesehen von
2003 2864 3231 2951 Carl Forest, der einen waschechten Schnitzlerschen Dich¬
2010 2920 3232 2982 ter (Rhon) verkörperte — in falschen Händen waren. Kurt
2004 2963 3232 3043 Götz war als Kapellmeister Adams „ein bißchen zu
2002 3019 3231 3078 zappelig; er wußte sich in seine Ehemannsrolle nicht recht
2006 3052 3227 3127 hineinzufinden. Diesen Mann sollte Frau Cäcilie jemals
1999 3089 3228 3169 ernst nehmen oder genommen haben! Unmöglich. Man
2005 3140 3227 3212 könnte das ganze Spiel von Lina Lossen eine Be¬
2012 3179 3224 3255 stätigung dieser Ansicht nennen. Frau Cäcilie war ihrem
2001 3228 2928 3292 Amadeus zu sehr überlegen, so wurde er
2992 3238 3213 3298 mußte es
2001 3269 3231 3358 werden — zu einer spottschlechten Karikatur. Auch an den
2001 3312 3101 3383 übrigen Darstellern ist nicht viel zu loben. Frl.
1994 3354 3229 3435 Hegyi war eine recht spießrige Dichterfrau, Herr
1994 3406 3210 3477 Schröder ein etwas schablonenhafter Fürst. Von Frl.
1986 3449 3215 3530 [Dumcke=Carlsen wollte man noch nicht mal glauben,
1967 3482 2537 3545 daß sie eine — Gräfin sei.
2077 3535 3215 3608 Soll man der Spielleitung, die in Händen des Herrn
1963 3574 3212 3651 [Dr. Eloesser lag, einen Vorwurf machen, daß sich die
1988 3620 3211 3690 drei Akte, trotz der kurzen Zeit, hinschleppten? Nein, eher
1993 3658 3208 3731 Arthur Schnitzler, daß er den Anspruch erhebt, mit diesem
1984 3722 3211 3782 „Zwischenspiel“ eine Komödie geboten zu haben, und daß
1991 3754 3202 3820 er sie nach zehn Jahren wieder ans Licht ziehen läßt. Gerade
1963 3768 2659 3866 jetzt! Ein ruhmloses Jubiläum,
3022 3808 3172 3875 H. K.
