3436 4352
237 193 1757 338 20. Zwischenspiel box 25/1
789 1166 1778 1243 Die „Maraosta Orlike“ berichtet, daß bis#####
798 1238 1805 1292 17.000 Czechen, welche bei der Mährisch¬
797 1283 1818 1339 schlesischen Versicherungsanstalt versichert
799 1324 1823 1372 waren, ihre Versicherungen gekündigt hätten
811 1364 1820 1433 und daß weitere Kündigungen bevorstehen. Als Grund
807 1409 1805 1465 für diesen Boykott wird angegeben, daß das Institut sich
812 1466 1806 1523 in deutschen Händen befindet und das Gebäude der
812 1497 1813 1543 Anstalt während des deutschen Volkstages am
809 1536 1815 1598 1. Oktober d. J. mit Fahnen in den deutschen
803 1585 1809 1643 Farben geschmückt war. Wie das genannte Blatt
813 1619 1822 1681 weiter meldet, finden gegenwärlig in Brünn und
807 1672 1826 1731 Umgebung täglich czechische Versammlungen statt, in
806 1709 1822 1778 welchen als Revanche für den deutschen Volkstag respek¬
814 1751 1815 1815 tive für die Verhinderung der Errichtung der czechischen
814 1804 1816 1864 Universität in Brünn der schärfste Boykott der
806 1844 1702 1896 deutschen Geschäftsleute gepredigt wird.
1454 1896 1493 1950 8
812 1941 1826 1993 nir über an' Kinderseg'n. In der Beziehung hat si die
812 1990 1821 2043 Sopherl net spotten lassen. Da hat s’ mit 'n Schüller
814 2025 1813 2097 sag'n können: „Es erschien mit jedem jungen Jahr, so¬
809 2085 1818 2159 bald die ersten Störche schwirrten, ein Knäblein schin
803 2134 1140 2195 und wunderbar.“
892 2146 1814 2226 Alsdann wieder guat. Die Frau Kapellmasterin, dö
820 2223 1827 2283 a berühmte Sängerin is, geht nach Berlin und der
810 2279 1820 2332 Herr Kapellmaster laßt si derweil nir abgeh'n Aber
824 2321 1819 2385 scho nach a paar Wochen is er mit seiner zaussigen
814 2365 1834 2430 Gräfin firti. Jezt sehnert er si wieder nach der Haus¬
811 2418 1825 2471 mannskost. Wahrscheinli hat er si denkt, ma kann in der
811 2459 1825 2526 Ehe a an' vierwöchentlichen Urlaub nehma. Aber sei
815 2504 1833 2591 Frau sagt: „Ne rosumi? So geht die G'schicht wieder
816 2561 1832 2624 #it. Haust Du meine Gräsin, hau' i Deinen Fürsten.
816 2604 1836 2658 Kann sein, daß s’ ihn heirat'; mir derbarmt er; denn
819 2656 1833 2719 er is so verliabt in mi, daß er si am End' was antuat
824 2712 1829 2767 und do no a Klosterherr wird. Du hast wohl nir
823 2758 1824 2813 dageg'n?“ — „I woher?“ sagt er und dabei stößt 'hn
819 2805 1833 2858 der Bock vor lauter Wehmuat. Denn er hat si aufs
820 2859 1823 2915 neue in sei Frau verliabt und macht ihr a Liebes¬
820 2906 1836 2963 erklärung nach der andern. Und wie die Kapellmaster
822 2948 1822 2995 schon san: Außer aner Melodie fallt ihna immer was
832 2984 1842 3050 Neuch's ein. Er hat den ebenso glorreichen als billigen
820 3043 1835 3128 Gedanken, mit seiner Frau hinter dem Rücken des Lieb¬
2738 1206 2845 1285 Meit
1841 1206 2254 1292 1500 Kionen betrug.“
1838 1265 2848 1316 Besitz des Herrn W. v. Micskovski aus Niedawiez
1839 1314 2855 1370 in Westpreußen über. Die weißrosa Brokatstoffgarnitur
1845 1360 2850 1406 wurde zum Schätzungswerte von 800 Kronen veräußert,
1842 1400 2856 1461 während die bordeaurrote Garnitur von einem Agenten
1846 1446 2850 1497 um 1350 Kronen (Schätzungswert 1200 Kronen) er¬
1845 1490 2204 1554 standen worden ist.
1922 1517 2844 1588 Das große Speisezimmer aus gebeiztem Nußholze
1856 1577 2849 1631 (Schätzungswert 6000 Kronen) wurde vom Fabrikanten
1848 1620 2854 1684 Oberländer (Eipel in Böhmen) um 7600 Kronen
1848 1643 2856 1718 Kronen gekauft. Eine Garnitur aus dem Musiksalon,
1856 1715 2851 1769 die auf 450 Kronen geschätzt war, erzielte einen Preis
1845 1744 2852 1805 von 840 Kronen. Um 2100 Kronen fand die auf 1200
1852 1791 2860 1856 Kronen geschätzte prunkvolle Schlafzimmereinrichtung des
1853 1840 2853 1889 Königs Milan einen Käufer. Die zwei Vasen mit den
2760 1879 2861 1931 S
1852 1914 2866 1977 habers a Verhältnis anz'fangen. Also a ganz klaner
1854 1974 2845 2028 Dezimal Ehebruch: „Null Ganze, null Zehntel, fünf
1854 2015 2849 2076 Hundertstel,“ saget mei Schanerl. Und die Frau is wirkli
1864 2073 2848 2128 so gewissenlos und betrüagt mit ihr'n Mann ihr'n Liab¬
2016 2111 2852 2174 — Zwischensviel: Blim, blim, blim, blim! —
1859 2123 1992 2182 haber.
1862 2151 2856 2223 Jetzt was sag'n die Kontessen dazua? Is dis leschitim
1858 2202 2858 2263 oder net leschitim? A verzwickte Familieng'schicht'!
1863 2250 2862 2308 Blim=blim blim blim: Der Vorhang geht wieder auf.
1854 2301 2855 2379 Die Frau, die im zweiten Akt erschütterlich war, is in
1853 2359 2867 2409 dritten Akt wieder unerschütterlich. Sie will nix mehr
1862 2409 2869 2461 wissen von auer Gemeinschaft. Voller Verzweiflung packt
1859 2450 2869 2508 der Kapellmaster sei' Handtaschen und rast fort Die
1852 2496 2865 2574 Frau setzt si hin und want. — Jetzt was soll'n si die
1865 2554 2866 2616 Kontessinnen dabei denken? Was woll'n die zwa
1867 2588 2859 2656 eigentlich? J bin sitzen blieb'n, weil i no auf an'
1864 2637 2861 2711 vierten Akt g’wart hab'. Denn als praktische Frau hab'
1858 2687 2876 2748 i m'r denkt: Was tuat denn die Frau, wenn s’ jetzt zu
1857 2733 2860 2802 den Peterl no an' Paul dazua kriagt? Da wird s'
1863 2786 2864 2853 nachher froh sein, wann s'’ wieder z'ruckkumma kann.
1866 2827 2871 2906 No ja, unserans denkt weiter. Es is nur a Glück, daß
1871 2895 2879 2952 mei Mali no von nir was waß; no und dö Kontessinnen
1883 2936 2136 3024 erst recht net.“
2484 2956 2850 3037 V. Chiavacei.
2148 3003 2533 3081 —
