3436 4320
1322 181 1782 272 box 25/5
260 160 1185 286 20. Zuischenspiel
544 1099 668 1183 S
461 1163 3354 1235 Gatten nicht das Leifeste merken, wie weit sie ihn an gleichen Billigkeiten getan. Dr. Arendt von der Reichs=ssich, wenn er Lust hat, freuen, daß die
456 1199 3341 1314 Seelengröße und Einsichtskraft überragt. Sie vornehm= partei hat sich in einen horrenden Worteifer hineingeredet, hinausgeworfen werden. Ich bin sehr
453 1228 3357 1295 lich gas der ganzen „Komödie“ den großen tragischen daß — prüft man die sachlichen Argumente — der Ein= tarisches Regime und bedauere diesen Vorg#
457 1287 678 1347 Schwung.
1488 1299 3355 1390 druck bleibt, er hat über diese Dinge aus bloßer Wichtig=ist der glatte Sieg animoser „Kunstkenn
529 1335 3360 1429 Heinz Monnard besitzt für den Frauen erliegenden tnerei geschrieben und ohne ein einfaches und ursprüng= Wichtigtuerei. Die Leute im Reichstag är
451 1355 2556 1461 zerfahrenen Schwächlina Amabens, den Tändler, zu viel liches Verhältnis zu künstlerischen Dingen. Daher auch
2533 1403 3340 1464 wir in der Presse so scharfe Worte gegen
448 1394 3360 1453 feste, nach klassischer Art daherwuchtende Männlichkeit, die unsachliche Schimpferei auf die Sezession, mit der Das schodet nichts. Uns liegt daran, daß
456 1431 2485 1536 die er nicht abzustreifen vermag. Seine Beredsamkeit hat weder diese Geschichte noch Jank etwas zu tun haben.
2532 1482 3357 1548 an der ersten Sielle des deutschen Volkes nich
446 1462 1520 1554 Messerschärfe, wie sein Intellekt, seine temperamentvolle
1572 1518 2545 1577 Sollen wir nun einen Epilog auf diese Bilder schrei¬
450 1521 1513 1586 Verführerkraft fast Brutalität. Das sind nicht die rechten
2544 1517 3362 1604 gebildeter Schulbube behandelt wird und n
1508 1529 2546 1616 ben? Warten wir zunächst ab, was hinterher kommt,
452 1558 1501 1626 Eigenschaften für das haltlose, brauseköpfige, wider¬
2539 1558 3237 1623 getan. Darüber entrüsten wir uns.
1506 1581 2562 1670 wenn der Dr. Arendt jetzt die Sache deixelt. Wir haben
446 1588 1510 1666 spruchsvolle Schnitzlermännchen. Doch er ist ein glänzen¬
2592 1607 3348 1681 Nun kommen also nihl wieder einige I
1506 1612 2555 1698 vor ein paar Wochen an dieser Stelle davon gesprochen,
440 1630 1508 1719 der Charakteristiker, und so gab es denn einen prachtvoll
2543 1651 3358 1717 grünen Löcher. Auch schön. Hoffentlich ab
440 1665 1215 1741 ehrenwerten, handfesten Selbstbetrüger.
1503 1668 3355 1761 was wir über den Inhalt und den künstlerischen Wert der Plenum keine Reden über diese Sache. Es k#
1494 1702 2804 1791 Jankschen Bilder denken. Das braucht nicht mehr wieder=lich werden.
2953 1726 3355 1794 Dr. Theodor Heu
527 1724 2548 1812 Basil als Darsteller gefiel mir weniger wie als holt zu werden. Das Mittelbild hat, wenn es auch in der
2924 1780 3239 1836 —.——.——
442 1766 2550 1852 Regisseur. Wozu um alles in der Welt eine so parodistisch Gesamtanlage vorzüglich ist, zeichnerische Mängel. Aber
440 1795 2560 1908 abschreckende Schnapsbrudermaske für den witzigen, die drei Bilder haben einen farbigen Klang, haben die
2776 1817 3330 1890 Cheater und Musik.
456 1832 2560 1936 frischen, kecken. lustigen, weltklugen und weltgewandten Ruhe, deren monumentale Bilder bedürfen. Nichts törich¬
449 1872 1512 1937 hochstehenden Wiener Dichter? Wozu diese fast einfältig
2620 1865 3358 1932 : Kgl. Hoftheater. Frau Sigrid Arno
1500 1906 2546 1971 ter, als wenn Dr. Pfeiffer aufrechnet, die Skizzen hätten
454 1908 1500 1972 wirkende äußere und selbst sogar ein wenig innere
2545 1920 3344 1975 gestern als Violetta in Verdis Traviata ihr
1502 1944 2551 2001 mehr Gestalten, Bewegung, Lebendigkeit. Nichts über¬
446 1950 1503 2012 Trockenheit und Nüchternheit? Hat der kluge Darsteller
2539 1963 3349 2021 Während sie in der letzten Vorstellung ihre
1487 1975 2547 2048 flüssiger als der Vorwurf Arendts, daß durch die Mäntel
454 1989 1492 2057 doch das geistige Eigentum des Poeten Albertus ganz er¬
2545 2007 3352 2066 ihrem Partner, Herrn Bolz, teilen mußte
1483 2018 2555 2089 der Soldaten die Farben der Uniformen und zugleich die
459 2021 1504 2087 saßzt. Frau Giesecke als die kleine Frau des Schrift¬
2537 2038 3348 2103 sich ir dieser das Interesse auf ihre Person
1502 2057 2548 2131 historische Wahrheit — daß man am 2. Sevtember 1870
457 2070 1503 2126 stellers traf deren harmlos munteren Ton recht nett, so
2542 2076 3356 2137 chem ist der ganze Stoff der Oper und die
441 2100 1501 2172 daß man seine Freude an dem liebenswürdigen Persönchen
1501 2089 2543 2172 nicht fror — erdrückt werden. Das ist ein Urteil für ge¬
2535 2098 3356 2177 und aus Herz greifenden Tönen merkwür
1496 2138 2556 2198 schichtliche Abziehbildchen, aber nicht für dekorative Wand¬
450 2134 1506 2208 hatte. Doch fesches urwüchsiges Wienertum dürfte sich
2535 2148 3349 2217 immer aber von Melodie und Feuer überstr
451 2180 1507 2241 für diese Rolle Schnitzler gewünscht haben. Schwann¬
1495 2171 2356 2245 gemälde, die ihre eigenen Formgesetze haben.
2514 2196 3353 2255 nicht besonders sympathisch. Aber die vollen
440 2224 1510 2287 ecke sprach die kurze, äußerst schwierige und leicht komisch
1557 2227 3351 2295 Und der Inhalt? Dem Dr. Arendt ist der nicht zut und musikalische Darstellung der heiklen T#
444 2256 1508 2318 wirkende Szene, die dem Fürsten Sigismund gegönnt ist,
1501 2250 3367 2321 patriotisch, enthusiastisch genug aufgefaßt, Dr. Pfeiffer den berühmten Gast beschwichtigte alle kritisch
435 2292 1502 2358 mit delikatem Anstande in der Haltung eines ganz un¬
1507 2287 3348 2379 findet ihn zu monarchisch und will Parlamenisgeschichtel sie überschritt nie das Schönheitsmaß und
437 2329 1515 2392 durchlauchtigen, ein wenig schüchternen Jünglings von
1499 2344 3358 2417 haben. Wir haben neulich hier auseinandergesetzt, daß Wahrheit nichts schuldig. Jeder Schritt, je
444 2365 1504 2428 zurückhaltender Wohlerzogenheit und vornehmer Beschei¬
1497 2371 3342 2446 ums an dem monarchischen und militärischen Stoff dergung und jeder Gesichtsäusdruck war wei
437 2402 1504 2470 denheit. Dagegen hätte man unbedingt die liebelüsterne
1491 2417 2545 2489 Bilder nichts liegt; im Gegenteil, wir wären sehr für
2529 2433 3351 2497 genau wie jede Note ihres unvergleichlich
442 2442 1495 2510 Gräfin einer vollkommeneren Darstellerin anzuvertrauen
1497 2459 2539 2518 Parlamentsgeschichte. Aber woher nehmen? Die Vor¬
2540 2458 3354 2526 Auch hier nichts Elementares, sondern h
444 2481 1497 2566 die Pflicht gehabt. Sollte es in München nicht verführe¬
1492 2494 2541 2568 schläge Dr. Pfeiffers, die aus der Geschichte zusammen¬
2526 2500 3308 2574 alles fein geschliffen und klug berechnet.
434 2519 1100 2585 rischer aussehende Damen geben?
1490 2544 2546 2603 geklügelt wurden, sind völlig unglücklich, um kein schärfe¬
2526 2544 3354 2607 einmal ein Gesang, der mühelos hervorau
524 2554 1508 2636 Das leider nur in kleiner Anzahl erschienene Publi¬
1484 2573 3347 2648 res Wort zu gebrauchen: Erlaß der goldenen Bulle, Reichs= Schlacken frei die Intentionen des Komponi
436 2603 1504 2668 kum, in dem das Stuttgarter Hofschauspiel und die Stutt¬
1496 2603 3352 2661 tag von 1255, Reichstag zu Münster, Regensburger Reichs=endeten Darstellung bringt. Wie im Spie
441 2632 1498 2702 garter Presse fast überwog, brachte dem fast überzarten
1487 2650 3353 2723 tag. Was haben denn die mit unserem Parlament ge= hier die vollkommene Natürlichkeit eine Fr
439 2686 1514 2757 Stücke volles Verständnis enigegen. Sein warmer Beifall
1490 2699 3350 2767 mein! Das wäre ja „Historienmalerei“ im allerschlimmsten sigen Studiums und langjähriger Erfahrung
440 2721 1511 2782 galt wohl zu gleichen Teilen den hervorragenden Münch¬
1489 2730 3352 2803 Sinne, solche Kostümkomödien aufzuführen. Ein Glück, Legato, eine solche Atemführung, eine ähnlich
442 2763 1509 2818 nei Künstlern und dem feingeistigen Wiener Dichter.
1495 2778 3351 2853 daß Janke sich zu einfachen, sinnenfälligen Gruppen ent= Nüancenskala, einen ohne Anstrengung so
1334 2794 1489 2869 Wke.
1473 2796 2536 2880 schloß. Und auch Pfeiffer meint: Die Eröffnung des
2534 2814 3352 2880 und reinen Ton findet man selten. Was en
855 2813 1130 2892 —.—
1479 2839 3352 2920 ersten Reichstags 1871 sei „ein höchst erfreulicher Gegen= sprache betrifft, so ist das Französisch der Kü
1481 2887 3359 2967 stand“ für das Hauptgemälde gewesen. Müht man sich ter zu verstehen, als das Italienisch der le
555 2878 1380 2973 Die Reichstagsbilder von Jank.
1482 2942 3323 2995 einen Moment, solche Szene sich vorzustellen, so wird man lung; es ist etwas zu weichlich und nasal.
516 2933 3362 3033 Die drei Bilder von Angelo Jank sind nun also tgt= über des ganzen ästhetischen Widersinns klar, einen ge¬ Kenntnis der Sprache und der Rolle gelang
432 2979 1492 3061 sächlich aus dem großen Sitzungssaal des deutschen Parka¬
1478 3011 3359 3099 schlossenen Raum mit einer Fülle von Porträts als großes richterstatter kaum, auch nur ein Drittel d
434 3027 1494 3093 ments wieder entfernt worden. Die tapfere Schreiberei
1489 3052 2535 3120 Schmuckbild zu wählen. Diese Idee ist völlig unkünst¬
2533 3058 2766 3125 verstehen.
2973 3052 3034 3108 2
438 3063 1499 3138 der Abg. Dr. Arendt und Dr. Pfeiffer ist somit
1492 3089 2538 3160 lerisch, und von einer kleinbürgerlichen Pedanterie, daß
2593 3086 3357 3173 Neben einer solchen Partnerin hatte Her
439 3122 1492 3182 nicht erfolglos gewesen. Sie haben sich vor ihren Kollegen
1484 3128 2537 3198 man ablesen soll: der war der und das der? Eine Be¬
2524 3137 3360 3205 Alfred keinen leichten Stand; er muß an d
429 3129 1496 3214 den Ruhm besonderer Kunstkennerschaft erworben. IIa¬
1488 3169 2533 3246 schäftigung für die Abgeordneten, freilich, aber kein
2531 3163 3342 3250 Vervollkommnung seiner Rolle noch tüchtig
429 3201 1503 3258 beant sibi. Dr. Pfeiffer vom Zentrum hat das mit einem
1485 3206 2010 3267 Schmuck für diesen Raum.
2518 3212 3324 3288 sanglich leistete er Anerkennenswertes. H
429 3229 3356 3338 umständlichen Aufwand von Kostümphilologie und der= Wer politisch für parlamentarisches Regime ist, kann Georg (Vater) durfte mit Recht einen Teil
