3484 4224
1373 169 1804 267 box 25/5
297 189 1334 289 20. Zuischensniel
943 1312 1240 1461 25
444 1320 917 1476 Imtele
404 1475 815 1571 Fa.10M
973 1409 1371 1586 Sauls
1477 1585 3391 1674 einandersetzung. Der Mann, egoistisch wie erl singen sollte, wieder dem Koffer entnommen
1488 1631 3397 1711 nun einmal ist, nimmt das Recht der Freizügig- und auf den Flügel gelegt hatte, das Haus.]
1483 1676 3393 1748 keit ohne weiteres für sich in Anspruch und] So gehen zwei Menschen auseinander, die sich
2439 1718 3388 1796 im Innersten gut sind. Ob sie sich wiederfin¬
1478 1742 2436 1800 macht mit göttlicher Naivität den Vorschlag,
2440 1763 3387 1825 den? Warum nicht? Es war ja keine Tragö¬
1487 1783 2434 1845 daß sie wie gute Kameraden beisammenbleiben
716 1787 1323 1872 Stadttheater in Zürich.
2440 1803 3387 1881 die; sondern nur eine Komödie mit spärlichem
1492 1825 2439 1886 werden, daß ihr schönes und stilles Heim der
2440 1852 2990 1921 Witz — ein Zwischenspiel!
529 1854 1485 1923 Gastspiel des Wiener Hofburg¬
1497 1866 2437 1929 Zufluchtsort sein werde in den Stürmen und
646 1911 1387 1980 theaters: „Zwischenspiel“.
1493 1901 2452 1983 Abenteuern des Lebens. Die Gattin erkennt
2492 1897 3388 1980 Gespielt wurde von den Künstlern des Burg¬
1493 1955 2434 2010 sofort das Unsinnige und Unmögliche eines sol¬
2450 1963 3392 2023 theaters vortrefflich, das griff alles mit so voll¬
608 1970 1484 2033 E. S. Was in Schnitziers weit ausgespon¬
1500 1997 2437 2064 chen Zustandes. Sie geht zum Gastspiel nach
2442 2001 3388 2063 endeter Natürlichkeit nd Leichtigkeit ineinan¬
538 2013 1497 2064 nener Komödie das Interesse in der Schwebe
1512 2042 2428 2113 Berlin und weiß von hier aus die Eisersucht
2445 2043 3389 2106 der, daß es eine Lust zu sehen war. Fräulein
549 2056 1484 2112 hielt, war weniger das, was auf der Bühne
1497 2074 2444 2146 ihres Gatten zu erregen. Sie kehrt zurück und
2444 2077 3395 2159 Marberg gab jeder Empfindung der Cä¬
540 2108 1488 2169 geschah, als das, was nicht geschah — mit an¬
1496 2125 2439 2184 erklärt ihm, daß auch sie nach Freude und Le¬
2450 2116 3392 2191 cilie mit unfehlbarer Sicherheit den treffenden
549 2144 1494 2218 dern Worten: man kam in der steten Erwar¬
1505 2170 2445 2239 ben, nach Abenteuern dürstet, daß sie mit aus¬
2441 2173 3390 2237 Ausdruck, und was die Lippen nicht sprachen,
544 2193 1495 2250 tung, daß aus diesem Hin= und Herpendeln.
1500 2226 2437 2277 gebreiteten Armen einer bis jetzt nicht gekann¬
2442 2215 3396 2285 verriet der Blick. Herr Walden, der sich im
551 2232 1505 2287 aus diesem geistreichen Spiel mit Gefühlen und
1501 2261 2434 2314 ten, lusterfüllten Welt entgegengehen werde.
2447 2260 3407 2320 Gesellschaftsstück heimischer zu fühlen scheint
543 2271 1504 2335 Worten nun doch bald etwas Greifbares und
1497 2300 2439 2370 Dem Gatten erscheint sie jetzt, da sie ihm zu
2447 2289 3403 2362 als im hohen Versdrama, entwickelte als Ama¬
541 2312 1507 2384 Entscheidendes sich ergeben werde, gar nicht
1500 2343 2439 2415 entschwinden droht, reizvoller und begehrens¬
2443 2345 3396 2403 deus eine schauspielerische Virtuosität, die auch
543 2355 1509 2411 dazu, sich zu langweilen, und darüber fiel
1512 2387 2447 2445 werter, wie von einem neuen Glanz umstrahlt,
2447 2384 3412 2454 nicht den leifesten Gedanken an Gespieltes und
546 2402 1497 2474 schließlich der Vorhang. Aber es sollte ja auch
1517 2426 2440 2489 in leidenschaftlicher Liebe schließt er sie in seine
2440 2433 3406 2491 Gemachtes aufkommen ließ. Mit unvergleich¬
552 2451 1508 2506 keine Tragödie sein, die das Schicksal zweier
1505 2476 2449 2532 Arme, und ein unsagbares Glücksgefühl schießt
2414 2472 3396 2536 licher Nonchalance spielte Herr Romberg
550 2490 1516 2556 Menschen endgültig entscheidet; sondern nur ein
2421 2520 3399 2572 den Fürsten, und Herr Treßler als humor¬
557 2515 2438 2599 Intermezzo im Leben (bei Schnitzler natürlich für einen Augenblick in Cäcilie auf. Aber sie
1510 2565 2456 2626 blickt zu klar und ist zu tief gekränkt, um sich
2438 2546 3401 2619 voller Albertus, sowie die Damen Kallina
548 2574 1511 2633 im Eheleben), nach dessen Verrauschen sich die
1514 2612 2458 2658 umstimmen zu lassen, sie fürchtet die Unbestän¬
2457 2596 3413 2673 und Häberle vervollständigten das treffliche
557 2621 1507 2687 Fäden von hüben und drüben wieder zusam¬
1520 2647 2450 2706 digkeit ihres Gatten; und selbst dann, als sein
2456 2646 3414 2709 Ensemble. — Die Ausstattung war wieder von
557 2655 1511 2722 menknüpfen werden. Ueber der Ehe des Ka¬
1513 2676 3415 2755 Verdacht, daß sie dem Fürsten sehr nahe 32 vornehmstem Geschmack, die Leitung der Auf¬
551 2702 1507 2754 pellmeisters und Komponisten Amadeus und
1508 2732 2460 2794 standen habe, von diesem selbst zerstreut wird,
2463 2722 3412 2800 führung lag in den Händen des Herrn Regis¬“
565 2742 1521 2813 seiner Gattin Cäcilie, der Opernsängerin, liegt
1514 2778 2458 2838 beharrt sie, nicht auf Scheidung, wohl aber auf
2465 2794 2712 2861 seurs Holz.
553 2795 1514 2850 es seit langem wie ein Alp. Mit Angst und
564 2823 2458 2904 Schmerz sieht Cäcilie, wie ihr Gatte sich lang=Ifreundschaftlichem Sichtrennen. Also: Ama¬
556 2855 2460 2938 sam von ihr entfernt. Es kommt zur Aus-ldeus verläßt, nachdem er das Solo aus sei¬
564 2912 2499 2992 sprache, zu einer ruhigen und sachlichen Aus-Iner Sinsonie, das Cäcilie auf seiner Tournee!
