3436 4352
319 199 1356 302 20. Zuischensniel
1389 193 1838 294 box 25//2
2252 120 3043 182 Vgageret til ei Geestespil, medens Man¬
2259 163 2770 225 den bliver alene tilbage.
2341 215 3047 277 De salige Dage med Grevinde Phi¬
2262 305 3055 378 var kun en kort Kaprice, og en merk
2265 359 3052 416 Efteraarsdag venter Komponisten glad
2260 409 3045 473 paa, at hans kire, gode Hustru skal
2263 461 3045 527 komme tilbage. Hun kommer da ogsaa,
2266 515 3050 563 men nu er hun blevet en hel anden.
2254 555 3054 633 Den kyske, stolte Kvinde, der aldrig
2259 603 3061 681 lor Alvor havde kunnet tenke paa at
2273 650 3059 720 tilhore en anden end sin Agtefelle, er
2269 710 3060 769 nu i Verdensbyen, hvor hun har fejret
2257 769 3048 816 saa store Triumfer, og hvor der er
2257 808 3057 867 blevet gjort saa starkt Kur til hende,
2276 859 3054 912 blevet ganske anderledes modlagelig for
2275 902 3058 964 Maendenes Hyldest. Hun har dog ikke
2273 950 3059 1019 sveget den rgteskabelige Troskab, men
2269 998 3051 1064 hun eisker ikke mere Amadeus som
2281 1050 3058 1098 lor. Til Gengald bliver han optandt
2281 1104 3062 1163 al Lidenskab til den skenne Kvinde,
2276 1150 3065 1214 der nu vender saa forvandlet tilbage.
2266 1188 3065 1270 Nogle faa korte Timer bliver bun hans,
2274 1250 3063 1309 men saa siger hun ham lige zaa aabent
2267 1297 3059 1368 Sandbeden, som han for nogen Tid si¬
2277 1358 3060 1406 den sagde hende. Hun kan ikke mere
2282 1395 3055 1464 leve ved hans Side som hans Hustru.
2280 1451 3064 1504 Et Egteskab med „Intermezzo'er“ vilde
2282 1509 3058 1564 vere hende modbydeligt. Hun vil fore¬
2273 1556 3064 1609 lebig vende tilbage til Berlin, og han
2283 1599 3066 1660 skal gaa ud paa en Koncerttournée, der
2283 1651 3063 1716 skai strekke sig over et Aars Tid.
2279 1706 3064 1761 Intet formaar at rokke hendes Beslut¬
2268 1725 3055 1822 ning, selv ikke Agtemandens Raseri
2277 1794 3059 1866 og Skinsyge, idet han vil udfordre den
2273 1852 3067 1910 unge Fyrste, der kommer for at bede
2277 1898 3068 1959 ham om Tilladelse til at fere hans Hu¬
2282 1946 3072 2010 stru til Alleret. Cercilie troster dog
2268 1979 3068 2066 Manden, ligesom Ibsens Nora trester
2278 2046 3073 2118 Helmer, med, at det „vidunderlige“ en
2272 2086 3072 2152 Gang kan komme, men indtil da maa
2288 2142 2498 2212 de skilles.
2348 2191 3073 2260 En original Bifigur er Digteren
2279 2239 3074 2307 Albertus, Forfatterens Repressentant,
2283 2288 3072 2363 Egleparrets Ven, der saa garne vilde
2288 2337 3078 2406 dramatisere dette Egteskabs Roman og
2280 2390 3089 2443 sporger sig selv, om det vil lykkes
2278 2425 3064 2512 hamat faa Folk til at forstaa dette
2284 2486 3065 2562 Egteskab paa de halvtredje Time,
2285 2538 3076 2603 Theatret vil gige ham Raadighed over.
2362 2596 3065 2654 Anmelderen 1 „Berliner Tageblatt“
2272 2645 3060 2701 bemarker treeffende: „Mellem to Men¬
2281 2686 3071 2755 nesker der sidder stille ved deres Ka¬
2281 2740 3069 2811 min og ser hinanden ind 1 Ojnene,
2278 2774 3068 2855 kan der foregaa interessantere Optrin,
2285 2837 3065 2902 end der kan forefalde ved en Tyre¬
2285 2888 3078 2947 feegtning eller en Elefantjagt. Sjalens
2285 2943 3061 3006 elementere Magter behever ingen Pi¬
2289 2994 3071 3051 stoler eller Dolke for at levere hin¬
2290 3036 3072 3110 anden Slag. Men de maa for Alvor
2290 3096 3078 3159 vere besjslede af Lyst og Kraft til at
2278 3149 3078 3212 kampe, og dette mangler Schnitzler
2276 3191 3082 3257 Evne til at forstrekke dem med. Hans
2284 3244 3065 3308 nye Arbejde er et fint, sart gennem¬
2292 3284 3069 3338 reflekteret Stykke, men Scenen forlan¬
2293 3339 3068 3389 ger mere end Finhed, Sarthed og Re¬
2286 3400 3075 3453 flexion. Den fordrer Kamp og Strid
2294 3427 3080 3513 saavel 1 den ydre som i den indre
2297 3490 2470 3545 Verden.“
2353 3514 3090 3600 I Berlin er man meget fornojet ##
2291 3590 3078 3662 med Udfereisen af de to Hovedroller,
2293 3644 3071 3700 der bestrides af Bassermann og
2293 3680 3072 3746 Irene Triesch. I Wien er man
2293 3737 3074 3787 ikke san absolut begejstret over
2292 3779 3078 3859 Kainz' og Lotte Witts Gengi¬
2290 3834 2844 3909 velse af de samme Figurer.
2739 3887 3015 3963 Theatrophil.
