3484 4384
1342 270 1811 372 box 25/1
284 259 1326 378 20. Zuischenspiel
1592 1239 2816 1337 Fragen berührte, die — Geheimnisse des intimsten Zusam¬
2879 1245 3373 1326 In zeiten Alit finden
1609 1307 2690 1380 menlebens — jede öffentliche Diskussion ausschließen?
2760 1309 3400 1381 kehrt, mit Lorbeeren geschmück
680 1267 1418 1412 Feuilleton.
1710 1358 3401 1416 Kapellmeister Amadeus und seine Gattin Cäcilie, Sän= dem die Pause seine Frau wie
461 1385 758 1492 a
1607 1381 3400 1470 gerin, leben bereits sieben Jahre in einer, man kann es ge=empfängt sie als etwas eife#
1619 1449 3390 1518 trost behaupten, glücklichen Ehe. Die schwärmerische Anbetung toisien des Fürsten Sigismund,
783 1429 1328 1534 Wiener Briefe.
1619 1500 3401 1562 der ersten Zeit wich einer zarten Empfindung geruhiger begleitete, haben das halbe
441 1527 1628 1590 (Burgtheater=Premièren: „Zwischenspiel“ von
1627 1546 3394 1601 Zufriedenheit, umsomehr, als die geistigen Beziehungen der Hymens neu entzündet. Undl
444 1576 1623 1627 A. Schnitzler, „Klein Dorrit“ von Franz von
1612 1565 3398 1669 beiden Künstler seltene Harmonie auszeichnet und sie sich die ihn als Gattin nicht
446 1607 760 1684 Schönthan.
839 1611 1625 1684 Lothars: „Rosentempler“ im
1606 1640 3402 1695 gegenseitig in ihrem Schaffen ergänzen und stützen. Vielleicht wieder zu erobern. Da er v#
556 1622 1513 1735 Volkstheater. — Gastspiel Galipaux.)
1615 1689 3394 1757 gab gerade die sorglose Sicherheit in der die beiden dahin= ihm. Im letzten Akt macht d
548 1700 1618 1790 Jemand nannte Artur Schnitzler einen Mann „feiner,
1626 1717 3390 1796 lebten, den ersten Anstoß und brachte den Grund, den man Lösung dieses eigentümlichen F
440 1753 1627 1829 aber nicht großer Gefühle". Es sagt nicht viel, aber charak¬
1624 1785 3380 1840 für felsenfest gehalten, ins Schwanken. Das passiert wohl die Seitenwege. Er will nicht
434 1816 1624 1872 terisiert den Dichter ebenso treffend, wie wenn man etwa
1616 1836 3394 1900 häufig und nicht allein in Künstlerehen. Amadeus und Cä= ist eine Tugend bei einem Kün
435 1857 1622 1929 vom Depeschenstyl Peter Altenbergs spricht. Eine Künstler¬
1615 1881 3390 1937 cilie, beide vornehme, feinnervige Menschen, haben diese leicht wäre, einen versöhnenden
434 1915 1628 1971 ehe wird im neusten Stück Schnitzlers „Zwischenspiel“
1613 1926 3392 2012 Wahrnehmung fast zu gleicher Zeit gemacht, und da sie ihr seiner schweren und heiklen
443 1956 1619 2023 vorgeführt, ein Liebesbund also zwischen zwei exceptionellen
1625 1977 3392 2030 schönes Bündniß auf der Grundlage einer rückhaltslosen, ja einen Sohn ... Schnitzler
434 2013 1625 2068 Naturen. Das an sich verlockende Thema fand ja häufiger
1615 2025 3383 2097 (manchmal fast rücksichtslosen) Wahrhaftigkeit gründeten,tigen Moment auf der Szene
440 2044 1620 2115 künstlerische Bearbeitung, Alphonse Daudet hat in seinen
1616 2063 3391 2126 scheint durch offene Aussprache, eine Art gegenseitiger eine Nebenperson von der Bül
435 2108 3389 2159 „Mariages d’artistes“ sogar Variationen darauf geschrieben. Beichte, jede Gefahr beseitigt. Doch Menschen sind nicht ein= das wäre wohl die beste und e
438 2154 1618 2217 Wurde hier der interessante Fall von vielen Seiten beleuchtet,
1619 2166 3376 2234 fache Instrumente, die man nach Belieben einstimmen kann, das an der Hand liegende,
434 2194 1621 2255 bei Schnitzler liegt er wieder ganz anders und findet selbst¬
1612 2214 3365 2270 und bekannt ist die alte Weisheit, daß es am schwersten ist, mäßige ist mir verpönt. Und
427 2230 1621 2303 verständlich eine eigenartige Behandlung. Der Schluß aller
1618 2263 3364 2334 sich selbst zu erkennen. Und so bleiben sich die zwei Ehe=lich nicht gram sein, wenn
427 2295 1621 2353 Modulationen des alten Liedes ist dennoch, bei Daudet wie
1614 2310 3378 2383 gatten, trotzdem sie mit seltenster Offenheit bis in die ge=seinen Weg geht. Es hat
430 2339 1628 2418 bei dem Wiener Poeten, ein Mollschluß. Ausnahmsmenschen
1619 2359 3372 2422 heimsten Winkel ihrer Seelen hineinleuchten, dennoch Ge= Wahrscheinlichkeit, aber sie ist
505 2378 984 2456 Ausnahmsverhältnisse.
1603 2397 3392 2470 heimnisse. Cäcilie, die ihren Mann innig liebt, kann nicht die Gestalten von Amadeus un
539 2442 3384 2511 Artur Schnitzler ist eine feine Künstlernatur und begreifen, wie so er sich von ihr abwenden könnte, und läßt die Gatten auseinanderge
439 2471 3386 2547 Banales wird seiner Feder nie entgleiten, aber er liebt ge=Amadeus glaubt dasselbe von Cäcilie. Einer von hun=diesen Schritt verlangt und so
441 2545 2147 2610 fährliche Themen, heikle Situationen, schwere Verwicklungensdert Fäden ist gerissen
2127 2543 3395 2619 — sagt Amadeus — doch das geschaffen, uns ewig in Treue##
437 2591 3362 2663 galanter Art, komplizierte Fälle das Fleuret, elegante Kämpfe kann unseren Bund nicht lockern, wir gehören schließlich um unsere Freundschaft rein
440 2623 1638 2700 mit feinen geistigen Waffen. Man würde schwer einen zweiten
1614 2625 2794 2700 immer zusammen. Und sie versprechen sich, von nun an zwei
2874 2645 3364 2718 Nun möge sich der #
424 2682 3382 2737 deutschen Dichter finden, der über eine so glänzende gute Kameraden, zwei Freunde zu sein, im übrigen soll jeder Fragen beantworten. Wie sich
426 2734 3380 2798 Dialektik verfügt, wie Artur Schnitzler. Mögen seine volle Freiheit genießen. Da beginnt nun Amadeus ein er wird zugeben müssen, daß
440 2781 3380 2867 Menschen noch so weit gehen in der Analyse ihrer Empfin=] „Zwischenspiel“ mit seiner Schülerin, einer gräflichen Sän= Konflikt mit psychologischer Sch
435 2825 3348 2917 dungen, sie tun es auf eine Art, die den Zuhörer fesselt. gerin von etwas lockeren moralischen Ansichten, und Cäcisie und spitzfindig, aber mit
427 2864 2943 2950 Ob Schnitzler diesmal nicht des Guten zu viel getan hat läßt sich von einem jugendlichen Fürstensohn den Hof machen. wurde.
439 2916 2790 2999 in dieser Richtung, ob er zugleich nicht die Grenze über¬ Die Zeit ist gut gewählt: der Kapellmeister hat Ferien, seine
438 2968 2410 3042 schritt, die dem Bühnendichter gezogen ist, ob er nicht Frau absolviert ein Gastspiel in Berlin.
2859 2956 3379 3047 Einen guten Einfall ha#
