3532 4352
-14 2039 64 2105 Frie
-9 2137 65 2199 öh
2 2191 69 2245 er
1 3080 80 3151 ute
270 244 1787 377 20. Zwischenspiel box 25/1
197 925 1438 1030 denken. Die warme Herbstsonne hat ein wenig Farbe und
192 1005 1449 1071 ben auf die sonst ach so blassen, schier anämischen Wangen
209 1053 1449 1123 serer Stadtphysiognomie gezaubert. Mit einigem guten Willen
201 1102 1444 1170 inen wir sogar daran glauben, daß der vielberufene, oft und
206 1154 1440 1222 ßherbeigesehnte Fremde in unseren Mauern weile. Ach, was
195 1191 1450 1276 ben wir dieses schmerzlich vermißten Fremden wegen nicht schon
201 1264 1445 1316 ausgestanden! Der Fremde spielt bei uns zu Hause die Rolle
217 1286 1440 1358 schier sagenhaften= Erbonkels aus Amerika.. Unser Leben und
206 1336 1436 1411 eiben, unser Tun und Lassen richten wir nach ihm ein, und das
207 1378 1446 1459 aje Jahr hindurch spielen wir das ein wenig ermüdende Gänse¬
199 1436 1424 1504 nchenspiel: Kommt er — von Herzen — mit Schmerzen —
207 1494 1450 1547 bwenig — oder gar nicht?? Kaum lassen wir es uns ein wenig
204 1536 1450 1593 sein, lümmeln ein wenig wienerisch hin oder strecken sorglos die
194 1572 1449 1645 fine von uns, flugs tritt irgend ein sorgenschwerer Weiser an uns
203 1620 1453 1688 an, klopft uns gedankenschwer und vorwurfevoll auf die Schulter
209 1677 1453 1746 dispricht die bedenkliche Mahnung: Was wird der Fremde dazu
201 1712 1445 1798 en? Er wird am Ende gar nicht kommen!! Jetzt, in der glück¬
195 1764 1446 1851 gen Laune des Heimkehrenden, sind wir versucht, übermütig zu
220 1815 1445 1884 t, ein Schnippchen zu schlagen und lachend zu rufen: Um so
185 1860 1462 1941 immer für ihn! Wie geschmacklos von dem Fremden!! Denn
216 1902 1465 1978 Enach wochenlanger Trennung fühlt man lokalpatriotischer als
221 1949 1457 2039 stune enießt mit vollen Zügen die einzige, sinnbetörende Schön¬
220 2004 1453 2064 Wiens. Wie ein Eroberer schreitest Du durch die Straßen
214 2059 1448 2121 Stadt, mit herrischer Milde, mit gütig lächelndem Siegertrotz.
205 2108 1461 2168 dstarke, purpurschwere Worte flüsterst Du Dir selber zu. Kom¬
204 2156 1450 2215 knisten sind wir jetzt alle, aber gutmütige, harmlose, wunsch¬
205 2186 1459 2259 mde Kommunisten. Gehört doch ohnehin alles Schöne, alles Be¬
215 2242 1469 2315 hrenswerte uns allen. In diesen Tagen der Heimkehr erquicken
204 2290 1469 2370 runs an dem Lächeln vorübergehender schöner Frauen, und daß
209 2337 1455 2413 end ein langweiliger Geck an ihrer Seite gehi, int unserem Ge¬
215 2386 1467 2467 ßen keinen Abbruch. Für uns alle lächelt sie, für Dich, für mich,
227 2447 1456 2508 jedermann, der Verständnis besitzt für der Güter lostbarstes,
231 2480 1469 2565 ünsere arme Sprache mit simpler Schlichtheit: Frauenlächeln
206 2524 1465 2613 #nt Uns allen gehört jetzt die ragende Pracht stolzer Ring¬
197 2573 1467 2650 aßenpaläste, und der wäre nicht wert, nach wochenlangem Ferien¬
215 2620 1464 2689 l nach Wien zurückkehren zu dürfen, der sich den ästhetischen
208 2673 1463 2742 knuß der Betrachtung durch die nüchterne Kommiserwägung ver¬
195 2730 1473 2797 kinern ließe, daß ganz andere Leute in diesen Palästen wohnen.
196 2778 1468 2834 d nicht anders geht es uns mit den Gummiradlern, die vorüber¬
206 2826 1474 2886 len. Zum Glück hai es lange nicht geregnet, und der Genuß
211 2863 1479 2934 hetischer Betrachtung wird nicht durch die traurige Konstatierung
208 2911 1472 2982 stört, daß es zwei Klassen von Menschen gibt, solche, die im
205 2959 1471 3036 summiradler fahren, und andere mehrere, die von ihnen bloß mit
210 3009 1465 3077 pth bespritzt werden. Auch den vorbeirasenden Automobilen trägt
205 3058 1473 3134 emand der mit dn rosa Brillen des Heimkehrenden pe sehen ist,
210 3101 1476 3174 ch, daß er und die übrige miscra plebs conteihnens mit diesen
218 3151 1479 3227 stspieligen Gefährten kaum jemals in andere Berührung kommi,
216 3197 1482 3272 in die nicht gerade hygienische des Ueberfahrenwerdens. Man
215 3238 1480 3318 eben wieder Großstädter, man fühn sich #ehobener und leichter
209 3293 1474 3378 d mutiger. Die Sicherheit und die Energie, mit der all die
206 3334 1482 3409 kundirte un Tausende ihren verschiegenen Zielen entgegeneilen,
215 3387 1497 3477 frken austeckend. Der Sturmschritt der Menge reißt mit, und der
1919 906 3249 990 heiße Atem ihrer Wünsche, ihrer Leidenschaften, ihrer Begierden
1922 959 3233 1029 durchwärmt und durchglüht. Wie berauschi ist man von diesen!
1918 1011 3228 1102 brandenden Wogen, die aus Millionen Wellen zusammenklingen
1917 1081 2976 1140 und ein einziges zu verkünden scheinen: Leben! ...
1983 1090 3233 1182 Mit einigem guten Willen und ein klein wenig Nachsicht kann
1923 1164 3235 1231 man sich schon mitten in die Hochsaison unseres sit venia verbo
1921 1204 3228 1287 geistigen Lebens versetzt glauben. Bereits flattern die ersten Nach¬
1922 1251 3243 1326 richten über literarische Neugründungen auf, sämtliche Theater¬
1933 1301 3246 1373 direktoren haben uns auf demithergebrachten Weg lithographierter
1931 1341 3259 1416 Kanzleinotizen verständigt, wie sie den Kunstsinn der wenigen, nicht
1930 1396 3232 1469 auf Freibilletts sich beschränkenden Wiener zu stacheln gedenken,
1930 1455 3249 1514 und das Rundreiseprogramm Girardis über sämtliche Wiener
1931 1489 3247 1566 Bühnen ist bereits zur Gänze ausgearbeitet. Eine neue Wochen¬
1938 1546 3244 1615 schrift blüht uns. Nach den Erfahrungen der letzten Jahre be¬
1943 1583 3237 1674 schränkt sich der Kenner der einschlägigen Verhältnisse darauf, die
1927 1644 3238 1705 wirtschaftliche Seite der Frage ins Auge zu fassen. Es kommt
1932 1677 3245 1748 Geld unter die Leute, und es ist wunderhübsch von jungen Männern
1934 1735 3246 1800 aus guter Familie, wenn sie statt notleidenden Choristinnen not¬
1932 1768 3248 1849 leidenden Literaten unter die freilich weniger wohlgeformten Arme
1927 1823 3246 1918 greifen. In den richtunggebenden Kafseehäusern wirbelt diese Neu¬
1938 1888 3251 1951 gründung, und was drum und dran hängt, so viel Staub auf, daß
1939 1920 3245 1990 man eigentlich gar nicht dazu kam, jenen Friedensschluß, der sich an
1941 1961 3256 2028 Bedeutung dem von Portsmouth unmittelbar anschließt, ent¬
1937 2010 3253 2086 sprechend zu würdigen. Ich meine die Versöhnung zwischen Direktor
1943 2069 3255 2129 Schlenther und Arthur Schnitzler, die zur angenehmen
1939 2113 3245 2178 Folge hat, daß uns die Beschämung erspart bleibt, die Bekannt¬
1949 2155 3249 2236 schaft mit dem jüngsten Werk des stärksten und echtesten modernen
1950 2198 3258 2278 Wiener Dramatikers der Zufallsgunst irgend einer Berliner Gast¬
1951 2243 3255 2330 spieltruppe zu danken. Direktor Schlenther ist augenblicklich auf
1944 2293 3276 2382 der Wolter=Suche. Ein Experiment, das er mit einer ebenso be¬
1944 2345 3265 2418 gabien, als verbildeten süddeutschen Heroine unternahm, ist viel¬
1938 2388 3261 2476 leicht ein wenig allzu strenge beurteilt worden. Der Burgtheater¬
1944 2422 3285 2499 Gewaltige konnte wehmutsvoll den alten Theaterscherz erent
1942 2490 3273 2556 Herbst wird es, und die Blätter fallen über mich her. Er ließ###h##
1941 2544 3175 2592 aber, wenigstens äußerlich, nicht nahe gehen, und das viel
1937 2568 3214 2651 zweifelte Engagement der betreffeuden Dame soll tatsächlich so
1942 2604 3265 2713 wie vollzogen sein. Die Auffrischung des weiblichen Mitgliederk
1952 2683 3257 2757 standes unserer Hofhühne bleibt allerdings nach wie vor eine offene,
1942 2728 3266 2798 eine unbeantwortete Frage, und sie wird dadurch nicht gelöst daß
1943 2779 3256 2854 allerlei Kulisseninirigen dazu beitragen, die wertvollsten Mitglieder
2621 2826 3261 2891 ich nenne nur die Namen
1949 2837 2626 2902 des Burgtheater=Ensembles —
2765 2860 3261 2935 — burgtheatermüde zu
1946 2881 2731 2946 Schmittlein und Reinhold
1957 2908 3266 2980 machen. Von anderen Wiener Bühnen soll in einem nächsten Wiener
1955 2963 3264 3027 Brief ausführlicher die Rede sein, für heute sei nux so viel bemerkt,
1958 3014 3271 3083 daß eine Flui neuer Namen — Autoren und Darsteller — an das
1963 3069 3261 3126 Gedächtnis des Theaterfreundes bedeutende Anforderungen stellt¬
1947 3108 3267 3156 Unsete Direktoren haben jahrelang mit dem Starsystem so üble
1951 3151 3279 3223 Erfahrungen gemacht, daß sie sich schließlich zu dem bekannten Ober¬
1953 3201 3279 3269 länderschen Rezept der probaten Löwenvertilgung bekehrt haben:
1962 3246 3273 3315 Man sperre zwei und mehr Löwen in einen Käfig. Sie fressen
1959 3311 2436 3386 schließlich einander auf
2546 3331 3194 3429 Dr. Julian Sternberg.
