3532 4384
315 118 1220 214 20. Zuischensp. 161
1385 110 1819 200 box 25/4
1793 1404 2373 1481 —. nocl 1000 Persolten
1112 1514 2380 1589 lund stimmungsvoller Dekoration des Saals dem Charakter
1117 1561 2011 1618 wder Veranstaltung Rechnung getragen wird.
1199 1608 2379 1658 G.-N. Das Leizigee Sthamspiethaus setzte am 12. Januar als
1121 1639 2376 1704 Erstaufführung dem Sonntagspublikum zu prüfenden Genuß „Ein
1131 1680 2361 1743 Rtasseweib“ von Siegfried Leinau vor. Genießbar
1110 1735 2373 1800 warde es durch die äußerst humorvolle Darstellung eines amerika¬
1132 1757 2366 1816 nisch=sächsischen Erbonkels durch Herrn Wildenhain. Auch das
1124 1794 2372 1858 Rasseweib selbst, das diesen Schwank zu schreiben leider nicht unter¬
1124 1836 2373 1882 lassen hat (so was könnte ein Mann nämlich kaum geschrieben
1129 1876 2377 1928 haben). bekam man in höchsteigener Person zu sehen und zwar als
1135 1916 2368 1973 Gastdarstellerin der Titelheldin: Fräulein Helene Brandt¬
1131 1951 2371 2009 [Schüle. Die Komik ihres Spiels schien dem Zirkus abgelauscht
1137 2009 2372 2051 zu sein. Der sächsische Dialekt sollte ihrem Werke zur Wirkung
1144 2035 2373 2094 verhelfen. Sie bezeichnet ihn selbst einmal als saft= und kraftlos,
1137 2072 2374 2134 ohne Charakter. Auf ihn baute sie ihren Schwank; er ist dem¬
1135 2109 2374 2172 entsprechend ausgefallen.— Das Leipziger Sonntagspublikum, eine
1135 2152 2370 2211 auffällige Spezies von Großstadtpublikum, pflegt von einer naiven,
1127 2188 2375 2265 wirklich rührende Erkenntlichkeit für alles nur irgend Witz= oder
1142 2221 2376 2285 Komitärlige zu sein. Das bewies es auch diegmal wiedey auf das
1927 2268 2156 2331 EE
1134 2275 1451 2344 Geräuschvollste.
1371 2311 2376 2370 Münchener Theater. Ueber Arthur Schnitz¬
1125 2354 2380 2416 lers dreiaktige Komödie Zwischenspiel die am Sonn¬
1134 2396 2377 2446 abend bei ihrer hiesigen Erstaufführung im Königl. Residenz¬
1137 2433 2376 2478 theater sehr freundlichen Beifall fand, wäre vielleicht zunächst
1131 2470 2377 2527 das zu sagen, was heutzutage so vielen dramatischen Werken
1135 2510 2368 2578 zum Vorwurfe gemacht wird und gemacht werden kann, näm¬
1126 2550 2374 2611 lich, daß diese Komödie (besser Tragikomödie!) nicht im eigent¬
1132 2582 2381 2635 lichen Sinne dramatisch ist. Aber hier liegt der Fall doch nicht
1139 2626 2365 2682 so einsach, daß damit eine Ablehnung des Stückes gemeint ist —
1140 2662 2376 2716 im Gegenteil, ich stehe nicht an, das „Zwischenspiel“ für eine
1140 2699 2376 2758 unserer besten Schöpfungen seiner Gattung zu erklären. Seine
1132 2755 2378 2803 Gattung — ich meine damit das exakt psychologische Drama.
1133 2788 2375 2835 Schnitzler, der dieser Richtung seit seiner „Liebelei“ huldigt,
1130 2815 2386 2878 ist Seelenmaler wie kein Zweiter heute. Und seine Palette hat
1132 2851 2388 2905 Farben, die jene schmerzlich== süßen, sehnsüchtig=entsagenden
1139 2910 2380 2960 Reize in uns auslösen, um derentwillen wir auch einen Richard
1139 2942 2386 2984 Strauß lieben. Schnitzler i auch Musiker. In seinen Dramen
1145 2970 2383 3018 erklingen oft Töne, Allorde von verhaltener Sehnsucht und
1144 3017 2392 3064 banger Schwermut. Aber es #i#tauch blitzende und funkelnde
1144 3046 2417 3106 Passagen und Stakkati darin, denn Schnitzler ist ein echtes Kind „
1878 3086 2414 3140 ist Wien. Den Wiener“
1144 3094 1873 3153 seiner Heimat — und seine Heimer
1134 3122 2381 3177 Tust, den Wiener Gsprt der dem französischen in vielemyb
1877 3163 2387 3217 Das gibt einen Digkog,
1141 3168 1754 3225 ähnlich ist, aimen seine te
1124 3180 2411 3276 wie er feiner und sprühender laum zu benken ist. Doch immer)
