3484 4224
1449 105 1875 204 box 25/5
371 91 1262 201 20. Zuischensniel
572 563 1638 677 Ausschnitt austägliche Hundschau, Berlie
882 662 1091 738 P19 15
581 694 749 738 vom:
706 789 1615 905 Hus dem Kunstleben.
780 937 1552 1023 Deutsches Künstler-Theater.
804 1007 1513 1084 Arthur Schnitzler=Zwischenspiel.
638 1076 1760 1128 Die Aufnahme dieser leisen Ehekomödie war noch um
553 1119 1772 1182 einige Grade kühler als bei der Erstaufführung vor zehn
559 1163 1773 1220 Jahren, wenn mich mein Gedächtnis nicht täuscht. Die
554 1206 1765 1250 mattere Wirkung lag zunächst an der Darstellung, die das
561 1253 1762 1310 Werk zu kalt=ironisch auffaßte, beinahe wie eine Pariser
552 1285 1763 1335 Komödie. Dabei ging eben das verloren, was den Reiz der
562 1333 1769 1398 Schnitzlerschen Art ausmacht, die leise Wehmut, das ver¬
566 1374 1768 1438 ständnisvolle Verzichten, die zarte Seelenbeobachtung. Mit¬
555 1409 1760 1474 unter gab es gar eine arge Plumpheit in der Spielführung,
556 1469 1767 1524 so wenn nach einer sogenannten Pointe der Musiker mit
552 1513 1760 1566 dem Unterarm auf die Tasten des Klaviers fiel, damit nur ja
549 1559 1662 1600 alles aufhorchen sollte. Das verträgt ein Dichter nicht.
643 1600 1762 1665 Aber auch unsere Zeit verträgt solche Dichtung weniger
550 1648 1769 1704 als irgendeine andere. Drei Akte hindurch wird das heim¬
551 1692 1773 1747 liche Sichloslösen zweier Seelen voneinander in halben
562 1733 1769 1790 Tönen und flimmernden Uebergangslichtern geschildert. Mit
562 1770 1762 1822 feinen Werkzeugen eines seelischen Wundarztes hat der Doktor
554 1821 1758 1860 Schnitzler hier den bei reifwerdenden Menschen eigentüm¬
552 1852 1754 1901 lichen Wettstreit zwischen müdem Entsagen und aufflackern¬
548 1898 1768 1939 der Sinnenlust zergliedert. Die schmerzlich=süße Früchtezeit
550 1949 1764 2003 des Lebens, da alle Gärten bunt schimmern, da der Wander¬
553 1992 1762 2028 trieb im Vogel lockt, läßt von schöneren Früblingen träumen,
554 2043 1767 2094 als die Wirklichkeit sie jemals bringt. Und die Frage am
560 2077 1759 2136 Schluß lautet: werden die beiden, die voneinander scheiden,
554 2117 1466 2179 ihr Glück in einem neuen Frühling finden?
638 2161 1758 2222 Nicht das letzte Fragezeichen ist das Bedenkliche an
541 2188 1762 2269 dieser Dramatik. Ein künstlerisches und leider auch künst¬
546 2253 1763 2302 liches Zerfasern herbstlicher Seelenregungen, eine mit über¬
551 2294 1759 2340 legener Ironie durchsetzte Wehmut, verschollene Seligkeiten
540 2338 1759 2394 genießerischer Glücksucher vermögen uns heute, wo die Tat
547 2382 1758 2438 und der Wille herrschen, wo der ganze Mensch zum Opfer
551 2416 1755 2493 gefordert wird, nicht zu ergreifen, geschweige denn zu halten.
546 2475 1756 2535 Ich gestehe, daß fast jeder Auftritt mir weniger Spannung
546 2518 1759 2562 als Abspannung brachte und meine Gedanken während des
548 2554 1764 2618 Spiels wohl ein Dutzendmal ihren Flug nach Westen
549 2595 1750 2655 nahmen, wo unsere Wacht am Rhein in furchtbarem Ent¬
546 2644 1760 2694 scheidungskampf keucht und blutet. Wie stark ist das Leben,
545 2690 1767 2747 wie schwach ist die Kunst! Und nur die Dichtung kann dem
542 2724 1762 2778 Heutigen etwas geben, die Kraft und Leidenschaft hat, die ein
550 2775 1762 2838 Werden und Vollbringen zeigt, Kühnheit, Größe, Horizont
551 2817 1750 2860 und freien Blick. Der Dichter, der bei Marathon mit¬
540 2863 1755 2921 gekämpft hat, der den Siegesreigen nach der Schlacht bei
545 2898 1765 2953 Salamis führte, der mit der Flotte gen Samos fuhr, hat
551 2945 1750 3005 uns heute mehr zu sagen als feinfühlige Nervenmenschen,
543 2992 1765 3056 die ohne Grund die Kunstform des Dramas auf einen
540 3022 1052 3081 Novellenstoff anwenden.
645 3069 1762 3120 Was über die Darstellung als Ganzes gesagt wurde,
555 3115 1754 3186 bestätigen die Einzelheiten. Kurt Götz als Amadeus wan¬
547 3156 1757 3229 delte mit Geschick in Bassermanns Spuren, was nicht mehr
555 3201 1762 3257 nötig wäre, da er begabt genug ist, seine Füße dem eigenen
545 3238 1754 3298 Wuchs gemäß zu setzen. Seine Leistung war die beste des
555 3288 1759 3355 Abends, nur noch zu einfach, zu polternd, mitunter auch zu
546 3329 1762 3396 laut, um die gebrochene Linie Schnitzlerscher Seelenschilde¬
556 3384 1760 3438 rung zu finden; mehr Abtönung in dem Langen und Bangen
546 3421 1754 3482 des von Zweifeln, Hoffnungen und stillem Entsagen hin= und
539 3463 1750 3528 hergeworfenen Musikers hätte des Dichters Willen besser
546 3508 1760 3567 noch erfüllt. Lina Lossen als Cäcilie war eine Fehl¬
539 3537 1755 3608 besetzung (wie auch Karl Forest als Rhon). Wohl hatte
540 3591 1758 3633 die Lossen den hohen weiblichen Adel, der dieser Gestalt bei
538 3634 1755 3679 aller Leichtfertigkeit nicht fehlen darf, aber man vergaß die
540 3674 1757 3745 Künstlerin mit den Zigeunernerven; damit vergaß man die
546 3722 1766 3782 Hälfte der Gestalt, die der Dichter geschnitzelt hat, und es
541 3757 1749 3813 blieb allein die schöne hohe Lina Lossen übrig. Freilich war
542 3805 1508 3866 in diesem Fall die Hälfte mehr als das Ganze.
1297 3848 1723 3934 Karl Strecker.
2680 62 3283 128 1
2257 106 3270 159 wir für einander im Herzen trugen, schulgerechte
2240 145 3284 200 Liebe genannt wird, aber Du warst die Erfüllung
2250 182 3283 237 meiner Vorstellung vom besten Weibe. Ist das nicht
2246 227 3282 280 genug? Verzeih nur, wenn ich es Dir nicht mit
2252 271 3286 327 gleichem vergalt! Unser Fehler war: wir forderten
2249 308 3294 361 zu wenig von einander; ja, ja, das war es! Wir
2246 351 3286 405 zogen für die Anwendung unserer Gefühle einen zu
2246 390 3279 443 engen Bezirk. Das ist traurig. Es bleibt dann,
2259 433 3278 478 wenn die Zeit der Gelegenheit vorüber ist, zu viel
2247 473 3280 528 Unangewandtes, zu viel Ungelebtes übrig, das noch
2251 513 3278 557 wartet.“ Ein schwer bedrängter Atemzug kam aus
2245 553 3286 603 tiefster Brust empor. Frau Felice erschauerte. Ihr
2249 598 3279 650 war, als käme er nicht von ihren Lippen. Ein
2241 634 3278 705 Grauen erfaßte sie. Sie sprang auf und eilte dem
2240 666 2460 734 Hause zu.
2318 724 3290 775 Es war ihr, als sitze vielleicht wirklich jemand
2242 764 3284 816 dort ganz hinten auf einer Bank, als habe sie dort
2242 799 3289 866 jemanden zurückgelassen, von dem sie jetzt erst eigent¬
2239 840 2849 904 lich Abschied genommen hatte.
2309 875 3282 944 Da horchte sie auf. Es drang von unten aus
2237 916 3285 962 dem Hause wirrer Lärm zu ihr empor. Ein Eilen
2243 961 3291 1014 treppauf, treppab, ein Türenzufallen, viele erregte
3162 1013 3276 1059 nun
2247 1003 3126 1054 Stimmen, Rufe, Anordnungen, Fragen, -
2247 1045 3284 1108 wurden sie lauter, tauchten unter dem Fenster im
2239 1096 3280 1147 Garten auf. Laternen erschienen. Einzelne Worte
2247 1123 2996 1177 waren deutlich zu verstehen. Also,
3021 1126 3288 1191 wahrhaftig!
2238 1166 3295 1217 Man suchte sie; man hatte sie vermißt! Ja, warum
2238 1214 3280 1262 denn? Dachte man, daß ihr schon etwas sehr Arges
2250 1254 3292 1307 zugestoßen sein müsse, wenn sie vergessen hatte, zum
2246 1299 2733 1351 Abendessen zu kommen?
2310 1329 3287 1391 Seltsam, war es nicht, als sei sie wirklich jetzt
2236 1389 3283 1434 weit fort von diesen andern? Abgeschieden durch
2252 1419 3295 1468 etwas Unübersteigliches von ihnen getrennt, als habe
2246 1453 3284 1535 sie der Totemit dem Zwiegespräch schon aus dem
2239 1499 2875 1555 Kreis der Lebenden fortgelockt!
2311 1530 3283 1591 Es dauerte eine geraume Weile, ehe ihr einfiel,
2235 1580 3268 1627 daß sie ja hinuntergehen sollte, die Befürchtungen der
2238 1623 3280 1676 Menschen zu zerstreuen. Seufzend trennte sie sich
2240 1675 3281 1725 von ihrem schönen einsamen dunklen Fenster, von
2243 1705 3276 1743 dem Duft und den Geräuschen des nächtlichen Gar¬
2247 1749 3286 1810 tens und ging zu ihnen hinunter, um von Migräne.
2245 1788 2780 1860 und sonst etwas zu reden.
2712 1845 2758 1913 4
2839 1828 3206 1928 Oe dand
2317 1903 3288 2042 Theater und Musik 2%
2586 2016 2949 2092 Zwischenspiel.
2415 2072 3134 2135 Deutsches Künstlertheater.
2307 2120 3291 2179 An einem untauglichen Objekt wurde zu ungeeig¬
2244 2165 3290 2214 netem Zeitpunkt mit ungenügenden Mitteln ein Ver¬
2249 2209 3297 2270 such angestellt. Es gab schon Juristen, die im Fall
2239 2256 3292 2301 eines dergestalt dreifach, im Keime erstickten Ver¬
2244 2290 3289 2346 brechens dennoch eine Verurteilung für geboten hiel¬
2250 2329 3295 2379 ten; aber es wird keinen Theäterkenner geben der
2242 2368 3291 2435 bei solchem Tatbestand den Erfolg einer Aufführung
2255 2411 3290 2465 für möglich hielte. Arthur Schnitzlers „Zwischen¬
2252 2454 3283 2498 spiel“ ist ein schwaches Stück, das nicht zu retten ist;
2239 2491 3292 2526 die Art und die Zeit der Aufführung gaben ihm vol¬
2236 2529 3295 2576 lends den Rest. Das Stück ist zehn Jahre alt und in
2245 2574 3287 2633 Berlin nicht neu; man hätte es um Schuitzlerswillen,
2246 2618 3284 2669 der uns aus vielen Gründen wert ist, richen lassen
2245 2656 3294 2704 sollen. Damals, als er es schrieb, war der Kluge zu
2250 2700 3289 2757 klug, um klug zu sein; er hat eigentlich gewußt, daß
2255 2741 3294 2793 seine Kraft nicht ausreicht, einen genialen Kerl, der
2250 2780 3287 2837 Zwischenspiele der Liebe braucht, auf die Beine zu
2250 2824 3281 2877 stellen; und wie er überhaupt darauf hält, sich und
2244 2861 3271 2898 uns einzuschärfen, daß seine Komödien und Trauer¬
2242 2904 3273 2954 spiele keine Lebensdramen, sondern Theaterstücke sind.
2246 2946 3083 3000 so hat er diesmal ganz besonders betont:
2242 2994 3293 3039 eigentlich nur Spiel! Aber selbst zum Spiel sich zu
2241 3030 3298 3073 entschließen, bedarf es der Resolutheit, und da sie
2244 3060 3294 3113 fehlte, wurde schließlich aus dem Puppenspiel von der
2249 3111 3288 3160 Ehe zweier närrischer Menschen, die den Schatz unbe¬
2247 3149 3283 3196 stimmter Sehnsucht in die kleine Münze trivialer
2254 3188 3283 3237 Erlebnisse umwechseln, eine Mischung aus witzigem
2243 3232 3292 3289 Geplauder und der Marlittiade uninteressanter Klein¬
2244 3268 3283 3331 bürger, die sich, ohne daß wir's glauben, zu Künstler¬
2236 3315 3287 3366 naturen hochschrauben. Immerhin hätten wir uns
2248 3362 3293 3407 zwei Stunden lang immer wieder von feinem Geist
2252 3393 3286 3450 anmutig amüsieren lassen können, wenn der ganz und
2243 3435 3278 3481 gar wienerische Ton schwermütiger Leichtigkeit getrof¬
2250 3478 3280 3530 fen worden wäre. Symphonien zwar schreibt angeb¬
2237 3518 3286 3559 lich dieser Kapellmeister Amadeus; aber was wettet
2252 3563 3295 3615 ihr, daß es in Wahrheit nur schmachtende Walzer im
2236 3601 3287 3650 langsamen Tempo waren? Tritt aber an die Stelle
2245 3639 3284 3694 des duftig Spielerischen der schöne, sich sträubende
2237 3674 2396 3740 Ernst
2395 3686 3292 3736 Lina Lossens und die norddeutsche
2242 3729 3284 3779 Scharfe, mit der Kurt Götz den Kapellmeister
2246 3764 3289 3808 spielte, wird der liebenswürdigen Trottelhaftigkeit des
2243 3799 3285 3856 Fürsten Sigismund der sinnliche Zauber genommen,
2237 3848 3288 3919 durch den der dumme Bub in der kurzen Episode uns
