3484 4352
1309 225 1815 336 box 25/1
287 213 1328 341 20. Zuischenspiel
189 1249 3309 1369 en Apparat von kleinen Beobachtungen; Eifersucht! Leben ein Ende machen, Selbstmord oder Tötung — überwunden, er war von größter Einfachheit bei
1171 1308 3298 1393 es gibt nichts, was da unmöglich wäre, und darin aller kunstvollen Nuancierung; indem er dies
188 1346 1186 1423 daufgeboten, um für Amadeus die Möglichkeit der
1171 1355 3290 1460 zeigt sich schon ein Gebrechen, wo jedes dem Stoffe nachNervosität, und naive Selbstüberredung des
196 1390 1175 1465 undschaft zwischen Mann und Weib Lügen zu strafen,
1179 1404 3282 1503 richtig erfaßtes und durchgeführtes Drama nur einen Helden besonders betonte, gewann er ihm die
196 1436 1187 1512 ilie muß sich von ihm trennen, um in der Ferne die
2212 1463 3280 1540 so schwer erringbare Sympathie. Nur im dritten Akte
1179 1475 2231 1547 einzigen möglichen Schluß haben kann. Schnitzler läßt
201 1497 1184 1562 fehrlichen Kräfte ihrer Natur zu finden. Die Wahr¬
2216 1518 3280 1585 scheint die Zerfahrenheit der Figur auch ihn unruhig
1172 1533 2224 1596 sie unter Tränen auseinandergehen. Für wie lange?
213 1541 1184 1622 t, die sie sich gegenseitig abgefordert, wird zur Lüge,
2217 1564 3285 1636 gemacht zu haben, er überlud sie mit Nuancen und
1172 1583 2216 1647 dürfen wir wohl fragen. Niemand wird einen äußer¬
210 1585 1188 1670 Reihe ausgeklügelter Motive schlingt und ver¬
2219 1617 3289 1689 Grimassen. Aber die Leistung bleibt denkwürdig in der
1186 1629 2230 1705 lichen Abschluß von einer Seelentragödie fordern:
209 1656 1188 1716 rt sich, ohne daß ihre Bedeutung für das Drama
2222 1650 3286 1736 Geschichte des Burgtheaters. Frl. Witt ist keine
1179 1674 2231 1749 aber daß ein Augenblick gekommen ist, an dem die
199 1698 1186 1762 ner klar würde, psychologische Wendungen gleiten
2220 1707 3299 1792 Problemnatur, die bürgerliche Auffassung, die sie in
1183 1734 2232 1804 Personen sich nichts mehr zu sagen haben, ist ein
188 1750 1182 1820 eachtet vorüber, die jede für sich selbst den Angel¬
2224 1768 3296 1841 die Rolle der Cäcilie hineintrug, ließ sie eine Reihe
1189 1791 2225 1846 Gebot der dramatischen Form. Dieser Amadeus,
192 1803 1082 1871 kt eines neuen Seelenkonfliktes geben könnte.
2224 1813 3288 1887 wichtiger Stellen vernachlässigen, aber sie tat ihrem
1184 1834 2232 1902 diese Cäcilie können morgen abend in Berlin, wohin
197 1825 1195 1908 Der Zwischenakt, in denen ja, nach einem Worte
2232 1867 3289 1941 Wesen oft heroischen Zwang an und brachte in der
1191 1864 2232 1958 sie zieht, ihre langwierigen Debatten wieder auf¬
210 1883 1192 1963 Stückes, der Dichter mit seinen Figuren anfangen
2217 1907 3296 2008 großen Szene des zweiten Aktes schöne Töne der
1191 1923 2223 2006 nehmen, und wie viele Zwischenspiele ehelicher Ver¬
197 1948 1188 2020 n, was er will, macht Amadeus zum wirklichen
2230 1971 3293 2036 Leidenschaft. Noch weniger ist Herr Treßler für
1186 1973 2238 2073 einigung noch ihr Freiheitsleben unierbrechen werden,
200 1997 1198 2070 beter seiner Frau, der dem vermeintlichen Liebhaber
2220 2014 3291 2095 den Dichter Albertus geboren, er nahm aber mit
1192 2037 1585 2121 ist nicht abzusehen.
221 2049 1199 2116 den Kragen will. Eine Auseinandersetzung mit
2237 2063 3293 2136 Glück die humoristischen Seiten heraus und erzielte
1227 2059 2240 2150 Es war dem Dichter nicht genug, durch die Handlung
213 2099 1196 2168 n, dem Aristokraten der Geburt, der eine weitaus
2238 2118 3301 2186 mit ihnen das befreiende Lachen, auf das das
1187 2121 2239 2209 und deren Träger seine bitter-ironische Auffassung zu¬
188 2152 1194 2210 Esere Rolle spielt als der Aristokrat des Talents,
2243 2161 3299 2240 Publikum gerechnet hatte. In den kleineren Partien
1189 2167 2245 2253 tage treten zu lassen und durch ein — ich möchte
206 2200 1200 2263 bt ihm die Gewißheit ihrer körperlichen Unberührtheit,
2244 2214 3345 2295 wirkten Frau Kallina, Frau Haeberle sehr
1413 2215 2238 2301 Vexierkind eine ergreifende Versöhnung
1186 2242 1343 2310 sagen
207 2255 1193 2321 sieht kein Hindernis einer Wiedervereinigung, wohl
1191 2269 3302 2352 boshaft in varrende Aussicht zu stellen, er bringt verdienstlich, die fatale Rolle des Fürsten Sigismund
195 2298 1205 2370 er deduziert sie wieder die Unmöglichkeit, ihm wieder
1191 2307 3302 2408 auch noch einen Raisonneur hinein, der sich über das brachte Herr Korff gerade durch den gemütlichen
199 2361 1205 2417 zugehören, aus Gründen a., b., c. u. s. w. Ein
1194 2358 3308 2457 ganze Stück, den Zuschauer und den Dichter lustig wienerischen Einschlag, den er ihr gab, zur besten
195 2387 1201 2467 ziger heißer Kuß — und die ganze Logik fiele über
1191 2417 3298 2494 macht. Die beste, aber auch zugleich de unmöglichste Wirkung. Daß zahireiche Sätze fast bei allen Dar¬
199 2452 1197 2517 n Haufen. Eines ihrer stärksten Worte, von dem man
2233 2471 3300 2540 stellern durch undeutliches Sprechen ganz verloren¬
1195 2487 2251 2562 Figur des Dramas. Das Publikum versichern, es
200 2502 1198 2567 warten könnte, daß es ihn mit Abscheu erfüllen könnte:
2248 2511 3319 2595 gingen, könnte wieder einmal Anlaß geben, das alte
1197 2535 2249 2616 werde diese neue Art von Ehe „wenigstens von halo
180 2555 1201 2625 eses Glück hätte sich gestern jeder andere auch holen
2238 2572 3298 2647 Klagelied über das Haus anzustimmen. Einen durch¬
1197 2570 2253 2654 acht bis zehn Uhr“ begreifen, das gleicht dem Tric des
194 2600 1211 2663 nnen, fällt unbeachtet zu Boden. Der Autor hastet seinem
2252 2586 3331 2696 schlagenden Erfolg ließ das Stück von vornherein nicht *#
1202 2641 2246 2712 Taschenspielers, der seine Kunsistücke selbst enthüllt.
187 2650 1208 2721 Schlusse zu: daß dies nicht die banale Rührszene
2242 2671 3306 2755 erwarten; Respekt vor dem Dichter und seinen Dar¬
1239 2689 2249 2760 Diese Gestalten zum Leben zu erwecken, ihnen einen
199 2698 1216 2775 in werde, war dem guten Geschmacke Schnitzlers von
2249 2726 2882 2816 stellern hat es allerseits erweckt.
1203 2733 2263 2810 großen Zug zu geben über all die kleinen zerzupften
190 2761 1211 2813 ornherein zuzumuten. Das Leben freilich hätte
2687 2753 3258 2861 Alexander von Weilen.
1202 2768 2270 2864 Motivchen heraus — das war eine fast unlösbare
185 2800 1206 2875 hwerlich anders entschieden. Aber bis zum letzten
1208 2837 2263 2900 Aufgabe für den Schauspieler. Kainz hat in den
191 2854 1211 2937 ugenblicke droht der glückliche Ausgang, es könnte
198 2890 2297 3005 ber auch ein Pistolenschuß ihrem Leben, seinem beiden ersten Akten diese Schwierigkeiten glänzend
821 3004 971 3113 33
