3484 4352
1266 212 1713 328 box 25/1
205 241 1167 358 20. Zuischensniel
1753 1784 2877 1853 temperamentvolle höhere Tochter, die das „Tage¬
806 1792 1355 1909 Mu Theater.
1764 1843 2878 1917 buch einer Kammerjungfrau“ auswendig kennt, er¬
741 1890 2870 1978 Burgtheater. „Ein Zwischenspiel", Komödie klärte dezidiert: „In solchen Fällen ist es immer
1757 1957 2882 2017 die Frau, die sich unbefriedigt fühlt.“ Und eine
631 1974 1758 2056 in 3 Akten von Arthur Schnitzter Endlich einmal
1760 2012 2873 2096 höhere Tochter, die muß es doch wissen! — Übrigens
637 2008 1749 2104 ein Stück, bei welchem Mäl auch in den
1758 2072 2870 2143 halte ich diesen ganzen Streit für müssig: es gibt
642 2080 1757 2174 Zwischenakten erröten kann! Denn was sich
1768 2137 2870 2209 wohl nur einen Menschen, der uns genauen Auf¬
645 2149 1752 2229 da nach den Intentionen des Dichters hinter ge¬
1763 2203 2880 2263 schluß darüber geben könnte; der Dichter. Der
647 2217 1745 2288 smlossenem Vorhang auf den die Welt der Halb¬
1764 2253 2902 2328 aber pfeift uns was, wie er uns ja durch sein
636 2249 1761 2333 welt bedeutenden Brettern abspielt, das läßt sich
1763 2319 2694 2415 Stück klar genug zu verstehen gegeben hat.
645 2328 1747 2418 nicht einmal — in anständiger Gesellschaft er¬
639 2384 1754 2481 zählen. Es sei bei dieser Gelegenheit der Vorschlag
2354 2381 2678 2504 —
2141 2401 2249 2519 —
642 2439 1765 2527 einer jungen, schönen Bankiersfrau registriert, dahin¬
648 2510 1760 2585 gehend, man möge bei den Wiederholungen des
645 2578 1752 2646 Werkes die Akte weglassen und nur die Zwischenakte
647 2629 1759 2705 spielen. Übrigens herrschte bei der Premiere nach
639 2679 1769 2779 dem letzten Aufzuge, in welchem die beiden Gatten
647 2727 1772 2836 gleich nach dem stattgefundenen Intermezzo einander
644 2791 1772 2889 wieder davonlaufen, im Publikum ein lebhafter
643 2849 1784 2922 Meinungsstreit darüber, wer von den beiden die
657 2919 1782 3029 Schuld daran trage: er oder sie. Und eine sehr
