3532 4224
231 138 1136 237 20. Zuischensniel
882 1289 1046 1365 d Sn
388 1361 621 1445 G
444 1356 1418 1486 Das Ensemblegastspiel 1
377 1442 1435 1521 — An demüngleichmäßigen Besuche der drei Gastspiel¬
384 1500 1428 1588 abende Keiniger Herren und Damen vom Wiener
399 1549 1435 1640 Burgtheater hätte man Studien über die Physiog¬
391 1601 1436 1682 nomie des Grazer Theaterpublikums anstellen können.
398 1646 1445 1715 Die Aufführung der „Familie“ von Karl Schön¬
402 1709 1434 1762 herr, dessen wuchtige Dramatik uns von früher be¬
402 1748 1441 1842 kannt ist, blieb leer: man ließ den biederen Tiroler
395 1795 1446 1873 links liegen. Bei Arthur Schnitzler, der aus der
409 1839 1438 1924 französischen Schule kommt und dem stets psychologi¬
400 1891 1441 1993 sche Indiskretionen zugemutet werden, füllte sich das
401 1938 1448 2031 Haus, „Das schwache Geschlecht“ von dem
406 1982 1448 2063 Franzosen Prévost, der durch seine Demi vierges
414 2040 1454 2111 auch in Deutschland bekannt geworden war und von
403 2086 1444 2173 dem man Pikanterien aller Art erwartete, brachte
423 2136 1449 2214 einen bis zum Giebel ausverkauften Saal. Ob die
415 2181 1452 2260 Spekulation unserer Kunstfreunde richtig war, bleibe
422 2233 1451 2307 dahingestellt, jedenfalls haben manche am ersten Abend
424 2278 1452 2374 manches versäumt, viele sind am zweiten nicht auf
420 2324 1459 2398 ihre Kosten gekommen und nur der dritte fand unge¬
413 2381 1453 2457 teilten Beifall, obwohl gerade er nichts Pikantes bot.
465 2428 1454 2516 Schönherrs „Familie“ ist ein von Nebenhand¬
417 2475 1465 2559 lungen und Motivenberichten derart überladenes Werk,
420 2526 1464 2611 daß die Verständlichkeit der Fabel darunter Schaden
434 2571 1464 2642 leidet. Ich habe die Empfindung, daß der Dichter,
419 2635 1466 2701 den ich übrigens zu den hervorragendsten Dramatikern
420 2671 1462 2745 der Gegenwart zähle, zu schwerfällig arbeitet, daß er
430 2720 1473 2793 die Ausübung seines Berufes zu tragisch nimmt, daß
426 2770 1473 2844 er in übertriebenem Pflichtgefühl Arabesken erfindet:
429 2830 1470 2895 nicht, um zu verzieren und zu verschönern, sondern um
423 2872 1468 2940 Lücken zuzudecken, die nur sein empfindliches Auge
431 2918 1477 3001 sieht. Bei leichterer Konzeption wird er einfacher und
434 2980 1469 3035 wirksamer sein. Dann wird sich auch jene Selbstbe¬
435 3011 1463 3095 schränkung finden, in der sich erst der Meister zeigt.
1298 125 1734 225 box 25/4
1453 1316 2483 1420 Wäre es mir gestattet, hier einen Rat zu erteilen, so
1456 1379 2485 1461 würde ich umfassende Goethe= und Grillparzer=Studien
1463 1421 2488 1504 Lpfehlen. Bei diesen Vorbildern, zu denen sich leicht
1467 1478 2487 1543 Shakespeare und Anzengruber gesellen, findet Schön¬
1461 1512 2492 1600 herr, was ihm bisher völlig zu mangeln scheint: den
1466 1567 2491 1653 Humor. Der Humor in jenem edelsten Sinne, in
1458 1630 2498 1697 welchem er über allen künstlerischen Gebilden lagert,
1459 1667 2494 1736 ohne sie auf das Gebiet der Satire oder Farce herab¬
1473 1705 2495 1791 zudrücken. Freilich ist auch an diesem neuesten Schön¬
1464 1764 2507 1839 herr die Gewalt der gesunden Theatralik und die scharfe
1480 1818 2364 1893 Plastik seiner Gestalten bewunderungswürdig.
1521 1860 2498 1929 Schnitzlers „Zwischenspiel“ bietet weder thea¬
1468 1900 2501 1989 tralisch wirksame Situationen noch schneidige Charak¬
1475 1975 2508 2029 teristik. Man mag überhaupt im Zweifel sein, ob es
1472 2006 2509 2077 ein Theaterstück im vulgären Wortsinne ist, wie ja
1473 2061 2507 2130 auch das Ende zu den mannigfachsten Erörterungen
1472 2107 2504 2180 Anlaß bietet. Aber die tiefste Seelenkenntnis hat man
1483 2153 2509 2230 in einem literarischen Produkte selten mit so viel Geist
1475 2205 2503 2268 und Anmut gepaart gefunden, wie hier. Niemals sind
1470 2269 2520 2320 mit mehr Diskretion die letzten Geheimnisse der Ehe
1484 2299 2520 2375 offener aufgedeckt worden. Tiefer ist Schnitzler selbst
1484 2359 2522 2414 noch nicht in das Gemütsleben der Geschlechter ein¬
1483 2397 2515 2486 gedrungen und anschaulicher hat er die Abstände bis¬
1487 2454 2524 2539 her nicht gezeichnet. Die Gespräche zwischen Cäcilie
1490 2487 2522 2567 und Amadeus werden lange ein Kulturbild sein. Ich
1501 2557 2531 2629 glaube, daß diese Komödie, wie Schnitzler sein „Zwi¬
1494 2592 2524 2677 schenspiel“ nennt, in ihrem Werte nicht überschätzt
1494 2660 1764 2726 werden kann.
1577 2672 2523 2758 Als ein beredtes Plaidoyer für die legitime Ver¬
1490 2753 2523 2815 bindung zwischen Mann und Frau kann das jüngste
1505 2802 2534 2863 Schauspiel Marcel Prévosts bezeichnet werden. In
1492 2842 2531 2916 diesem außerordentlich wirksamen Drama finden sich
1492 2898 2535 2961 Grazie und Verstand zu einer wahrhaft freundlichen
1502 2956 2535 3005 Harmonie zusammen. Es ist die Grazie der französischen
1487 2990 2560 3071 Weltanschauung, der französischen Bühnenfertigkeit, der
2524 1286 3310 1381 französischen Darstellungskunst und der ge
2514 1357 3319 1424 schenverstand eines nüchtern denkenden M
2516 1396 3321 1485 auch während der Tätigkeit seiner dichteri
2515 1459 3317 1536 tasie die Bedingungen des Alltagslebens
2522 1500 3318 1572 hält. Von einem Zuge keuschester Poesi
2522 1552 3318 1626 weicht die Dichtung doch nicht einen Schri
2517 1606 3319 1663 Gesetzen der Wahrscheinlichkeit ab, die un
2526 1658 3313 1711 liches Dasein bestimmen. Sie nimmt sich
2533 1700 3316 1774 hohe Lied der Bourgeoisie, die nicht zu G
2524 1754 3328 1811 wird, so lange sie solche Blüten treibt. M
2528 1800 3325 1866 zeuge der alten Dramaturgie fertiggestellt,
2538 1848 3335 1921 schwache Geschlecht“ doch so entschlossennc
2533 1901 3324 1979 lieu, daß es als ein realistisches und na
2538 1945 3319 2016 Bühnenwerk gelten kann, nur daß
2539 1998 3325 2061 verkommene, sondern brave, edle und gutt
2533 2060 3337 2109 zur Darstellung bringt. Noch gibt es ja
2538 2085 3339 2159 Louis Gourd, George und Germaine ver
2531 2139 3328 2210 Sphäre um sich, wie sie etwa in dem r
2541 2189 3322 2266 einer angebeteten Mutter herrscht. Daß
2541 2219 3340 2304 Menschen untereinander und mit der Nac
2549 2292 3332 2355 Konflikt geraten, führt zur Spannung, di
2532 2336 3324 2406 mentale, aber durchaus logische Lösung
2544 2371 3335 2447 habe mich seit vielen Jahren in keinem T
2547 2429 3332 2517 haglich gefühlt, wie in der Aufführung des
2550 2492 2797 2554 Geschlechts“.
2599 2506 3337 2591 Außer dem Verfasser mögen hiezu frei
2536 2579 3347 2661 Linie Frau Medelsky, sowie die Her
2544 2635 3334 2706 und Korffheigetragen haben. Ihnen ge
2544 2679 3342 2761 die Kritik zum Panegyrikus. Auch die 2
2555 2728 3335 2790 berle, Kögl und Rub wie die Her
2554 2781 3349 2844 tori, Pittschau und Baumgartn
2552 2824 3342 2894 schuld daran, wenn uns das liebgeworde
2563 2871 3337 2969 spiel auch heuer eine Reihe schöner Fest
3185 2921 3349 2996 Dr. W
