3484 4256
324 98 1231 212 20. Zuischensniel
1382 112 1845 208 box 2575
739 308 1440 409 Bitte, Rückseite beachten !!
1272 380 1666 465 Telephon 12.801.
781 531 1413 617 „ODSLIVEI
540 607 1641 688 I. österr. behördl. konz. Unternehmen für Zeitungs-Ausschaltte
682 665 1518 760 Wien, I., Concordiaplatz 4.
889 738 1317 812 Vertretungen
550 798 1630 842 in Berlin, Budapest, Chicago, Christiania, Genk, Kopen¬
555 841 1635 911 hagen, London, Madrid, Mailand, Minneapolis, New-Vork,
594 877 1594 926 Paris, Rom, San Francisco, Stockholm, St. Petersburg.
879 925 1311 976 (Quellenangabe ohne Gewühs).
536 970 1649 1105 Ausschnitt aus: Hamburger Fremdenblaft
790 1044 1106 1126 GS MNTOEE
555 1072 696 1164 vom:
787 1232 883 1313 —
885 1238 1394 1347 Kurze Nachrichten.
776 1322 1628 1384 Anläßlich der Schnicterzimmmm
688 1375 1679 1431 königlichen Schampreryuts in Dresden hatte des
682 1389 1636 1462 Dig seltener gegebene, schon etwas verblaßte“
687 1440 1669 1523 ödie „Zwischenspiel“ dank der ###
692 1479 1602 1553 trefflichen Darstellung einen großen Erfolg. —
884 1534 1074 1595 KAMAAATT
1307 2347 1539 2431 Wenden!
439 2332 1205 2441 Wenden! Rückselte beachten!
1159 2417 1516 2518 Telephon 12.801
669 2578 1208 2682 „OBSLHTEN
490 2662 1463 2727 I. österr. behördl. konzession. Unternohmen für Zeitungs-Ausschnitte
600 2726 1379 2805 WIEN I, CONCORDIAPLATZ 4
835 2781 1148 2852 Vertretungen:
442 2811 1517 2899 in Berlin, Basel, Budapest, Chicago, Cleveland, Christiania,
442 2886 1528 2925 Genf, Kopenhagen, London, Madrid, Mailand, Minneapolis,
446 2917 1519 2983 New-Vork, Paris, Rom, San Francisco, Stockholm, St. Peters¬
834 2958 1120 3015 burg, Toronto.
739 3000 1226 3067 (Quellenangabe ohne Oewähr.)
429 3054 843 3136 Ausschnitt aus:
694 3094 1535 3212 5- 11 161)  Lepzig
442 3159 589 3216 vom:
765 3204 972 3309 A
571 3298 1497 3340 Erstaufführung in Dresden. Wie uns unser
522 3320 1480 3393 Dresdener Mitarbeiter berichtet, fand Arthur
529 3353 1479 3412 Schnitzlers dreiaktige Komödie „Zwischenspiel“ am
528 3402 1485 3454 Söm ihrer ersten Aufführung am Königl.
541 3446 1484 3498 Schauspielhaus in Dresden von Anfang an eine
532 3481 1490 3540 sehr freundliche Aufnahme. Einige Längen taten
529 3522 1102 3577 der Wirkung indessen Eintrag.
595 3526 1487 3623 Unter dem Namen „Deutscher „Aünstlerbund
528 3598 1480 3674 Genonh“ murde non einer granon Mwsebl biesiner
2229 407 2937 493 Bitte, Rückseite beachten !!
2763 474 3142 555 Telephon 12.801.
2779 557 2916 652 Di.
2251 610 2891 698 „ODSLIVER
2023 682 3141 761 I. österr. behördl. konz. Unternehmen für Zeitungs-Aussohnitte
2156 723 3005 824 Wien, I., Concordiaplatz 4.
2357 811 2803 891 Vertretungen
2024 860 3114 938 In Berlin, Budapest, Chicago, Christiania, Genf, Kopen¬
2030 913 3109 999 hagen, London, Madrid, Mailand, Minneapolis, New-Vork,
2063 963 3074 1029 Paris, Rom, San Francisco, Stockholm, St. Petersburg.
2352 991 2783 1073 (Guellenangabe ohne Gewähs).
2009 1031 2997 1157 Ausschnitt aus: Tieue Freie Presse, Wien
2215 1091 2507 1192 9MWine
2006 1141 2173 1235 vom:
2111 1228 3134 1365 Aus Dresden wird uns berichtet: Das hiesige
1984 1285 3135 1398 königliche Schauspielhaus brachte zum erstenmal Arthur
1977 1334 3135 1451 Scniglers Komödie „Zwischenspiel". Man folgte mit viel
1976 1378 3126 1472 Spannuüg der glänzenden Dialektik und nahm die ersten zwei
1968 1407 3125 1533 Akte sehr freundlich, den dritten mit einigem Widerstand auf. Die
1958 1472 3127 1579 Darstellung war vorzüglich. Den Komponisten Adams gab Theodor
1964 1500 3117 1614 Becker bald grüolerisch, bald feurig, Hermine Körner als
1957 1554 3109 1652 seine Frau hätte leichter und liebenswürdiger sein können, reizend
1961 1598 3106 1705 waren der junge Fürst Siegismund des Herrn Wirth und der
1953 1636 2963 1751 überlegen humorvolle Dichter des Herrn Mehnene
2670 1725 3102 1814 ——Rasicktat.—
2653 2158 3055 2253 Telephon 12.801.
2109 2293 2867 2403 „CSSERVER
1946 2388 3048 2449 I. österr. beh. konz. Unternehmen für Zeitunge¬
2153 2446 2837 2507 Ausschnitte und Bibliographie.
2121 2488 2882 2568 Wien, I., Conoordiaplatz 4.
2338 2565 2674 2628 Vertretungen
1962 2595 3044 2673 in Bertin, Brüssel, Budapest, Chicago, Cleveland, Christiania,
1975 2654 3050 2703 Geaf, Kopenhagen, London, Madrid, Mailand, Minneapolis,
1948 2689 3055 2763 Eew-Vork, Paris, Rom, San Francisco, Stockholm, St. Peters¬
2346 2741 2650 2788 burg, Toronto.
2307 2769 2699 2838 (Quallanangabe ahne Gewähr.)
1948 2822 2356 2900 Ausschnitt aus:
2196 2884 2357 2963 11.9001
2360 2894 3000 3002 Der Hamcrist, Wien
1947 2956 2090 3009 vom
2011 2981 2375 3044 BBREFETR AENREENTRAM DTENTUIN TNT
1925 3000 3149 3093 Das kgl. Schauspielhaus brachte zur Erweiterung
1814 3078 3139 3144 seines Schnitzler=Repertoires die dreiaktige Komödie „Zwischenspiel“.
1811 3115 3136 3172 Das Stinkist gunzeanf=Diatogeranfgebaut, die interessantes Ma¬
1816 3168 3136 3243 terial für die Psychologie der Liebe und Ehe in sich tragen, aber
1802 3210 3133 3284 durch ihre Länge leicht ermüden. Das ist gewiß nicht dramatisch.
1811 3271 3141 3338 Aber Schnitzler ist ein geistreicher Schriftsteller und auch ein Poet.
1814 3315 3136 3378 Man hört ihm gerne zu, namentlich wenn gut gespielt wird, was
1807 3375 3133 3428 im kgl. Schauspielhause der Fall war. Theodor Becker und Her¬
1811 3414 3134 3482 mine Körner gaben das leicht erregbare Musikerpaar, das sich
1812 3464 3141 3512 liebt, aber unausgesetzt mit Eifersucht quält, das eigentlich zusammen¬
1813 3515 3145 3572 bleiben möchte, sich aber doch trennt und das wieder einmal den
1819 3556 3134 3622 Beweis erbringt, daß, wenn in einer Ehe beide Teile Künstler sind,
1810 3612 3147 3665 ein Zusammenleben auf die Dauer doch recht schwierig ist. Einen
1818 3652 3138 3726 großen Helfer hatte der Dichter in Lothar Mehnert gefunden,
1811 3708 3148 3770 der den Freund und Räsonneur mit seinem unfehlbar zündenden,
1812 3762 3139 3821 überlegenen Humor ausstattete. Einen Sondererfolg erspielte sich
1822 3809 3147 3857 Alexander Wierth. Er gab den Fürsten Siegismund im besten
1812 3850 3143 3920 Burgtheaterstil und erhielt für seine glänzende schauspielerische
1813 3907 3150 3962 Leistung Applaus auf offener Szene. In kleineren, aber für das
1816 3959 3167 4037 Ensemble wichtigen Rollen wirkten Frau Salbachund¬
1810 4002 2148 4057 Frl. Verden.
