3436 4352
726 58 1944 144 renten vene aulierun 11e) une 1n 1 1     enen n shenerhege
711 110 2392 197 Marquis die Dernunftebe einzugehen, deren Beiingungen Monsieur Rapmond mit hundeschnänziger
729 153 2398 243 Kälte proponiert. Ziemlich umständlich und mit chgebrauchten Mitteln in Szeuen dreisten Kokettierens,
726 206 2409 298 gegenseitiger Eifersucht und temporärer Scheidug von Tisch und Vett wird uns gezeigt, wie die
717 253 2406 339 Dernunftehe in die Brüche geht. Die Welt= und Liebesanschanung des letzten Cronbadours, für
717 301 2410 383 den auch die eigene Fran immer eine Geliebte ein muß, triumphiert. Einzelne hübsche Peinten
730 355 2409 446 und geistreiche Dialogwendungen vermögen den Mangel einer fesselnd durchgeführten Handlung
721 400 2407 482 nicht wett zu machen, wenn sie auch das Interesse an den Vorgängen beim Zuschauer momentan
731 447 2409 537 wieder nen beleben. Hans Junkermann bot eine Nenauflage des ihm wohl am besten liegenden
721 501 2411 597 Geures seiner Kunst. Auch Else von Ruttersheim spielte mit echt pariserischem Charm und
725 555 2425 633 Schick. In der Rolle einer angehenden Halbweilerin großen Stils kündigte Margerete Rühnert
726 593 2421 676 sich als neues, vielversprechendes Talent an. Husti Kollendt spielte die Rolle der Plutokratin
735 653 2436 729 und Adelsstreberin, die ich mir freilich in Pariz ganz anders gespielt denke, nach ihrer Auffassung
737 692 2423 781 mit liebenswürdiger Distinktion. Julius Strobl und Max Laurence fanden sich geschickt mit
1824 750 2152 820 1  „
1386 1041 1748 1129 Bühne und Welt.
720 1059 857 1148 168
714 1133 2406 1221 das scheidet sie nun vollends. Die letzte Liebesnacht war nur ein Zwischenspiel im Auflösungs¬
723 1198 2422 1263 prozeß. Und beide stragen schwer und hart an dem Zusammenbruch. Aber dieser Zusammen¬
721 1249 2425 1316 bruch lag in der Natur des Verhältnisses. Er war nicht aufzuhalten und — der Mann war der
721 1308 2414 1383 schwächere Ceil . .. Das ist alles in den zartesten und feinsten Farben angelegt. Und jede
731 1346 2413 1429 Farbe ist überreich an Auancen. Munderbar ist das Spiel von Licht und Schatten im Dialog.
731 1395 2428 1457 Er ist natürlich, wird niemals zum Buchdeutsch, protzt nie mit Gedanken und Sentenzen, bleibt
729 1437 2424 1530 im alltäglichen Gleis der Sprache und ist doch voll Weisheit, voll pfpchologischen Tiefsinns. Und
733 1492 2422 1576 aus dem psrchologischen Grundproblem quellen Liebes= und Eheprobleme und =problamchen wie
735 1540 2432 1615 die Bänder aus dem Hut des Caschenspielers. Nur schade, daß die Bänder ineinander laufen,
734 1590 2431 1680 daß der Dichter selbst sich oft darin zu verwickeln und zu fangen scheint. Aus jeder Dialogstelle
722 1635 2421 1713 könnte beinahe ein neues Stück keimen. Wir haben die Empfindung, als wären die Stücke, an
719 1685 2427 1751 denen der Dichter so im Sinnen verloren vorübergeht, weit stärker als das Stück, das er uns
722 1731 2432 1806 bietet. Der innere Reichtum des Werkes ist sein Schaden. Das dünne lose Gerüst seiner
730 1788 2432 1855 Handlung ist allzu schwer mit Ofpchologie beladen. Man erkennt die Ohpsiognomie und Architektur
739 1833 2439 1908 des Hauses nicht vor lauter Rankenwerk, das es umblüht. Und unsicher wie der Gang der
737 1886 2441 1951 Ereignisse ist auch die Führung durch die Gedankenwelt des Dichters. Oft wissen wir nicht: ist
731 1966 2435 2025 das Weisheit oder Spitzfindigkeit, ist das höchste Erkenntnis oder bloß ein geistvolles, hingetuschtes
731 1992 2439 2048 Apereu. Aber die Schwere, mit der Grübelei und Wahrheitssuche das Stück belasten, ist künstlich
743 2045 2440 2115 in das Werk getragen. Der Dichter hat seiner Idee die leichten Flügel gestutzt. Weil er uns
732 2082 2442 2151 allzuviel zu sagen hatie, sagte er uns auf der Bühne zu wenig. So kann uns die Komödie als
734 2129 2442 2194 Bühnenwerk nicht vollauf befriedigen. Wo aber das Dramatische ausbleibt oder versagt, da
731 2174 2448 2256 hilft der Geist des Doeten über die gefährliche Stelle hinweg, und ienn dieser Geist nicht immer
733 2231 2446 2318 verständlich ist, so macht ihn das Burgtheater klar. Kainz spielte den Amadens mit einer
739 2285 2435 2362 Nervenmeisterschaft, mit einem Reichtum an Gefühl, daß man diesen komplizierten Charakter in
745 2331 2438 2420 all seinen Sprüngen und Widersprüchen mit selbstverständlicher Leichtigkeit zu erfassen glaubte.
745 2380 2442 2467 Fräulein Witt hatte neben ihm einen schweren Stand. Sie kam der Rolle aber nur in ihrem
738 2429 2440 2502 äußeren Umrisse nahe, den in ihr verborgenen Reichtum erschloß sie nicht, so vieles an Ton und
735 2497 1224 2570 Haltung ihr auch gelang.
861 2507 2443 2597 Im Deutschen Dolkstheater feierte Schnitzlers Groteske „Der grüne Kakadn“, deren
736 2575 2445 2647 Dasein im Repertoire des Burgtheaters ein Machtspruch von „oben“ rasch beendete, eine glor¬
745 2630 2432 2698 reiche Auferstehung, zum nicht geringen Teile dank der prachtvollen Regie Dallentins. D###
742 2671 2450 2734 den Mitwirkenden möchte ich nur Herrn Kramer (sehr feurig als Heuri), Herrn Homma (sehr
753 2720 2452 2801 drollig als Grain) und Elsa Galafrés (von allen Zaubern der Verführung umflossen als
740 2800 2461 2865 Leocadie) ganz besonders nennen. Am selben Abend gab man noch eine Neustudierung von
745 2810 2460 2907 Kleists „Zerbrochenem Krng“, aber ohne rechten Stil und rechten Humor. Ein plumper Schwank,
745 2859 2463 2969 der in kleinen Provinzstädten gefallen mag: „Der Ehekäfig“ von Bruno Köhler ging rasch vorüber.
860 2920 2477 2985 Das interessanteste Ereignis der letzten Theaterzeit war die Uraufführung von August .
771 2947 825 3018 90
746 2954 2463 3053 Strindbergs „Kameraden“ in Jarnos Lustspieltheater. Des Dichters Frauenhaß hat hier
754 3028 2459 3106 seinen stärksten Ausdruck gefunden. Strindbergs Frauenhaß ist aber von ganz besonderer Art.
753 3076 2449 3143 Er entspringt der Sehnsucht nach der Frau, nach der vollkommenen Gefährtin, nach dem treuen,
751 3125 2459 3210 liebenden Weib. Und Strindbergs übersensitive Natur wird von der Frau, wie sie wirklich ist,
763 3173 2469 3267 fortwährend verletzt und wund gestoßen. Und wie er feminin empfindet, so rächt er sich in ganz
768 3225 2463 3298 femininer Art am Weibe; er ist boshaft, ertrem in allen Gefühlen, man sieht die Schadenfreude
754 3277 2462 3344 in seinem Auge blitzen, wenn er glaubt, das Weib recht tief verwundet zu haben. Ganz so
759 3319 2461 3401 geht das Weib mit den Männern um. Hier soll sie einmal an der eigenen Seele, am eigenen
750 3372 2460 3441 Leib empfinden, wie weh ihre Kampfeswes#e tut. Strindberg zeigt uns eine Rünstlerehe. Mann
766 3413 2465 3500 und Fran malen. Mann und Frau sind Konkurrenten, und der Dichter beweist uns in jeder
771 3473 2466 3549 Szeue, wie illopal die Frau als Konkurrentin ist. Das Strebertum, dem jedes Mittel, auch das
771 3515 2460 3613 schlechteste, recht ist, liegt in ihrer Natur. Sie ist persid, verlogen und unehrlich. Wo sie als
761 3576 2468 3641 Persönlichkeit versagt, läßt sie die Künste des Weibes spielen, denn sie weiß, daß, wenn der
770 3610 2461 3696 Mann sich ihr auch entziehen will, das Männchen ihr doch nicht entkommt. „Das Bedürfnis.
759 3662 2461 3742 das wir nach ihnen haben“, sagt Strindberg, „läßt die Frauen glauben, sie seien uns überlegen.“
771 3710 2465 3795 Immer beutet die Frau den Mann aus, immer nimmt sie es als selbstverständlich entgegen, daß
769 3764 2469 3852 sie die Früchte seiner Arbeit pflückt, daß er ihr sklavisch dient, nicht fragt, sondern sich beugt.
764 3815 2467 3880 Arel empört sich endlich gegen die Cprannei, er zerreißt das Netz von Bosheit und Verlogenheit
770 3855 2479 3968 und trennt sich von der Frau. Es ist nur naturgemäß, daß die Frau, die den Mann längst nicht
