<?xml version="1.0" encoding="UTF-8" standalone="yes"?>
<PcGts xmlns="http://schema.primaresearch.org/PAGE/gts/pagecontent/2013-07-15" xmlns:xsi="http://www.w3.org/2001/XMLSchema-instance" xsi:schemaLocation="http://schema.primaresearch.org/PAGE/gts/pagecontent/2013-07-15 http://schema.primaresearch.org/PAGE/gts/pagecontent/2013-07-15/pagecontent.xsd">
    <Metadata>
        <Creator>prov=University of Rostock/Institute of Mathematics/CITlab/Gundram Leifert/gundram.leifert@uni-rostock.de:name=ONB_Newseye_GT_M1+(htr_id=10810)::::v=2.4.2
prov=University of Rostock/Institute of Mathematics/CITlab/Tobias Gruening/tobias.gruening@uni-rostock.de:name=de.uros.citlab.module.baseline2polygon.B2PSeamMultiOriented:v=2.4.2
prov=University of Rostock/Institute of Mathematics/CITlab/Tobias Gruening/tobias.gruening@uni-rostock.de:name=/mnt/transkribus/LA/DEA/URO/LA_news_onb_att.pb:de.uros.citlab.segmentation.CITlab_LA_ML:v=2.4.2
Transkribus</Creator>
        <Created>2019-10-07T11:19:41.659+02:00</Created>
        <LastChange>2019-10-08T03:28:43.068+02:00</LastChange>
        <TranskribusMetadata docId="223968" pageId="9496524" pageNr="84" tsid="16500058" status="IN_PROGRESS" userId="40391" imgUrl="https://files.transkribus.eu/Get?id=ASWGYHWMSSTSMOOQLYKPIOGT&amp;fileType=view" xmlUrl="https://files.transkribus.eu/Get?id=YITHEJPUMDHQAPATMPFLRLVG" imageId="6186751"/>
    </Metadata>
    <Page imageFilename="223968_0084.jpeg" imageWidth="3436" imageHeight="4384">
        <ReadingOrder>
            <OrderedGroup id="ro_1711439527357" caption="Regions reading order">
                <RegionRefIndexed index="0" regionRef="r1"/>
                <RegionRefIndexed index="1" regionRef="r2"/>
                <RegionRefIndexed index="2" regionRef="r3"/>
            </OrderedGroup>
        </ReadingOrder>
        <TextRegion orientation="0.0" id="r1" custom="readingOrder {index:0;}">
            <Coords points="262,279 262,3015 1858,3015 1858,279"/>
            <TextLine id="r1l1" custom="readingOrder {index:0;}">
                <Coords points="253,342 1721,349 1768,336 1769,265 1351,260 1205,308 1124,257 254,272"/>
                <Baseline points="262,305 336,314 411,321 486,326 561,331 636,333 711,335 785,336 860,337 935,336 1010,335 1085,334 1160,332 1235,330 1309,329 1384,328 1459,327 1534,326 1609,327 1684,328 1759,330"/>
                <TextEquiv>
                    <Unicode>20. Zwischenspiel box 25/1</Unicode>
                </TextEquiv>
            </TextLine>
            <TextLine id="r1l2" custom="readingOrder {index:1;}">
                <Coords points="598,1777 977,1772 977,1703 934,1712 883,1697 836,1710 750,1697 733,1710 692,1702 598,1719"/>
                <Baseline points="607,1745 632,1746 658,1747 684,1748 709,1748 735,1749 761,1749 787,1749 812,1749 838,1749 864,1749 889,1748 915,1747 941,1746 967,1745"/>
                <TextEquiv>
                    <Unicode>Telephon 12801.</Unicode>
                </TextEquiv>
            </TextLine>
            <TextLine id="r1l3" custom="readingOrder {index:2;}">
                <Coords points="1496,1833 1512,1837 1515,1842 1526,1843 1538,1768 1527,1764 1521,1767 1516,1762 1507,1761"/>
                <Baseline points="1506,1822 1520,1824"/>
                <TextEquiv>
                    <Unicode></Unicode>
                </TextEquiv>
            </TextLine>
            <TextLine id="r1l4" custom="readingOrder {index:3;}">
                <Coords points="789,1902 882,1912 948,1874 984,1895 1028,1873 1419,1894 1487,1877 1484,1778 939,1771 787,1842"/>
                <Baseline points="798,1899 833,1894 869,1890 905,1887 940,1884 976,1881 1012,1879 1048,1878 1083,1876 1119,1875 1155,1875 1191,1874 1226,1874 1262,1873 1298,1873 1334,1873 1369,1873 1405,1872 1441,1872 1477,1871"/>
                <TextEquiv>
                    <Unicode>„OBSERVER'</Unicode>
                </TextEquiv>
            </TextLine>
            <TextLine id="r1l5" custom="readingOrder {index:4;}">
                <Coords points="582,1966 1374,1968 1735,1942 1735,1901 1116,1883 1040,1918 581,1919"/>
                <Baseline points="592,1948 648,1947 705,1947 761,1946 818,1946 875,1945 931,1945 988,1944 1045,1944 1101,1943 1158,1943 1215,1942 1271,1941 1328,1940 1385,1939 1441,1938 1498,1937 1555,1935 1611,1934 1668,1932 1725,1931"/>
                <TextEquiv>
                    <Unicode>österr. behördl. konz. Unternehmen für Zeilungs-Ausschnitte</Unicode>
                </TextEquiv>
            </TextLine>
            <TextLine id="r1l6" custom="readingOrder {index:5;}">
                <Coords points="807,2017 927,2040 1094,2011 1496,2019 1541,1997 1540,1960 1486,1953 1181,1974 1141,1952 1039,1989 979,1960 806,1961"/>
                <Baseline points="816,2014 851,2013 887,2012 923,2011 959,2010 994,2010 1030,2010 1066,2010 1102,2009 1137,2009 1173,2009 1209,2009 1245,2009 1280,2008 1316,2008 1352,2007 1388,2006 1423,2005 1459,2004 1495,2002 1531,1999"/>
                <TextEquiv>
                    <Unicode>Wien, I., Concordiaplatz 4.</Unicode>
                </TextEquiv>
            </TextLine>
            <TextLine id="r1l7" custom="readingOrder {index:6;}">
                <Coords points="1015,2072 1294,2072 1328,2049 1328,2021 1238,2014 1148,2032 1015,2023"/>
                <Baseline points="1025,2063 1051,2062 1078,2061 1105,2061 1131,2061 1158,2062 1185,2062 1212,2062 1238,2062 1265,2062 1292,2062 1319,2061"/>
                <TextEquiv>
                    <Unicode>Vertretungen</Unicode>
                </TextEquiv>
            </TextLine>
            <TextLine id="r1l8" custom="readingOrder {index:7;}">
                <Coords points="591,2127 1739,2098 1738,2054 590,2080"/>
                <Baseline points="601,2116 657,2116 713,2117 770,2116 826,2116 883,2116 939,2115 995,2113 1052,2112 1108,2111 1165,2110 1221,2108 1277,2107 1334,2105 1390,2104 1447,2102 1503,2101 1559,2100 1616,2099 1672,2098 1729,2097"/>
                <TextEquiv>
                    <Unicode>in Berlin. Budapest, Chicago, Christiania, Genf, Kopenhagen,</Unicode>
                </TextEquiv>
            </TextLine>
            <TextLine id="r1l9" custom="readingOrder {index:8;}">
                <Coords points="598,2164 1711,2161 1729,2110 598,2134"/>
                <Baseline points="607,2155 662,2155 718,2156 773,2156 829,2155 885,2154 940,2154 996,2153 1051,2152 1107,2150 1163,2149 1218,2147 1274,2146 1329,2145 1385,2144 1441,2142 1496,2142 1552,2141 1607,2140 1663,2140 1719,2140"/>
                <TextEquiv>
                    <Unicode>London, Madrid, Mailand, Minneapolis, New-York, Paris, Rtom.</Unicode>
                </TextEquiv>
            </TextLine>
            <TextLine id="r1l10" custom="readingOrder {index:9;}">
                <Coords points="785,2197 1279,2187 1465,2211 1543,2196 1542,2147 784,2167"/>
                <Baseline points="793,2191 830,2191 867,2191 904,2191 941,2191 978,2190 1015,2190 1052,2189 1089,2188 1126,2187 1163,2187 1200,2186 1237,2185 1274,2184 1311,2183 1348,2183 1385,2182 1422,2182 1459,2182 1496,2182 1533,2182"/>
                <TextEquiv>
                    <Unicode>San Francisco, Stockholm, St. Petersburg.</Unicode>
                </TextEquiv>
            </TextLine>
            <TextLine id="r1l11" custom="readingOrder {index:10;}">
                <Coords points="962,2254 1045,2254 1076,2239 1099,2248 1164,2230 1232,2257 1329,2256 1389,2232 1388,2202 1356,2192 1250,2193 1231,2205 1192,2194 1173,2209 1156,2198 1119,2206 1102,2190 1064,2207 961,2197"/>
                <Baseline points="971,2230 996,2229 1022,2229 1047,2227 1073,2226 1098,2225 1124,2224 1149,2223 1175,2222 1200,2222 1226,2221 1251,2221 1277,2222 1302,2222 1328,2224 1353,2225 1379,2227"/>
                <TextEquiv>
                    <Unicode>(Quellenangabe ohne Gewühr.)</Unicode>
                </TextEquiv>
            </TextLine>
            <TextLine id="r1l12" custom="readingOrder {index:11;}">
                <Coords points="604,2337 625,2329 668,2347 715,2334 749,2354 765,2337 857,2347 883,2330 902,2346 936,2330 1007,2328 1005,2287 985,2297 966,2280 891,2286 801,2266 739,2287 659,2282 603,2302"/>
                <Baseline points="613,2330 638,2331 664,2331 689,2331 715,2331 741,2331 766,2330 792,2329 817,2328 843,2327 869,2326 894,2325 920,2324 945,2323 971,2322 997,2321"/>
                <TextEquiv>
                    <Unicode>Ausschnitt ans:</Unicode>
                </TextEquiv>
            </TextLine>
            <TextLine id="r1l13" custom="readingOrder {index:12;}">
                <Coords points="888,2402 1060,2436 1132,2402 1182,2426 1665,2410 1665,2357 1609,2340 888,2346"/>
                <Baseline points="897,2405 934,2405 972,2405 1010,2405 1048,2405 1086,2406 1124,2406 1162,2406 1200,2407 1238,2408 1276,2408 1313,2408 1351,2409 1389,2409 1427,2409 1465,2408 1503,2407 1541,2406 1579,2404 1617,2402 1655,2400"/>
                <TextEquiv>
                    <Unicode>Leipziger Neuesie Nachriehten</Unicode>
                </TextEquiv>
            </TextLine>
            <TextLine id="r1l14" custom="readingOrder {index:13;}">
                <Coords points="607,2431 749,2438 762,2427 820,2425 832,2434 959,2435 959,2404 916,2411 841,2374 775,2410 757,2395 691,2382 655,2403 607,2405"/>
                <Baseline points="616,2428 641,2430 667,2431 693,2431 718,2432 744,2432 770,2432 795,2431 821,2431 847,2430 872,2429 898,2429 924,2429 950,2430"/>
                <TextEquiv>
                    <Unicode>vom: 77.</Unicode>
                </TextEquiv>
            </TextLine>
            <TextLine id="r1l15" custom="readingOrder {index:14;}">
                <Coords points="1628,2761 1684,2762 1699,2774 1744,2768 1748,2595 1731,2595 1719,2582 1703,2587 1687,2570 1663,2565 1633,2574"/>
                <Baseline points="1638,2751 1670,2750 1702,2750 1735,2754"/>
                <TextEquiv>
                    <Unicode>K</Unicode>
                </TextEquiv>
            </TextLine>
            <TextLine id="r1l16" custom="readingOrder {index:15;}">
                <Coords points="1050,2761 1110,2751 1125,2763 1170,2760 1216,2775 1308,2768 1348,2788 1377,2777 1393,2784 1397,2737 1354,2738 1269,2711 1164,2715 1116,2696 1072,2718 1053,2713"/>
                <Baseline points="1060,2745 1085,2747 1110,2749 1135,2752 1160,2754 1185,2756 1210,2758 1235,2760 1260,2762 1285,2763 1310,2765 1335,2766 1360,2766 1386,2767"/>
                <TextEquiv>
                    <Unicode>Uraufführung.</Unicode>
                </TextEquiv>
            </TextLine>
            <TextLine id="r1l17" custom="readingOrder {index:16;}">
                <Coords points="649,2755 1756,2842 1864,2881 1868,2825 1816,2798 651,2725"/>
                <Baseline points="659,2756 718,2762 778,2768 838,2773 898,2778 958,2783 1018,2788 1078,2794 1138,2798 1198,2803 1258,2808 1317,2812 1377,2817 1437,2821 1497,2826 1557,2831 1617,2835 1677,2840 1737,2845 1797,2849 1857,2854"/>
                <TextEquiv>
                    <Unicode>Wien, 12. Okt. (Privattelegramm.) Im Burgtheater übte</Unicode>
                </TextEquiv>
            </TextLine>
            <TextLine id="r1l18" custom="readingOrder {index:17;}">
                <Coords points="573,2783 1739,2909 1859,2873 575,2760"/>
                <Baseline points="583,2788 646,2794 709,2799 772,2805 835,2811 899,2817 962,2822 1025,2827 1088,2833 1151,2838 1215,2843 1278,2848 1341,2853 1404,2858 1467,2863 1531,2868 1594,2872 1657,2878 1720,2883 1783,2888 1847,2893"/>
                <TextEquiv>
                    <Unicode>die Uraufführung von Arthur Schnitzlers seinpsychologischer</Unicode>
                </TextEquiv>
            </TextLine>
            <TextLine id="r1l19" custom="readingOrder {index:18;}">
                <Coords points="564,2816 1809,2938 1864,2910 566,2786"/>
                <Baseline points="572,2829 636,2835 700,2840 764,2845 828,2851 892,2856 956,2863 1020,2868 1084,2874 1148,2879 1212,2885 1276,2891 1340,2895 1404,2901 1468,2905 1532,2910 1596,2914 1660,2918 1724,2921 1788,2925 1852,2927"/>
                <TextEquiv>
                    <Unicode>Komödie in drei Akten „Zwischenspiel“ einen tiefen Eindrua aus.</Unicode>
                </TextEquiv>
            </TextLine>
            <TextLine id="r1l20" custom="readingOrder {index:19;}">
                <Coords points="576,2870 1771,2977 1857,2941 579,2829"/>
                <Baseline points="586,2867 652,2873 718,2879 784,2884 851,2891 917,2897 983,2903 1049,2908 1116,2914 1182,2920 1248,2925 1314,2930 1381,2936 1447,2941 1513,2946 1579,2950 1646,2954 1712,2959 1778,2962 1845,2966"/>
                <TextEquiv>
                    <Unicode>In der männlichen Hauptrolle bot Kainz eine bewunderungswürdige</Unicode>
                </TextEquiv>
            </TextLine>
            <TextLine id="r1l21" custom="readingOrder {index:20;}">
                <Coords points="555,2948 575,2950 602,2967 625,2960 663,2982 755,2986 759,2924 721,2929 679,2915 652,2921 612,2911 583,2920 557,2917"/>
                <Baseline points="565,2948 591,2946 617,2946 643,2948 669,2950 695,2952 721,2955 747,2958"/>
                <TextEquiv>
                    <Unicode>gerufen.</Unicode>
                </TextEquiv>
            </TextLine>
            <TextLine id="r1l22" custom="readingOrder {index:21;}">
                <Coords points="557,2897 1866,3022 1855,2967 560,2865"/>
                <Baseline points="566,2900 630,2906 695,2912 759,2918 824,2924 889,2930 953,2936 1018,2941 1082,2947 1147,2952 1212,2958 1276,2963 1341,2967 1405,2973 1470,2977 1534,2982 1599,2987 1664,2991 1728,2997 1793,3001 1858,3005"/>
                <TextEquiv>
                    <Unicode>Leistung, Lotte Witt sekundierte mit viel Geschick. Schnitzler wurde oft</Unicode>
                </TextEquiv>
            </TextLine>
            <TextEquiv>
                <Unicode>20. Zwischenspiel box 25/1
Telephon 12801.

„OBSERVER'
österr. behördl. konz. Unternehmen für Zeilungs-Ausschnitte
Wien, I., Concordiaplatz 4.
Vertretungen
in Berlin. Budapest, Chicago, Christiania, Genf, Kopenhagen,
London, Madrid, Mailand, Minneapolis, New-York, Paris, Rtom.
San Francisco, Stockholm, St. Petersburg.
(Quellenangabe ohne Gewühr.)
Ausschnitt ans:
Leipziger Neuesie Nachriehten
vom: 77.
K
Uraufführung.
Wien, 12. Okt. (Privattelegramm.) Im Burgtheater übte
die Uraufführung von Arthur Schnitzlers seinpsychologischer
Komödie in drei Akten „Zwischenspiel“ einen tiefen Eindrua aus.
In der männlichen Hauptrolle bot Kainz eine bewunderungswürdige
gerufen.
Leistung, Lotte Witt sekundierte mit viel Geschick. Schnitzler wurde oft</Unicode>
            </TextEquiv>
        </TextRegion>
        <TextRegion orientation="0.0" id="r2" custom="readingOrder {index:1;}">
            <Coords points="2045,168 2045,4227 3148,4227 3148,168"/>
            <TextLine id="r2l1" custom="readingOrder {index:0;}">
                <Coords points="2245,217 2277,201 2301,206 2367,198 2380,207 2419,196 2445,197 2444,143 2316,143 2291,170 2244,170"/>
                <Baseline points="2255,193 2280,193 2306,193 2332,192 2358,191 2384,190 2410,189 2436,188"/>
                <TextEquiv>
                    <Unicode> </Unicode>
                </TextEquiv>
            </TextLine>
            <TextLine id="r2l2" custom="readingOrder {index:1;}">
                <Coords points="2399,236 2768,236 2800,229 2799,192 2398,204"/>
                <Baseline points="2409,231 2434,230 2459,228 2485,227 2510,226 2536,225 2561,225 2587,224 2612,224 2638,223 2663,222 2689,222 2714,221 2740,220 2765,219 2791,218"/>
                <TextEquiv>
                    <Unicode>(Quellenangabe ohne Gewähr.)</Unicode>
                </TextEquiv>
            </TextLine>
            <TextLine id="r2l3" custom="readingOrder {index:2;}">
                <Coords points="2040,349 2438,353 2540,319 2998,369 3049,340 3050,288 2375,234 2282,287 2040,294"/>
                <Baseline points="2049,339 2098,335 2148,331 2197,327 2247,325 2296,322 2346,320 2395,319 2445,318 2494,318 2544,319 2593,319 2643,321 2692,324 2742,326 2791,329 2841,334 2890,338 2940,343 2989,349 3039,356"/>
                <TextEquiv>
                    <Unicode>Ausschnitt anse burger Fremdenblatt</Unicode>
                </TextEquiv>
            </TextLine>
            <TextLine id="r2l4" custom="readingOrder {index:3;}">
                <Coords points="2057,440 2087,444 2096,438 2199,436 2200,374 2158,383 2132,401 2095,382 2080,386 2057,382"/>
                <Baseline points="2067,431 2097,429 2128,429 2159,430 2190,432"/>
                <TextEquiv>
                    <Unicode>vom:</Unicode>
                </TextEquiv>
            </TextLine>
            <TextLine id="r2l5" custom="readingOrder {index:4;}">
                <Coords points="2035,464 2199,495 2725,474 2723,425 2600,423 2567,394 2365,406 2298,432 2230,415 2180,439 2034,438"/>
                <Baseline points="2045,469 2078,469 2112,469 2145,468 2179,467 2212,466 2246,464 2279,463 2313,460 2346,459 2380,457 2413,455 2447,454 2480,453 2514,452 2547,452 2581,452 2614,452 2648,454 2681,455 2715,458"/>
                <TextEquiv>
                    <Unicode> </Unicode>
                </TextEquiv>
            </TextLine>
            <TextLine id="r2l6" custom="readingOrder {index:5;}">
                <Coords points="2388,613 2463,638 2520,599 2620,627 2652,613 2748,628 2783,610 2836,634 2910,609 2909,563 2815,531 2787,548 2738,519 2710,531 2668,506 2521,537 2459,516 2387,566"/>
                <Baseline points="2397,623 2422,621 2447,619 2472,617 2497,615 2523,614 2548,612 2573,611 2598,609 2623,609 2649,608 2674,607 2699,607 2724,607 2749,607 2775,608 2800,608 2825,609 2850,611 2875,612 2901,614"/>
                <TextEquiv>
                    <Unicode>Feuilleton.</Unicode>
                </TextEquiv>
            </TextLine>
            <TextLine id="r2l7" custom="readingOrder {index:6;}">
                <Coords points="2329,812 2410,789 2649,790 2702,809 2975,777 2975,753 2849,711 2791,737 2662,706 2602,736 2368,701 2329,720"/>
                <Baseline points="2339,796 2370,794 2401,791 2432,790 2464,788 2495,787 2526,787 2558,786 2589,786 2620,786 2652,787 2683,787 2714,788 2745,788 2777,788 2808,789 2839,789 2871,789 2902,789 2933,788 2965,787"/>
                <TextEquiv>
                    <Unicode>Wiener Theater.</Unicode>
                </TextEquiv>
            </TextLine>
            <TextLine id="r2l8" custom="readingOrder {index:7;}">
                <Coords points="2429,886 2461,901 2542,878 2637,895 2845,878 2845,842 2824,844 2793,820 2740,831 2693,816 2590,835 2489,822 2429,837"/>
                <Baseline points="2438,878 2464,876 2490,874 2517,873 2543,873 2570,872 2596,872 2623,872 2649,873 2676,873 2702,874 2729,874 2755,874 2782,874 2808,875 2835,874"/>
                <TextEquiv>
                    <Unicode>„Zwischenspiel“.</Unicode>
                </TextEquiv>
            </TextLine>
            <TextLine id="r2l9" custom="readingOrder {index:8;}">
                <Coords points="2177,948 3071,943 3070,881 2177,884"/>
                <Baseline points="2187,936 2230,936 2274,937 2318,937 2362,937 2405,938 2449,938 2493,938 2537,938 2580,938 2624,938 2668,937 2712,937 2755,936 2799,936 2843,935 2887,934 2930,933 2974,931 3018,930 3062,928"/>
                <TextEquiv>
                    <Unicode>Kowölie in drei Akten von Arthur Schnitzler.</Unicode>
                </TextEquiv>
            </TextLine>
            <TextLine id="r2l10" custom="readingOrder {index:9;}">
                <Coords points="2309,998 2364,1017 2409,1000 2965,996 2965,970 2927,948 2843,939 2785,958 2644,943 2609,964 2309,951"/>
                <Baseline points="2319,992 2350,993 2382,993 2414,994 2446,994 2478,994 2510,994 2541,994 2573,994 2605,994 2637,994 2669,993 2701,993 2733,993 2764,993 2796,993 2828,993 2860,992 2892,992 2924,992 2956,992"/>
                <TextEquiv>
                    <Unicode>Erstaufführung im Burgtheater.</Unicode>
                </TextEquiv>
            </TextLine>
            <TextLine id="r2l11" custom="readingOrder {index:10;}">
                <Coords points="2438,1078 2635,1072 2672,1054 2796,1067 2816,1061 2816,1026 2782,1006 2709,1018 2667,998 2593,1022 2551,1013 2538,1023 2489,1006 2437,1028"/>
                <Baseline points="2447,1055 2472,1054 2498,1054 2524,1052 2549,1051 2575,1051 2601,1050 2627,1049 2652,1048 2678,1048 2704,1048 2729,1048 2755,1049 2781,1050 2807,1052"/>
                <TextEquiv>
                    <Unicode>(Eigener Bericht.)</Unicode>
                </TextEquiv>
            </TextLine>
            <TextLine id="r2l12" custom="readingOrder {index:11;}">
                <Coords points="2666,1125 2710,1131 2752,1116 2812,1129 2920,1112 2993,1132 3021,1112 3098,1115 3098,1091 3006,1055 2845,1078 2808,1061 2759,1061 2735,1082 2665,1074"/>
                <Baseline points="2674,1105 2699,1107 2725,1108 2751,1109 2777,1109 2803,1109 2829,1109 2855,1109 2881,1109 2906,1108 2932,1108 2958,1108 2984,1107 3010,1107 3036,1107 3062,1108 3088,1109"/>
                <TextEquiv>
                    <Unicode>b. Wien, 13, Oktbr.</Unicode>
                </TextEquiv>
            </TextLine>
            <TextLine id="r2l13" custom="readingOrder {index:12;}">
                <Coords points="2229,1171 3137,1164 3075,1114 2991,1139 2575,1110 2229,1136"/>
                <Baseline points="2239,1164 2283,1165 2327,1167 2372,1167 2416,1168 2461,1169 2505,1169 2549,1169 2594,1169 2638,1168 2683,1168 2727,1168 2771,1167 2816,1166 2860,1166 2905,1165 2949,1165 2993,1165 3038,1164 3082,1164 3127,1164"/>
                <TextEquiv>
                    <Unicode>Wer kennt nicht Brahms' herrliches Lied: „Nicht:</Unicode>
                </TextEquiv>
            </TextLine>
            <TextLine id="r2l14" custom="readingOrder {index:13;}">
                <Coords points="2145,1213 3044,1200 3119,1225 3119,1183 3061,1168 2145,1175"/>
                <Baseline points="2155,1208 2202,1208 2250,1208 2298,1208 2346,1208 2393,1208 2441,1208 2489,1208 2537,1208 2584,1209 2632,1209 2680,1209 2728,1209 2775,1209 2823,1209 2871,1208 2919,1208 2966,1207 3014,1207 3062,1206 3110,1205"/>
                <TextEquiv>
                    <Unicode>mehr zu Dir zu gehen beschloß ich und beschwor ich,</Unicode>
                </TextEquiv>
            </TextLine>
            <TextLine id="r2l15" custom="readingOrder {index:14;}">
                <Coords points="2150,1251 3124,1266 3113,1204 2150,1217"/>
                <Baseline points="2159,1248 2206,1249 2254,1250 2302,1250 2350,1250 2398,1251 2445,1251 2493,1251 2541,1250 2589,1250 2637,1250 2684,1250 2732,1249 2780,1249 2828,1248 2876,1248 2923,1248 2971,1247 3019,1247 3067,1247 3115,1247"/>
                <TextEquiv>
                    <Unicode>und geh’ doch alle Tage, denn jede Kraft und jeden</Unicode>
                </TextEquiv>
            </TextLine>
            <TextLine id="r2l16" custom="readingOrder {index:15;}">
                <Coords points="2149,1296 3121,1293 3083,1246 2149,1255"/>
                <Baseline points="2159,1288 2206,1289 2254,1289 2301,1289 2349,1289 2397,1288 2444,1288 2492,1288 2539,1288 2587,1288 2635,1287 2682,1287 2730,1287 2777,1287 2825,1286 2873,1286 2920,1286 2968,1285 3015,1285 3063,1284 3111,1284"/>
                <TextEquiv>
                    <Unicode>Halt verlor ich!“ und wer hätte dabei nicht die</Unicode>
                </TextEquiv>
            </TextLine>
            <TextLine id="r2l17" custom="readingOrder {index:16;}">
                <Coords points="2149,1332 3059,1337 3132,1327 3132,1269 2965,1302 2149,1294"/>
                <Baseline points="2159,1323 2207,1325 2255,1326 2303,1327 2351,1327 2400,1328 2448,1328 2496,1328 2544,1328 2592,1328 2641,1327 2689,1327 2737,1327 2785,1326 2833,1326 2882,1325 2930,1325 2978,1325 3026,1324 3074,1324 3123,1324"/>
                <TextEquiv>
                    <Unicode>Empfindung gehabt, daß dahinter eine tiefe, schwüle</Unicode>
                </TextEquiv>
            </TextLine>
            <TextLine id="r2l18" custom="readingOrder {index:17;}">
                <Coords points="2151,1373 3119,1363 3119,1331 2964,1320 2151,1330"/>
                <Baseline points="2161,1362 2208,1363 2255,1365 2303,1365 2350,1366 2398,1366 2445,1366 2493,1366 2540,1366 2588,1365 2635,1365 2682,1364 2730,1364 2777,1363 2825,1363 2872,1363 2920,1363 2967,1363 3015,1363 3062,1363 3110,1364"/>
                <TextEquiv>
                    <Unicode>Tragödie stecke! Arthur Schnitzler suchte sie mit seinem</Unicode>
                </TextEquiv>
            </TextLine>
            <TextLine id="r2l19" custom="readingOrder {index:18;}">
                <Coords points="2146,1413 3123,1418 3123,1362 2146,1375"/>
                <Baseline points="2156,1401 2203,1402 2251,1402 2299,1403 2347,1403 2395,1403 2443,1403 2491,1403 2539,1403 2587,1403 2635,1403 2682,1403 2730,1402 2778,1402 2826,1401 2874,1401 2922,1400 2970,1400 3018,1399 3066,1399 3114,1398"/>
                <TextEquiv>
                    <Unicode>feinen Spürsinn nach psychologischen Rätseln hervor¬</Unicode>
                </TextEquiv>
            </TextLine>
            <TextLine id="r2l20" custom="readingOrder {index:19;}">
                <Coords points="2140,1452 3065,1452 3111,1442 3111,1409 2139,1411"/>
                <Baseline points="2149,1441 2196,1442 2244,1442 2291,1442 2339,1442 2387,1442 2434,1442 2482,1442 2530,1442 2577,1442 2625,1441 2673,1441 2720,1441 2768,1440 2816,1440 2863,1440 2911,1439 2959,1439 3006,1438 3054,1438 3102,1438"/>
                <TextEquiv>
                    <Unicode>zuholen und baute auf dies Grundmotiv ein Stück.</Unicode>
                </TextEquiv>
            </TextLine>
            <TextLine id="r2l21" custom="readingOrder {index:20;}">
                <Coords points="2155,1488 3122,1497 3121,1433 2155,1462"/>
                <Baseline points="2164,1480 2211,1481 2258,1481 2306,1481 2353,1481 2401,1481 2448,1481 2496,1481 2543,1481 2591,1481 2638,1480 2685,1480 2733,1479 2780,1479 2828,1478 2875,1478 2923,1477 2970,1477 3018,1476 3065,1476 3113,1475"/>
                <TextEquiv>
                    <Unicode>Es spielt zwischen dem Kapellmeister Amadens Adams</Unicode>
                </TextEquiv>
            </TextLine>
            <TextLine id="r2l22" custom="readingOrder {index:21;}">
                <Coords points="2148,1532 3126,1530 3126,1478 2148,1502"/>
                <Baseline points="2158,1523 2208,1522 2258,1521 2309,1521 2359,1521 2410,1520 2460,1520 2511,1520 2561,1520 2612,1520 2662,1519 2713,1519 2763,1519 2814,1519 2864,1519 2915,1519 2965,1519 3016,1518 3066,1518 3117,1518"/>
                <TextEquiv>
                    <Unicode>und seiner Frau Cäcilie. Sieben Jahre haben sie in</Unicode>
                </TextEquiv>
            </TextLine>
            <TextLine id="r2l23" custom="readingOrder {index:22;}">
                <Coords points="2142,1569 3067,1568 3123,1560 3123,1526 2142,1533"/>
                <Baseline points="2151,1563 2199,1563 2247,1562 2295,1561 2343,1561 2391,1560 2439,1560 2488,1559 2536,1559 2584,1559 2632,1559 2680,1558 2728,1558 2776,1558 2825,1558 2873,1558 2921,1558 2969,1558 3017,1558 3065,1559 3114,1559"/>
                <TextEquiv>
                    <Unicode>einem träumerischen Glück nebeneinander gelebt. Da</Unicode>
                </TextEquiv>
            </TextLine>
            <TextLine id="r2l24" custom="readingOrder {index:23;}">
                <Coords points="2138,1613 3018,1612 3138,1599 3138,1552 2138,1570"/>
                <Baseline points="2147,1602 2196,1602 2245,1601 2294,1600 2343,1599 2392,1599 2441,1599 2490,1598 2539,1598 2588,1598 2638,1598 2687,1598 2736,1598 2785,1598 2834,1598 2883,1598 2932,1598 2981,1598 3030,1598 3079,1598 3129,1599"/>
                <TextEquiv>
                    <Unicode>tritt die Versuchung an sie heran, an sie in Gestalt</Unicode>
                </TextEquiv>
            </TextLine>
            <TextLine id="r2l25" custom="readingOrder {index:24;}">
                <Coords points="2138,1646 3073,1647 3132,1636 3132,1604 2138,1612"/>
                <Baseline points="2147,1643 2195,1642 2244,1641 2293,1641 2342,1640 2391,1639 2439,1639 2488,1639 2537,1638 2586,1638 2635,1638 2683,1638 2732,1638 2781,1638 2830,1638 2879,1638 2927,1638 2976,1638 3025,1638 3074,1637 3123,1637"/>
                <TextEquiv>
                    <Unicode>eines Fürsten Sigismund, an ihn in Gestalt einer</Unicode>
                </TextEquiv>
            </TextLine>
            <TextLine id="r2l26" custom="readingOrder {index:25;}">
                <Coords points="2137,1683 3013,1691 3133,1677 3133,1634 2137,1648"/>
                <Baseline points="2147,1686 2195,1684 2244,1682 2293,1680 2342,1679 2391,1678 2439,1678 2488,1677 2537,1677 2586,1677 2635,1677 2683,1677 2732,1677 2781,1677 2830,1677 2879,1677 2927,1677 2976,1676 3025,1675 3074,1674 3123,1673"/>
                <TextEquiv>
                    <Unicode>gräflichen Opernsängerin. Sie sind beide Künstler¬</Unicode>
                </TextEquiv>
            </TextLine>
            <TextLine id="r2l27" custom="readingOrder {index:26;}">
                <Coords points="2151,1725 3013,1733 3140,1720 3140,1681 2151,1689"/>
                <Baseline points="2161,1722 2209,1721 2257,1721 2306,1720 2354,1720 2403,1719 2451,1719 2500,1718 2548,1718 2597,1717 2645,1717 2693,1717 2742,1716 2790,1716 2839,1715 2887,1715 2936,1715 2984,1714 3033,1714 3081,1714 3130,1714"/>
                <TextEquiv>
                    <Unicode>naturen und doch aufrichtig gegenemander. Sie geben</Unicode>
                </TextEquiv>
            </TextLine>
            <TextLine id="r2l28" custom="readingOrder {index:27;}">
                <Coords points="2156,1772 3057,1765 3133,1744 3133,1717 2155,1727"/>
                <Baseline points="2165,1762 2212,1762 2260,1761 2308,1761 2356,1760 2404,1760 2452,1759 2500,1758 2548,1758 2596,1757 2644,1756 2691,1756 2739,1755 2787,1755 2835,1754 2883,1754 2931,1753 2979,1753 3027,1752 3075,1752 3123,1751"/>
                <TextEquiv>
                    <Unicode>sich gegenseitig die Freiheit, aber in allem, was</Unicode>
                </TextEquiv>
            </TextLine>
            <TextLine id="r2l29" custom="readingOrder {index:28;}">
                <Coords points="2147,1806 3136,1801 3119,1741 3003,1769 2147,1775"/>
                <Baseline points="2157,1802 2205,1801 2254,1800 2302,1799 2351,1799 2399,1798 2448,1798 2496,1797 2545,1797 2593,1797 2642,1796 2690,1796 2739,1796 2787,1795 2836,1795 2884,1795 2933,1794 2981,1794 3030,1793 3078,1792 3127,1791"/>
                <TextEquiv>
                    <Unicode>sonst das Leben erfüllt, wollen sie als Freunde, als</Unicode>
                </TextEquiv>
            </TextLine>
            <TextLine id="r2l30" custom="readingOrder {index:29;}">
                <Coords points="2145,1843 2976,1847 3105,1836 3122,1808 2145,1816"/>
                <Baseline points="2154,1840 2204,1840 2254,1839 2305,1839 2355,1838 2406,1838 2456,1837 2507,1837 2557,1836 2608,1835 2658,1835 2709,1834 2759,1834 2810,1833 2860,1833 2911,1832 2961,1832 3012,1831 3062,1831 3113,1831"/>
                <TextEquiv>
                    <Unicode>Kameraden nach wie vor zusammen bleiben, die</Unicode>
                </TextEquiv>
            </TextLine>
            <TextLine id="r2l31" custom="readingOrder {index:30;}">
                <Coords points="2151,1878 3089,1882 3128,1872 3128,1831 2150,1840"/>
                <Baseline points="2160,1880 2207,1878 2255,1877 2303,1876 2351,1875 2399,1875 2447,1874 2495,1874 2543,1874 2591,1874 2639,1874 2686,1874 2734,1874 2782,1874 2830,1874 2878,1874 2926,1874 2974,1873 3022,1873 3070,1871 3118,1870"/>
                <TextEquiv>
                    <Unicode>musitalischen Beziehungen zumal sollen aufrecht</Unicode>
                </TextEquiv>
            </TextLine>
            <TextLine id="r2l32" custom="readingOrder {index:31;}">
                <Coords points="2149,1914 3125,1922 3124,1872 2149,1881"/>
                <Baseline points="2158,1916 2205,1916 2253,1916 2301,1915 2349,1915 2397,1914 2445,1914 2492,1914 2540,1913 2588,1913 2636,1912 2684,1912 2732,1912 2780,1911 2827,1911 2875,1911 2923,1910 2971,1910 3019,1910 3067,1910 3115,1909"/>
                <TextEquiv>
                    <Unicode>bleiben. Nicht mehr zu Dir zu gehen beschloß ich!</Unicode>
                </TextEquiv>
            </TextLine>
            <TextLine id="r2l33" custom="readingOrder {index:32;}">
                <Coords points="2152,1957 3117,1961 3132,1918 2152,1925"/>
                <Baseline points="2161,1955 2209,1954 2257,1953 2305,1953 2353,1952 2401,1952 2449,1952 2497,1951 2545,1951 2593,1951 2641,1951 2689,1951 2737,1951 2785,1951 2833,1951 2881,1951 2929,1951 2977,1951 3025,1951 3073,1950 3122,1950"/>
                <TextEquiv>
                    <Unicode>Aber die Gemeinschaft zweier Menschen verschiedenen</Unicode>
                </TextEquiv>
            </TextLine>
            <TextLine id="r2l34" custom="readingOrder {index:33;}">
                <Coords points="2150,1998 3141,2004 3141,1972 3034,1948 2150,1963"/>
                <Baseline points="2159,1996 2207,1996 2256,1995 2304,1995 2353,1994 2402,1993 2450,1993 2499,1992 2548,1991 2596,1991 2645,1990 2694,1990 2742,1990 2791,1989 2840,1989 2888,1989 2937,1989 2986,1989 3034,1989 3083,1990 3132,1990"/>
                <TextEquiv>
                    <Unicode>Geschlechts bleibt immer eine gefährliche Sache, selbst</Unicode>
                </TextEquiv>
            </TextLine>
            <TextLine id="r2l35" custom="readingOrder {index:34;}">
                <Coords points="2143,2041 3153,2047 3153,2004 3055,1995 2143,1996"/>
                <Baseline points="2153,2035 2202,2034 2252,2033 2301,2032 2351,2031 2400,2031 2450,2031 2499,2031 2549,2031 2598,2031 2648,2031 2698,2031 2747,2031 2797,2031 2846,2031 2896,2031 2945,2031 2995,2030 3044,2030 3094,2029 3144,2029"/>
                <TextEquiv>
                    <Unicode>unter Eheleuten. Eines Abends, da sie von einem</Unicode>
                </TextEquiv>
            </TextLine>
            <TextLine id="r2l36" custom="readingOrder {index:35;}">
                <Coords points="2146,2070 3021,2078 3125,2068 3125,2040 2146,2044"/>
                <Baseline points="2156,2073 2204,2073 2252,2072 2300,2072 2348,2072 2396,2071 2444,2071 2492,2071 2540,2071 2588,2071 2636,2070 2684,2070 2732,2070 2780,2070 2828,2069 2876,2069 2924,2068 2972,2068 3020,2067 3068,2067 3116,2066"/>
                <TextEquiv>
                    <Unicode>Berliner Gastspiele zurückkehrt, wonnetrunken, freude¬</Unicode>
                </TextEquiv>
            </TextLine>
            <TextLine id="r2l37" custom="readingOrder {index:36;}">
                <Coords points="2150,2113 3105,2120 3133,2063 2150,2078"/>
                <Baseline points="2159,2111 2207,2112 2255,2112 2303,2113 2351,2112 2400,2112 2448,2111 2496,2111 2544,2110 2592,2109 2641,2109 2689,2108 2737,2107 2785,2107 2833,2106 2882,2106 2930,2106 2978,2106 3026,2107 3074,2108 3123,2110"/>
                <TextEquiv>
                    <Unicode>berauscht, im vollen Glanze ihrer sieghaften Schönheit,</Unicode>
                </TextEquiv>
            </TextLine>
            <TextLine id="r2l38" custom="readingOrder {index:37;}">
                <Coords points="2155,2152 3032,2162 3142,2150 3142,2107 2155,2114"/>
                <Baseline points="2164,2151 2212,2152 2260,2152 2309,2153 2357,2153 2406,2153 2454,2152 2502,2152 2551,2151 2599,2150 2648,2150 2696,2149 2744,2148 2793,2148 2841,2147 2890,2147 2938,2147 2986,2147 3035,2148 3083,2148 3132,2149"/>
                <TextEquiv>
                    <Unicode>da war's um sie geschehen. Jede Kraft und jeden</Unicode>
                </TextEquiv>
            </TextLine>
            <TextLine id="r2l39" custom="readingOrder {index:38;}">
                <Coords points="2153,2201 2704,2182 3000,2209 3129,2188 3129,2152 2153,2158"/>
                <Baseline points="2162,2192 2209,2191 2257,2191 2305,2190 2353,2190 2401,2190 2449,2189 2497,2189 2545,2189 2593,2189 2641,2188 2688,2188 2736,2188 2784,2188 2832,2187 2880,2187 2928,2186 2976,2185 3024,2185 3072,2184 3120,2183"/>
                <TextEquiv>
                    <Unicode>Halt verloren sie beide, und in einer Stunde des</Unicode>
                </TextEquiv>
            </TextLine>
            <TextLine id="r2l40" custom="readingOrder {index:39;}">
                <Coords points="2153,2237 3140,2245 3140,2202 3055,2185 2996,2210 2703,2181 2636,2210 2153,2195"/>
                <Baseline points="2162,2235 2210,2232 2258,2231 2307,2229 2355,2228 2404,2227 2452,2227 2501,2227 2549,2227 2598,2227 2646,2227 2694,2227 2743,2228 2791,2228 2840,2228 2888,2228 2937,2228 2985,2227 3034,2226 3082,2225 3131,2224"/>
                <TextEquiv>
                    <Unicode>Glücks verschwinden alle asketischen Vorsätze. Das</Unicode>
                </TextEquiv>
            </TextLine>
            <TextLine id="r2l41" custom="readingOrder {index:40;}">
                <Coords points="2159,2274 3127,2265 3088,2228 2159,2236"/>
                <Baseline points="2168,2272 2215,2271 2263,2270 2310,2269 2358,2269 2405,2268 2453,2268 2500,2268 2548,2267 2595,2267 2643,2267 2691,2267 2738,2267 2786,2267 2833,2266 2881,2266 2928,2266 2976,2265 3023,2265 3071,2264 3119,2263"/>
                <TextEquiv>
                    <Unicode>bleibt jedoch nur ein Zwischenspiel. Nun die Liebe</Unicode>
                </TextEquiv>
            </TextLine>
            <TextLine id="r2l42" custom="readingOrder {index:41;}">
                <Coords points="2157,2304 3140,2315 3110,2270 3018,2263 2157,2276"/>
                <Baseline points="2167,2307 2215,2307 2263,2308 2311,2308 2359,2308 2407,2308 2455,2308 2504,2308 2552,2307 2600,2307 2648,2307 2696,2307 2744,2306 2792,2306 2841,2306 2889,2305 2937,2305 2985,2305 3033,2305 3081,2305 3130,2304"/>
                <TextEquiv>
                    <Unicode>wieder ins Haus eingezogen, kommt mit ihr auch das</Unicode>
                </TextEquiv>
            </TextLine>
            <TextLine id="r2l43" custom="readingOrder {index:42;}">
                <Coords points="2151,2352 2865,2339 3146,2367 3145,2315 3070,2306 2563,2326 2151,2301"/>
                <Baseline points="2161,2347 2209,2348 2258,2348 2307,2349 2356,2349 2404,2349 2453,2348 2502,2348 2551,2347 2599,2347 2648,2346 2697,2345 2746,2345 2794,2344 2843,2344 2892,2343 2941,2343 2989,2343 3038,2343 3087,2344 3136,2345"/>
                <TextEquiv>
                    <Unicode>Verlangen nach dem alleinigen Besitz des geliebten</Unicode>
                </TextEquiv>
            </TextLine>
            <TextLine id="r2l44" custom="readingOrder {index:43;}">
                <Coords points="2152,2390 3115,2394 3139,2360 2869,2340 2152,2368"/>
                <Baseline points="2162,2384 2210,2385 2258,2386 2307,2387 2355,2387 2404,2387 2452,2387 2500,2387 2549,2386 2597,2386 2646,2385 2694,2385 2742,2384 2791,2383 2839,2382 2888,2382 2936,2381 2984,2380 3033,2380 3081,2380 3130,2379"/>
                <TextEquiv>
                    <Unicode>Gegenstandes, man nennt es sonst: die Eifersucht. Es</Unicode>
                </TextEquiv>
            </TextLine>
            <TextLine id="r2l45" custom="readingOrder {index:44;}">
                <Coords points="2145,2434 3121,2435 3141,2390 2145,2398"/>
                <Baseline points="2155,2427 2203,2427 2252,2426 2301,2425 2350,2425 2399,2424 2447,2424 2496,2424 2545,2424 2594,2423 2643,2423 2691,2423 2740,2423 2789,2423 2838,2424 2887,2424 2935,2424 2984,2424 3033,2424 3082,2423 3131,2423"/>
                <TextEquiv>
                    <Unicode>zeigt sich, daß er, der Mann, die Episode der Freiheit</Unicode>
                </TextEquiv>
            </TextLine>
            <TextLine id="r2l46" custom="readingOrder {index:45;}">
                <Coords points="2146,2462 3100,2474 3128,2433 2146,2445"/>
                <Baseline points="2155,2463 2203,2464 2251,2464 2299,2464 2347,2464 2396,2465 2444,2465 2492,2465 2540,2466 2588,2466 2637,2466 2685,2466 2733,2466 2781,2466 2829,2465 2878,2465 2926,2465 2974,2464 3022,2463 3070,2462 3119,2460"/>
                <TextEquiv>
                    <Unicode>leichtmütig und genußfreudig ausgenützt, daß er sich</Unicode>
                </TextEquiv>
            </TextLine>
            <TextLine id="r2l47" custom="readingOrder {index:46;}">
                <Coords points="2145,2499 3139,2520 3139,2459 2145,2464"/>
                <Baseline points="2155,2506 2203,2505 2252,2504 2301,2504 2350,2504 2399,2504 2447,2504 2496,2504 2545,2504 2594,2504 2643,2505 2691,2505 2740,2505 2789,2505 2838,2505 2887,2505 2935,2505 2984,2504 3033,2503 3082,2502 3131,2501"/>
                <TextEquiv>
                    <Unicode>nicht so tapfer gehalten wie sie. Es steckt ein Zug von</Unicode>
                </TextEquiv>
            </TextLine>
            <TextLine id="r2l48" custom="readingOrder {index:47;}">
                <Coords points="2154,2545 3143,2561 3143,2507 2154,2502"/>
                <Baseline points="2164,2546 2212,2545 2260,2544 2309,2544 2357,2544 2406,2543 2454,2543 2503,2544 2551,2544 2600,2544 2648,2544 2696,2544 2745,2544 2793,2544 2842,2544 2890,2544 2939,2544 2987,2543 3036,2542 3084,2541 3133,2540"/>
                <TextEquiv>
                    <Unicode>der Ibsenschen Nora in dieser Frau. Sie hat kaum</Unicode>
                </TextEquiv>
            </TextLine>
            <TextLine id="r2l49" custom="readingOrder {index:48;}">
                <Coords points="2154,2579 3132,2575 3102,2543 2154,2545"/>
                <Baseline points="2164,2584 2214,2584 2264,2583 2315,2583 2365,2583 2416,2583 2466,2583 2517,2583 2567,2583 2618,2583 2668,2583 2719,2583 2769,2583 2820,2583 2870,2583 2921,2582 2971,2581 3022,2580 3072,2579 3123,2577"/>
                <TextEquiv>
                    <Unicode>im Gedanken gefehlt, er mit der brutalen Tat, und</Unicode>
                </TextEquiv>
            </TextLine>
            <TextLine id="r2l50" custom="readingOrder {index:49;}">
                <Coords points="2155,2624 3142,2622 3142,2579 2155,2579"/>
                <Baseline points="2164,2624 2212,2623 2260,2622 2309,2621 2357,2621 2406,2621 2454,2621 2502,2621 2551,2621 2599,2621 2648,2622 2696,2622 2744,2622 2793,2622 2841,2622 2890,2622 2938,2621 2986,2621 3035,2620 3083,2619 3132,2617"/>
                <TextEquiv>
                    <Unicode>da hat ihre vornehme Seele die Empfindung, daß der</Unicode>
                </TextEquiv>
            </TextLine>
            <TextLine id="r2l51" custom="readingOrder {index:50;}">
                <Coords points="2143,2674 3019,2652 3053,2678 3130,2662 3130,2630 2143,2631"/>
                <Baseline points="2153,2666 2201,2665 2249,2665 2298,2664 2346,2663 2395,2662 2443,2662 2491,2661 2540,2661 2588,2660 2637,2660 2685,2660 2733,2660 2782,2659 2830,2659 2879,2659 2927,2659 2975,2658 3024,2658 3072,2658 3121,2658"/>
                <TextEquiv>
                    <Unicode>Mann sich klein und niedrig erwiesen, wo sie ihren</Unicode>
                </TextEquiv>
            </TextLine>
            <TextLine id="r2l52" custom="readingOrder {index:51;}">
                <Coords points="2144,2702 2863,2717 3080,2709 3132,2696 3132,2666 2143,2674"/>
                <Baseline points="2153,2705 2201,2703 2250,2701 2298,2700 2347,2699 2395,2699 2444,2698 2492,2698 2541,2698 2589,2698 2638,2699 2686,2699 2735,2699 2783,2699 2832,2700 2880,2700 2929,2700 2977,2700 3026,2699 3074,2699 3123,2698"/>
                <TextEquiv>
                    <Unicode>Adel gewahrt. Sie ist nun entschlossen, von ihm zu</Unicode>
                </TextEquiv>
            </TextLine>
            <TextLine id="r2l53" custom="readingOrder {index:52;}">
                <Coords points="2146,2748 3140,2758 3140,2689 2146,2702"/>
                <Baseline points="2155,2749 2203,2746 2252,2743 2301,2742 2350,2740 2398,2740 2447,2739 2496,2739 2545,2739 2593,2739 2642,2739 2691,2740 2740,2740 2788,2740 2837,2741 2886,2740 2935,2740 2983,2740 3032,2739 3081,2737 3130,2736"/>
                <TextEquiv>
                    <Unicode>gehen. „Wir lassen uns nicht scheiden, wir scheiden!“</Unicode>
                </TextEquiv>
            </TextLine>
            <TextLine id="r2l54" custom="readingOrder {index:53;}">
                <Coords points="2152,2775 3137,2773 3114,2746 2946,2737 2152,2743"/>
                <Baseline points="2161,2783 2209,2782 2257,2781 2305,2780 2354,2780 2402,2779 2450,2779 2499,2779 2547,2779 2595,2779 2644,2780 2692,2780 2740,2780 2788,2780 2837,2781 2885,2781 2933,2781 2982,2780 3030,2780 3078,2779 3127,2779"/>
                <TextEquiv>
                    <Unicode>Er, der Minderwertige, findet sich schmerzbewegt, aber</Unicode>
                </TextEquiv>
            </TextLine>
            <TextLine id="r2l55" custom="readingOrder {index:54;}">
                <Coords points="2152,2818 3145,2829 3096,2779 2152,2775"/>
                <Baseline points="2162,2820 2210,2820 2259,2819 2308,2819 2356,2819 2405,2819 2454,2819 2502,2819 2551,2819 2600,2819 2649,2819 2697,2819 2746,2819 2795,2819 2843,2820 2892,2820 2941,2820 2989,2820 3038,2821 3087,2821 3136,2822"/>
                <TextEquiv>
                    <Unicode>immerhin ungebrochen damit ab, und da er nun fort,</Unicode>
                </TextEquiv>
            </TextLine>
            <TextLine id="r2l56" custom="readingOrder {index:55;}">
                <Coords points="2148,2884 2176,2886 2221,2863 2277,2866 2309,2883 2508,2861 2507,2824 2487,2818 2466,2828 2421,2819 2405,2834 2378,2823 2326,2834 2294,2816 2275,2831 2255,2821 2191,2829 2148,2820"/>
                <Baseline points="2157,2858 2183,2859 2209,2860 2235,2860 2262,2860 2288,2860 2314,2860 2341,2860 2367,2859 2393,2859 2420,2858 2446,2858 2472,2858 2499,2857"/>
                <TextEquiv>
                    <Unicode>weint sie um ihn!</Unicode>
                </TextEquiv>
            </TextLine>
            <TextLine id="r2l57" custom="readingOrder {index:56;}">
                <Coords points="2228,2923 3157,2928 3157,2900 3050,2858 2855,2886 2773,2859 2228,2878"/>
                <Baseline points="2237,2916 2282,2916 2328,2917 2373,2917 2419,2918 2464,2918 2510,2919 2555,2919 2601,2919 2646,2919 2692,2919 2737,2919 2783,2919 2828,2919 2874,2919 2919,2919 2965,2919 3010,2919 3056,2919 3101,2919 3147,2919"/>
                <TextEquiv>
                    <Unicode>Nur ein sehr geringer Teil der psychologischen#</Unicode>
                </TextEquiv>
            </TextLine>
            <TextLine id="r2l58" custom="readingOrder {index:57;}">
                <Coords points="2156,2959 3141,2970 3141,2936 3077,2919 2156,2918"/>
                <Baseline points="2166,2956 2214,2956 2262,2956 2310,2957 2359,2957 2407,2958 2455,2958 2504,2959 2552,2960 2600,2960 2649,2960 2697,2961 2745,2961 2793,2961 2842,2961 2890,2961 2938,2960 2987,2960 3035,2958 3083,2957 3132,2955"/>
                <TextEquiv>
                    <Unicode>Wendungen, Verwirrungen, Verwandlungen und Un¬</Unicode>
                </TextEquiv>
            </TextLine>
            <TextLine id="r2l59" custom="readingOrder {index:58;}">
                <Coords points="2157,3016 2737,2992 3140,3017 3140,2968 3088,2957 2157,2960"/>
                <Baseline points="2167,3000 2215,2999 2263,2998 2311,2997 2359,2997 2408,2997 2456,2997 2504,2997 2552,2997 2600,2998 2649,2998 2697,2999 2745,2999 2793,3000 2841,3000 2890,3000 2938,3000 2986,2999 3034,2999 3082,2997 3131,2996"/>
                <TextEquiv>
                    <Unicode>gelöstheiten des Stückes ist in dieser Inhaltsangabe</Unicode>
                </TextEquiv>
            </TextLine>
            <TextLine id="r2l60" custom="readingOrder {index:59;}">
                <Coords points="2160,3045 3099,3034 3136,3058 3136,3009 3072,2996 2160,3004"/>
                <Baseline points="2169,3039 2216,3039 2264,3038 2312,3038 2360,3038 2408,3038 2456,3038 2504,3038 2552,3037 2600,3037 2648,3037 2695,3037 2743,3037 2791,3037 2839,3037 2887,3037 2935,3037 2983,3037 3031,3037 3079,3036 3127,3036"/>
                <TextEquiv>
                    <Unicode>wiedergegeben. Das Ganze ist ein psychologischer</Unicode>
                </TextEquiv>
            </TextLine>
            <TextLine id="r2l61" custom="readingOrder {index:60;}">
                <Coords points="2159,3087 3141,3067 3140,3031 2159,3049"/>
                <Baseline points="2168,3077 2216,3077 2264,3077 2312,3077 2360,3077 2409,3077 2457,3076 2505,3076 2553,3076 2601,3075 2650,3075 2698,3075 2746,3075 2794,3074 2842,3074 2891,3074 2939,3074 2987,3075 3035,3075 3083,3075 3132,3076"/>
                <TextEquiv>
                    <Unicode>Knäuel, der drei Akte hindurch ab= und wiederum auf¬</Unicode>
                </TextEquiv>
            </TextLine>
            <TextLine id="r2l62" custom="readingOrder {index:61;}">
                <Coords points="2149,3123 3132,3122 3145,3066 2149,3085"/>
                <Baseline points="2159,3118 2207,3117 2256,3117 2305,3116 2354,3116 2403,3115 2452,3115 2501,3115 2550,3114 2599,3114 2648,3114 2696,3114 2745,3114 2794,3114 2843,3114 2892,3114 2941,3114 2990,3114 3039,3114 3088,3115 3137,3115"/>
                <TextEquiv>
                    <Unicode>gewickelt wird. Jeder Steigerung folgt ein Rückfall.</Unicode>
                </TextEquiv>
            </TextLine>
            <TextLine id="r2l63" custom="readingOrder {index:62;}">
                <Coords points="2150,3159 3118,3168 3133,3108 2150,3123"/>
                <Baseline points="2159,3156 2207,3155 2255,3154 2303,3154 2351,3153 2400,3153 2448,3153 2496,3152 2544,3152 2592,3152 2641,3152 2689,3152 2737,3152 2785,3152 2833,3152 2882,3151 2930,3151 2978,3151 3026,3150 3074,3149 3123,3148"/>
                <TextEquiv>
                    <Unicode>In Wahrheit: der Zuschauer ermüdet einigermaßen</Unicode>
                </TextEquiv>
            </TextLine>
            <TextLine id="r2l64" custom="readingOrder {index:63;}">
                <Coords points="2154,3194 3133,3213 3133,3151 2154,3158"/>
                <Baseline points="2163,3192 2211,3192 2259,3191 2307,3191 2355,3191 2403,3191 2451,3191 2499,3191 2547,3191 2595,3191 2643,3191 2691,3191 2739,3191 2787,3191 2835,3191 2883,3191 2931,3190 2979,3190 3027,3190 3075,3189 3124,3189"/>
                <TextEquiv>
                    <Unicode>ob dieses wellenförmigen Auf und Ab, das sich drei</Unicode>
                </TextEquiv>
            </TextLine>
            <TextLine id="r2l65" custom="readingOrder {index:64;}">
                <Coords points="2151,3229 3141,3231 3141,3204 3044,3189 2151,3205"/>
                <Baseline points="2160,3227 2208,3228 2257,3230 2305,3230 2354,3231 2403,3231 2451,3231 2500,3231 2548,3231 2597,3230 2646,3230 2694,3230 2743,3229 2791,3229 2840,3229 2889,3229 2937,3230 2986,3230 3034,3231 3083,3232 3132,3234"/>
                <TextEquiv>
                    <Unicode>Stunden vor ihm abspielt. Die Ibsensche Dramentechnik,</Unicode>
                </TextEquiv>
            </TextLine>
            <TextLine id="r2l66" custom="readingOrder {index:65;}">
                <Coords points="2158,3282 3139,3268 3139,3230 2158,3229"/>
                <Baseline points="2167,3270 2215,3270 2263,3271 2311,3271 2359,3271 2407,3271 2455,3271 2503,3271 2551,3271 2599,3270 2648,3270 2696,3269 2744,3269 2792,3269 2840,3268 2888,3268 2936,3268 2984,3267 3032,3267 3080,3267 3129,3268"/>
                <TextEquiv>
                    <Unicode>die äußere Vorgänge verschmäht und das ganze Drama</Unicode>
                </TextEquiv>
            </TextLine>
            <TextLine id="r2l67" custom="readingOrder {index:66;}">
                <Coords points="2160,3316 3012,3325 3135,3308 3135,3268 2159,3282"/>
                <Baseline points="2169,3311 2216,3312 2264,3312 2312,3312 2360,3312 2408,3311 2456,3311 2503,3311 2551,3310 2599,3310 2647,3310 2695,3309 2743,3309 2791,3308 2838,3308 2886,3308 2934,3307 2982,3307 3030,3307 3078,3307 3126,3308"/>
                <TextEquiv>
                    <Unicode>von Innen heraus entwickeln läßt, ist hier fast auf</Unicode>
                </TextEquiv>
            </TextLine>
            <TextLine id="r2l68" custom="readingOrder {index:67;}">
                <Coords points="2156,3351 3131,3355 3131,3309 2538,3336 2156,3312"/>
                <Baseline points="2165,3349 2212,3349 2260,3349 2308,3349 2356,3349 2404,3349 2451,3349 2499,3349 2547,3349 2595,3349 2643,3349 2690,3349 2738,3349 2786,3349 2834,3349 2882,3349 2929,3348 2977,3348 3025,3348 3073,3348 3121,3347"/>
                <TextEquiv>
                    <Unicode>die Spitze getrieben. Im Grunde besteht das ganze</Unicode>
                </TextEquiv>
            </TextLine>
            <TextLine id="r2l69" custom="readingOrder {index:68;}">
                <Coords points="2165,3395 3135,3394 3120,3355 3006,3348 2165,3356"/>
                <Baseline points="2174,3388 2221,3388 2269,3388 2316,3388 2364,3388 2412,3388 2459,3388 2507,3388 2554,3388 2602,3388 2650,3388 2697,3387 2745,3387 2792,3387 2840,3387 2888,3387 2935,3387 2983,3387 3030,3388 3078,3388 3126,3389"/>
                <TextEquiv>
                    <Unicode>Stück aus drei großen Dialogen. Es sind wunderbar</Unicode>
                </TextEquiv>
            </TextLine>
            <TextLine id="r2l70" custom="readingOrder {index:69;}">
                <Coords points="2163,3437 3133,3429 3133,3396 3094,3390 2163,3394"/>
                <Baseline points="2172,3426 2219,3426 2267,3427 2314,3427 2362,3427 2410,3427 2457,3427 2505,3427 2552,3426 2600,3426 2648,3426 2695,3425 2743,3425 2790,3424 2838,3424 2886,3424 2933,3424 2981,3424 3028,3424 3076,3424 3124,3425"/>
                <TextEquiv>
                    <Unicode>verschlungene Dialoge, voll tiefer Seelenkenntnis, voll</Unicode>
                </TextEquiv>
            </TextLine>
            <TextLine id="r2l71" custom="readingOrder {index:70;}">
                <Coords points="2150,3488 2923,3463 3133,3495 3133,3430 2150,3439"/>
                <Baseline points="2159,3464 2207,3465 2255,3466 2303,3466 2352,3467 2400,3467 2448,3467 2496,3468 2545,3468 2593,3468 2641,3468 2689,3468 2738,3467 2786,3467 2834,3467 2882,3467 2931,3467 2979,3466 3027,3466 3075,3466 3124,3466"/>
                <TextEquiv>
                    <Unicode>Geist und Schlagfertigkeit, auch der Witz kommt ost</Unicode>
                </TextEquiv>
            </TextLine>
            <TextLine id="r2l72" custom="readingOrder {index:71;}">
                <Coords points="2162,3513 3119,3527 3147,3474 2162,3483"/>
                <Baseline points="2172,3506 2220,3506 2268,3506 2316,3507 2365,3507 2413,3506 2461,3506 2510,3506 2558,3506 2606,3506 2655,3505 2703,3505 2751,3505 2799,3505 2848,3505 2896,3505 2944,3505 2993,3506 3041,3507 3089,3508 3138,3509"/>
                <TextEquiv>
                    <Unicode>zu seinem Rechte — aber es ist kein levendiges Leben,</Unicode>
                </TextEquiv>
            </TextLine>
            <TextLine id="r2l73" custom="readingOrder {index:72;}">
                <Coords points="2145,3553 2168,3548 2184,3559 2233,3550 2259,3563 2286,3552 2321,3563 2340,3550 2469,3554 2469,3524 2441,3526 2426,3515 2261,3509 2244,3524 2213,3524 2145,3514"/>
                <Baseline points="2155,3543 2180,3545 2205,3546 2231,3547 2256,3548 2281,3548 2307,3548 2332,3548 2357,3547 2383,3547 2408,3546 2433,3546 2459,3545"/>
                <TextEquiv>
                    <Unicode>kein Zug darm.</Unicode>
                </TextEquiv>
            </TextLine>
            <TextLine id="r2l74" custom="readingOrder {index:73;}">
                <Coords points="3110,3588 3123,3589 3133,3581 3140,3589 3148,3582 3157,3583 3162,3517 3149,3516 3143,3520 3136,3517 3126,3524 3115,3523"/>
                <Baseline points="3120,3570 3148,3572"/>
                <TextEquiv>
                    <Unicode></Unicode>
                </TextEquiv>
            </TextLine>
            <TextLine id="r2l75" custom="readingOrder {index:74;}">
                <Coords points="3028,3591 3037,3589 3042,3584 3044,3584 3045,3581 3052,3585 3063,3582 3054,3550 3043,3553 3036,3553 3026,3547 3017,3550"/>
                <Baseline points="3034,3575 3049,3571"/>
                <TextEquiv>
                    <Unicode></Unicode>
                </TextEquiv>
            </TextLine>
            <TextLine id="r2l76" custom="readingOrder {index:75;}">
                <Coords points="2331,3594 2374,3591 2379,3585 2383,3589 2394,3587 2402,3594 2424,3591 2432,3597 2451,3585 2454,3589 2471,3586 2471,3559 2458,3559 2451,3552 2436,3557 2421,3553 2391,3557 2361,3551 2346,3559 2331,3557"/>
                <Baseline points="2340,3576 2370,3575 2401,3576 2431,3576 2462,3576"/>
                <TextEquiv>
                    <Unicode>—</Unicode>
                </TextEquiv>
            </TextLine>
            <TextLine id="r2l77" custom="readingOrder {index:76;}">
                <Coords points="2233,3639 3005,3646 3151,3621 3150,3591 3070,3579 2544,3613 2233,3598"/>
                <Baseline points="2242,3633 2287,3633 2332,3633 2377,3633 2422,3633 2467,3633 2512,3633 2557,3632 2602,3632 2647,3632 2692,3631 2737,3631 2782,3630 2827,3630 2872,3630 2917,3630 2962,3629 3007,3629 3052,3629 3097,3630 3142,3630"/>
                <TextEquiv>
                    <Unicode>Das Publikum nahm anfangs reges Interesse!</Unicode>
                </TextEquiv>
            </TextLine>
            <TextLine id="r2l78" custom="readingOrder {index:77;}">
                <Coords points="2152,3674 3129,3667 3129,3626 2537,3632 2491,3656 2152,3623"/>
                <Baseline points="2162,3670 2209,3671 2257,3672 2305,3672 2353,3673 2401,3673 2449,3673 2496,3673 2544,3673 2592,3673 2640,3672 2688,3672 2736,3672 2784,3671 2831,3671 2879,3671 2927,3670 2975,3670 3023,3670 3071,3670 3119,3670"/>
                <TextEquiv>
                    <Unicode>an der Sache, aber am Ende erlahmte seine</Unicode>
                </TextEquiv>
            </TextLine>
            <TextLine id="r2l79" custom="readingOrder {index:78;}">
                <Coords points="2160,3726 3107,3719 3124,3672 2159,3673"/>
                <Baseline points="2169,3709 2216,3710 2263,3710 2310,3711 2358,3711 2405,3711 2452,3710 2500,3710 2547,3710 2594,3709 2642,3709 2689,3708 2736,3708 2783,3707 2831,3707 2878,3706 2925,3706 2973,3705 3020,3705 3067,3705 3115,3705"/>
                <TextEquiv>
                    <Unicode>Teilnahme unter der Fülle dieser Worte ohne Handlung.</Unicode>
                </TextEquiv>
            </TextLine>
            <TextLine id="r2l80" custom="readingOrder {index:79;}">
                <Coords points="2156,3740 2765,3765 3128,3741 3038,3708 2156,3720"/>
                <Baseline points="2165,3751 2212,3751 2260,3750 2308,3750 2355,3750 2403,3750 2451,3750 2498,3749 2546,3749 2594,3749 2642,3748 2689,3748 2737,3748 2785,3747 2832,3747 2880,3746 2928,3745 2975,3744 3023,3744 3071,3742 3119,3741"/>
                <TextEquiv>
                    <Unicode>Man kann auch kaum sagen, daß ihm das Stück ge¬</Unicode>
                </TextEquiv>
            </TextLine>
            <TextLine id="r2l81" custom="readingOrder {index:80;}">
                <Coords points="2157,3790 3092,3782 3131,3810 3101,3750 2157,3760"/>
                <Baseline points="2167,3786 2214,3787 2262,3788 2310,3788 2358,3788 2405,3788 2453,3788 2501,3788 2549,3788 2596,3787 2644,3787 2692,3786 2740,3786 2787,3785 2835,3784 2883,3783 2931,3783 2978,3782 3026,3782 3074,3781 3122,3781"/>
                <TextEquiv>
                    <Unicode>fallen habe. Arthur Schnitzler steht in so hoher</Unicode>
                </TextEquiv>
            </TextLine>
            <TextLine id="r2l82" custom="readingOrder {index:81;}">
                <Coords points="2166,3834 3136,3837 3136,3798 3093,3783 2166,3791"/>
                <Baseline points="2175,3820 2222,3822 2270,3824 2317,3825 2365,3826 2412,3826 2460,3827 2507,3827 2555,3827 2602,3827 2650,3827 2698,3826 2745,3826 2793,3825 2840,3824 2888,3824 2935,3823 2983,3822 3030,3822 3078,3821 3126,3821"/>
                <TextEquiv>
                    <Unicode>Schätzung, daß ein Stück von ihm nicht geradezu ab¬</Unicode>
                </TextEquiv>
            </TextLine>
            <TextLine id="r2l83" custom="readingOrder {index:82;}">
                <Coords points="2163,3879 2659,3856 3139,3878 3138,3831 3080,3824 2163,3825"/>
                <Baseline points="2173,3865 2220,3866 2268,3866 2316,3866 2364,3867 2412,3867 2459,3867 2507,3867 2555,3867 2603,3867 2651,3867 2698,3867 2746,3866 2794,3866 2842,3865 2890,3864 2937,3863 2985,3861 3033,3860 3081,3857 3129,3855"/>
                <TextEquiv>
                    <Unicode>gelehnt werden kann, und er hat hier auch Freunde</Unicode>
                </TextEquiv>
            </TextLine>
            <TextLine id="r2l84" custom="readingOrder {index:83;}">
                <Coords points="2145,3913 3134,3893 3133,3864 3094,3861 2145,3868"/>
                <Baseline points="2155,3902 2203,3903 2252,3904 2300,3905 2349,3905 2397,3906 2446,3906 2494,3906 2543,3906 2591,3906 2640,3906 2688,3906 2737,3905 2785,3904 2834,3904 2882,3903 2931,3902 2979,3901 3028,3900 3076,3898 3125,3897"/>
                <TextEquiv>
                    <Unicode>und Anhänger genug, die einige kräftige Hervorrufe</Unicode>
                </TextEquiv>
            </TextLine>
            <TextLine id="r2l85" custom="readingOrder {index:84;}">
                <Coords points="2154,3941 3126,3956 3125,3905 3060,3902 2154,3913"/>
                <Baseline points="2163,3941 2210,3943 2258,3944 2306,3945 2353,3945 2401,3946 2449,3946 2496,3946 2544,3946 2592,3945 2640,3945 2687,3944 2735,3944 2783,3943 2830,3942 2878,3942 2926,3941 2973,3940 3021,3939 3069,3939 3117,3938"/>
                <TextEquiv>
                    <Unicode>nach den Aktschlüssen zuwege bringen; aber nach der</Unicode>
                </TextEquiv>
            </TextLine>
            <TextLine id="r2l86" custom="readingOrder {index:85;}">
                <Coords points="2166,3986 3136,3999 3115,3945 2166,3943"/>
                <Baseline points="2176,3978 2223,3981 2271,3983 2318,3984 2366,3985 2413,3986 2461,3986 2508,3986 2556,3986 2603,3986 2651,3986 2698,3985 2746,3984 2793,3984 2841,3983 2888,3982 2936,3982 2983,3981 3031,3981 3078,3981 3126,3981"/>
                <TextEquiv>
                    <Unicode>Erfahrung von gestern wird er sich wohl selbst sagen,</Unicode>
                </TextEquiv>
            </TextLine>
            <TextLine id="r2l87" custom="readingOrder {index:86;}">
                <Coords points="2167,4026 3145,4029 3144,4001 3068,3983 2167,3987"/>
                <Baseline points="2176,4019 2224,4021 2272,4023 2320,4024 2368,4024 2416,4025 2464,4025 2512,4025 2560,4024 2608,4024 2656,4023 2704,4023 2752,4022 2800,4021 2848,4021 2896,4020 2944,4020 2992,4020 3040,4020 3088,4020 3136,4020"/>
                <TextEquiv>
                    <Unicode>daß er, wenn es ihm nicht schon bisher gelungen wäre,</Unicode>
                </TextEquiv>
            </TextLine>
            <TextLine id="r2l88" custom="readingOrder {index:87;}">
                <Coords points="2161,4059 2991,4077 3142,4058 3142,4015 2161,4024"/>
                <Baseline points="2170,4057 2218,4059 2266,4060 2314,4061 2362,4062 2410,4063 2458,4063 2506,4063 2554,4063 2602,4063 2651,4063 2699,4062 2747,4062 2795,4061 2843,4061 2891,4060 2939,4059 2987,4059 3035,4058 3083,4058 3132,4057"/>
                <TextEquiv>
                    <Unicode>mit diesem „Zwischenspiel“ die Bühne nicht erobern</Unicode>
                </TextEquiv>
            </TextLine>
            <TextLine id="r2l89" custom="readingOrder {index:88;}">
                <Coords points="2159,4117 2760,4090 3138,4115 3138,4075 3059,4061 2159,4057"/>
                <Baseline points="2169,4096 2217,4097 2265,4098 2313,4100 2361,4100 2409,4101 2457,4101 2505,4101 2553,4101 2601,4101 2649,4100 2697,4100 2745,4099 2793,4098 2841,4098 2889,4097 2937,4096 2985,4096 3033,4095 3081,4095 3129,4095"/>
                <TextEquiv>
                    <Unicode>wird. Für die Darstellung der Hauptrollen traten</Unicode>
                </TextEquiv>
            </TextLine>
            <TextLine id="r2l90" custom="readingOrder {index:89;}">
                <Coords points="2157,4140 3136,4149 3136,4111 2996,4096 2157,4118"/>
                <Baseline points="2167,4137 2215,4137 2263,4137 2311,4137 2359,4138 2407,4138 2455,4138 2503,4138 2551,4139 2599,4139 2647,4139 2695,4139 2743,4139 2791,4139 2839,4139 2887,4139 2935,4138 2983,4138 3031,4136 3079,4135 3127,4133"/>
                <TextEquiv>
                    <Unicode>Kainz mit bewundernswerter Virtuosität und Lotte</Unicode>
                </TextEquiv>
            </TextLine>
            <TextLine id="r2l91" custom="readingOrder {index:90;}">
                <Coords points="2157,4193 3146,4176 3146,4139 2157,4139"/>
                <Baseline points="2167,4173 2215,4174 2263,4176 2312,4176 2360,4177 2409,4177 2457,4177 2506,4177 2554,4177 2603,4177 2651,4177 2699,4176 2748,4176 2796,4176 2845,4176 2893,4175 2942,4175 2990,4175 3039,4175 3087,4176 3136,4176"/>
                <TextEquiv>
                    <Unicode>Witt mit einer ihrer temperamentvollen Persönlichkeit</Unicode>
                </TextEquiv>
            </TextLine>
            <TextLine id="r2l92" custom="readingOrder {index:91;}">
                <Coords points="2165,4219 2918,4227 2935,4184 2165,4189"/>
                <Baseline points="2174,4212 2211,4214 2249,4215 2286,4216 2324,4217 2362,4217 2399,4217 2437,4217 2474,4217 2512,4217 2550,4217 2587,4216 2625,4216 2662,4216 2700,4215 2738,4215 2775,4215 2813,4215 2850,4216 2888,4216 2926,4217"/>
                <TextEquiv>
                    <Unicode>abgerungenen künstlerischen Diskretion ein.</Unicode>
                </TextEquiv>
            </TextLine>
            <TextEquiv>
                <Unicode> 
(Quellenangabe ohne Gewähr.)
Ausschnitt anse burger Fremdenblatt
vom:
 
Feuilleton.
Wiener Theater.
„Zwischenspiel“.
Kowölie in drei Akten von Arthur Schnitzler.
Erstaufführung im Burgtheater.
(Eigener Bericht.)
b. Wien, 13, Oktbr.
Wer kennt nicht Brahms' herrliches Lied: „Nicht:
mehr zu Dir zu gehen beschloß ich und beschwor ich,
und geh’ doch alle Tage, denn jede Kraft und jeden
Halt verlor ich!“ und wer hätte dabei nicht die
Empfindung gehabt, daß dahinter eine tiefe, schwüle
Tragödie stecke! Arthur Schnitzler suchte sie mit seinem
feinen Spürsinn nach psychologischen Rätseln hervor¬
zuholen und baute auf dies Grundmotiv ein Stück.
Es spielt zwischen dem Kapellmeister Amadens Adams
und seiner Frau Cäcilie. Sieben Jahre haben sie in
einem träumerischen Glück nebeneinander gelebt. Da
tritt die Versuchung an sie heran, an sie in Gestalt
eines Fürsten Sigismund, an ihn in Gestalt einer
gräflichen Opernsängerin. Sie sind beide Künstler¬
naturen und doch aufrichtig gegenemander. Sie geben
sich gegenseitig die Freiheit, aber in allem, was
sonst das Leben erfüllt, wollen sie als Freunde, als
Kameraden nach wie vor zusammen bleiben, die
musitalischen Beziehungen zumal sollen aufrecht
bleiben. Nicht mehr zu Dir zu gehen beschloß ich!
Aber die Gemeinschaft zweier Menschen verschiedenen
Geschlechts bleibt immer eine gefährliche Sache, selbst
unter Eheleuten. Eines Abends, da sie von einem
Berliner Gastspiele zurückkehrt, wonnetrunken, freude¬
berauscht, im vollen Glanze ihrer sieghaften Schönheit,
da war's um sie geschehen. Jede Kraft und jeden
Halt verloren sie beide, und in einer Stunde des
Glücks verschwinden alle asketischen Vorsätze. Das
bleibt jedoch nur ein Zwischenspiel. Nun die Liebe
wieder ins Haus eingezogen, kommt mit ihr auch das
Verlangen nach dem alleinigen Besitz des geliebten
Gegenstandes, man nennt es sonst: die Eifersucht. Es
zeigt sich, daß er, der Mann, die Episode der Freiheit
leichtmütig und genußfreudig ausgenützt, daß er sich
nicht so tapfer gehalten wie sie. Es steckt ein Zug von
der Ibsenschen Nora in dieser Frau. Sie hat kaum
im Gedanken gefehlt, er mit der brutalen Tat, und
da hat ihre vornehme Seele die Empfindung, daß der
Mann sich klein und niedrig erwiesen, wo sie ihren
Adel gewahrt. Sie ist nun entschlossen, von ihm zu
gehen. „Wir lassen uns nicht scheiden, wir scheiden!“
Er, der Minderwertige, findet sich schmerzbewegt, aber
immerhin ungebrochen damit ab, und da er nun fort,
weint sie um ihn!
Nur ein sehr geringer Teil der psychologischen#
Wendungen, Verwirrungen, Verwandlungen und Un¬
gelöstheiten des Stückes ist in dieser Inhaltsangabe
wiedergegeben. Das Ganze ist ein psychologischer
Knäuel, der drei Akte hindurch ab= und wiederum auf¬
gewickelt wird. Jeder Steigerung folgt ein Rückfall.
In Wahrheit: der Zuschauer ermüdet einigermaßen
ob dieses wellenförmigen Auf und Ab, das sich drei
Stunden vor ihm abspielt. Die Ibsensche Dramentechnik,
die äußere Vorgänge verschmäht und das ganze Drama
von Innen heraus entwickeln läßt, ist hier fast auf
die Spitze getrieben. Im Grunde besteht das ganze
Stück aus drei großen Dialogen. Es sind wunderbar
verschlungene Dialoge, voll tiefer Seelenkenntnis, voll
Geist und Schlagfertigkeit, auch der Witz kommt ost
zu seinem Rechte — aber es ist kein levendiges Leben,
kein Zug darm.


—
Das Publikum nahm anfangs reges Interesse!
an der Sache, aber am Ende erlahmte seine
Teilnahme unter der Fülle dieser Worte ohne Handlung.
Man kann auch kaum sagen, daß ihm das Stück ge¬
fallen habe. Arthur Schnitzler steht in so hoher
Schätzung, daß ein Stück von ihm nicht geradezu ab¬
gelehnt werden kann, und er hat hier auch Freunde
und Anhänger genug, die einige kräftige Hervorrufe
nach den Aktschlüssen zuwege bringen; aber nach der
Erfahrung von gestern wird er sich wohl selbst sagen,
daß er, wenn es ihm nicht schon bisher gelungen wäre,
mit diesem „Zwischenspiel“ die Bühne nicht erobern
wird. Für die Darstellung der Hauptrollen traten
Kainz mit bewundernswerter Virtuosität und Lotte
Witt mit einer ihrer temperamentvollen Persönlichkeit
abgerungenen künstlerischen Diskretion ein.</Unicode>
            </TextEquiv>
        </TextRegion>
        <TextRegion orientation="0.0" id="r3" custom="readingOrder {index:2;}">
            <Coords points="3117,757 3117,911 3156,911 3156,757"/>
            <TextLine id="r3l1" custom="readingOrder {index:0;}">
                <Coords points="3109,869 3135,864 3149,872 3153,870 3159,875 3168,874 3163,824 3150,825 3142,822 3140,824 3119,823 3118,825 3105,826"/>
                <Baseline points="3117,861 3156,857"/>
                <TextEquiv>
                    <Unicode>8</Unicode>
                </TextEquiv>
            </TextLine>
            <TextEquiv>
                <Unicode>8</Unicode>
            </TextEquiv>
        </TextRegion>
    </Page>
</PcGts>
