3484 4352
1326 215 1750 314 box 25/1
270 217 1254 323 20. Zuischensniel
396 1227 745 1315 Telechan 12391.
590 1329 1283 1431 „UBSERVER
392 1413 1509 1487 I. österr. behördl. konz. Unternehmen für Zeilungs-Ausschnilte
587 1483 1318 1552 Wien, I., Concordiaplatz 4.
806 1544 1111 1597 Vertretungen
405 1581 1518 1634 in Berlin. Budapest. Chicago, Christiania, Genf, Kopenhagen,
391 1630 1525 1678 London, Madrid, Mailand, Minneapolis, New-York, Paris, Rom,
578 1668 1341 1727 San Francisco. Stockholm, St. Petersburg.
753 1714 1171 1780 (Quellenangabe ehne Gewähr.)
394 1797 816 1874 Ausschnitt aus:
781 1801 1569 1925 WIENER ABENDPOST
411 1900 560 1959 vom:
827 2045 1310 2138 Theater und Kunst.
567 2092 1579 2208 Was für ein reizendes Lustspiel hätte Artur
517 2168 1577 2262 Schnitzler aus dem „Zwischenspiel“
558 2201 1578 2315 nuchen können, das unter der nichtssagenden Be¬
517 2253 1574 2361 zeichnung „Komödie“ am 12. d. M. zum ersten Male
518 2315 1570 2422 im Burgtheater in Szene ging! Eine Künstler¬
508 2358 1565 2468 ehe, bei der die wirkliche Ehe ein Intermezzo bildet,
483 2420 1564 2514 das sich trotz einiger verzwickter Experimente nicht zur
510 2468 1566 2554 großen Sinsonie ausgestalten läßt. Warum? Das
514 2510 1556 2611 wollen die Personen in prächtig gefügten Sätzen als
498 2555 1562 2672 Sprechminister des Dichters sagen, nicht als Wesen
504 2621 1558 2721 von Fleisch und Blut; Geist in allen Spielarten, vom
496 2663 1548 2749 seingeschliffenen Aphorismus bis zur kommentierenden
484 2718 1550 2816 Ironie, sprudelt in solchen Fluten, daß er die dünnen
489 2749 1553 2869 Gefäßwände der Handlung sprengt und den Zuschauer
482 2807 1541 2925 mit einem Sturzbade bedenkt, in dem die einzelnen
479 2863 1550 2977 Wassertropfen nicht mehr wahrnehmbar erscheinen.
487 2918 1533 3027 Manchmal überredet uns der Dichter, er überzeugt
469 2966 1528 3065 aber nie, weil er zu viel beweisen will und an ge¬
490 3024 1521 3151 suchten Problemen herumkünstelt. Vor allem aber
485 3093 1519 3184 wird ein Ausschnilt der Welt, gesehen durch Tem¬
479 3142 1532 3230 peramentlosigkeit, nie bühnenfähig werden. Das Werk
471 3190 1535 3303 ist ein geistvoller Irrtum, sowohl in seinem Stoffe
472 3239 1512 3346 als in den theatralischen Mitteln. Daß das Burg¬
465 3294 1528 3399 theater, voran Kainz, sein Bestes aufbot, das Un¬
467 3347 1518 3445 glaubhafte glaublich zu machen, was ihm auch bis
457 3407 1525 3498 zum dritten Akte gelang, soll morgen noch des Näheren
457 3441 1514 3545 erörtert werden. Das Publikum benützte die Auf¬
455 3486 1509 3597 führung des Stückes, um Artur Schnitzler mit Freude
453 3537 1460 3648 wieder im Burgtheater zu begrüßen. A. v. W.
1873 1736 2248 1824 Telephon 12801.
2054 1783 2782 1926 „OBSERVER“
1873 1903 2985 1975 I. österr. behördl. konz. Unternehmen für Zeitungs-Ausschnitte
2059 1951 2803 2050 Wien, I., Concordiaplatz 4.
2278 2034 2608 2093 Vertretungen
1872 2066 2989 2142 in Berlin, Budapest, Chicago, Christiania, Genf, Kopenhagen,
1890 2114 2994 2181 London, Madrid, Mailand, Minneapolis, New-York,Paris, Rom,
2057 2164 2818 2241 San Francisco, Stockholm, St. Petersburg.
2229 2201 2650 2263 (Quellenangabe ohne Gewähr.)
1902 2267 2924 2420 Ausschnitt auseue Hamburger Zeitung
1902 2388 2950 2520 vom:4 Hofburg=Theater
1857 2472 2948 2540 fand, wie uns ein Privattelegrammmeldet,
1860 2513 2945 2588 Artur Schnitzlers dreiaktige Komödie „Zwischen¬
1849 2539 2946 2615 spiel“ bei seiner Uraufführung nach den ersten bei¬
1858 2593 2942 2659 den Akten freundlichen Beifall. Der letzte Akt flaute
1847 2628 2949 2705 infolge ermüdender Längen gänzlich ab. Den Inhalt
1844 2676 2942 2745 bildet eine moderne Künstlerehe, deren Lösung nicht
1857 2709 2958 2782 einwandsfrei ist. Der Verfasser wurde zehnmal
1843 2746 2039 2816 gerufen.
