3532 4256
1334 118 1798 211 box 25/6
270 134 1208 246 20. Zuischenshiel
2791 488 3004 573 Seite 9
1573 518 1960 603 RADIO-WIEN
531 549 1004 644 7. Jahrg., Heft 24
1238 617 1878 709 Zur Aufführung am Sonntag, :5. März
2901 675 2986 791 4
1190 738 1746 951 — und Sein
1790 731 2879 1085 Dndede e
1219 972 1298 1058 8
2674 1012 3022 1093 Was er immer
1260 818 3011 1283 n ieneansenen
2461 1068 3018 1133 wieder zeigt, ist die faule,
1296 1054 1344 1136 1
2274 1106 3015 1172 wurmige Welt kleinlicher, vager, verloge¬
2081 1150 3020 1222 ner und pendelhafter Beziehungen. Vergebens fragen
1917 1192 3024 1266 die Dämmerseelen nach einem Menschen, nach einem Weg
1804 1228 3016 1320 ins Freie. Welche Welt! Immer wird sie bei Schnitzler überwun¬
1804 1267 3009 1367 den — schon als er begann: „Liebeiei“ und sollte Liebe Reitsel.
1810 1312 3021 1387 Liebe sein. Statt dessen geht alles an Liebelei zugrunde. Immer
1333 1342 1435 1441 —
1807 1351 3016 1430 hebt er sich davon ab, sondert sich von dieser geiler. Gefräßig¬
1807 1384 3030 1465 keit, der alles Ereiwild ist: Menschentum, Kunst, Platur, Liebe.
1807 1447 3034 1512 Die verschmutzten Dinge einer entgötterten Zeit werden in die
1799 1465 3030 1563 Hand genommen, melancholisch angeschaut, abe: auch fallen
1799 1546 2020 1605 gelassen.
1843 1531 3038 1625 Alle diese Elernente des Schnitzlerschen Wesens finden sich in
1812 1582 3028 1670 seiner Komödie „Zwischenspiel“, die roog am Burgtheater mit
1054 1619 1317 1714 dein . Poee“
1803 1611 3038 1719 Kainz und Lotte Witt in den Hauptrollen zur Uraufführung kam.
1805 1675 3037 1758 Kapellmeister und Opernsängerin ringen um den Sinn des Zusam¬
1816 1704 3034 1784 menlebens zu Zweien. Sie verlieren einander, nicht weil es in
1217 1715 1383 1787 Arthur
1822 1739 3037 1824 ihrer Ehe lauernde Dritte gibt, sondern weil sie mit der Wahr¬
1097 1760 1398 1832 Schnitzler blieb
1429 1769 1553 1860 6
1823 1777 3042 1872 heit spielen. „Wenn alles andere wahr gewesen ist — daß wir
913 1816 1404 1884 Jahr um Jahr, der er
1824 1816 3046 1907 beide uns so schnell dareingefunden in jener Stunde, da du mir
1431 1839 1566 1928 —
759 1843 1419 1921 war, als der er begonnen hatte: verliebt
1826 1863 3046 1956 deine Leidenschaft für die Grähn und ich dir meine Neigung für
589 1893 1421 1968 in die Wiener Kleinbürgerlichkeit, in die Liebe¬
1818 1899 3051 1996 Sigismund gestand —, das ist nicht Wahrheit gewesen. Hätten wir
585 1923 1441 2006 lei erster Jugend, mit Maß sozialkritisch, elegisch
1818 1935 3045 2027 einander damals unsern Zorn, unsere Erbitterung, unsere Ver¬
597 1942 1810 2040 müde und ergebungsvoll lebensfreudig. Dieser Ton ist Schnitzlers
1818 1977 3038 2068 zweiflung ins Gesicht geschrien, statt die Gefaßten und Uber¬
594 1999 1815 2089 tiefster Ton, er kehrt immer wieder und fand in dem Doktor
1831 2018 3013 2120 legenen zu spielen, dann wären wir wahr gewesen, Amadeus, —
600 2032 1810 2121 seines Dramas „Der Ruf des Lebens“ schönsten Ausdruck:
1829 2087 2319 2155 und wir waren es nicht.“
591 2064 1828 2169 schmerzlich und dennoch nicht niedergebrochen, pantheistisch
1862 2090 3046 2186 Das ist der Orgelpunkt des „Zwischenspiels“ aber auch der
592 2112 1815 2217 friedevoll. Hoffnungsvolle Hoffnungslosigkeit könnte man dieses
1832 2144 3065 2236 Schhitzlerschen Kunst. Es gibt keine Wahrheit der Worte, es gibe
594 2150 1820 2243 Gefühl nennen, das für sein armes Ich nichts mehr, aber vom
1832 2194 3048 2293 nur eine Wahrheit des Seins. Diese allein ist unbedingt, jene
596 2185 1819 2287 Leben, von der Natur, vom All ewige Erneuerung und Jugend
602 2229 1815 2324 erwartet — immer in der leisen Zuversicht, daß dann vielleicht
1828 2260 2345 2324 andere nichts als relativ.
1882 2246 3059 2359 „Du sprichst wie gewöhnlich äußerst klug“, heißt es einmal in
603 2296 1223 2375 auch etwas für das Ich abfalle.
1842 2303 3054 2394 der Kon. Idie. Aber das gilt nicht nur von der Opernsängerin, es gilt
640 2301 1822 2398 So ist auch seine Heiterkeit. Blutsverwandt der Watteaus und
2720 2344 3070 2406 und Schnitzlers.
598 2352 1830 2440 Fragonards. Er wie jene sind Rokoko, sind Zeugen einer satten,
1842 2366 2728 2432 von allen Menschen dieses „Zwischenspiels“ —
1831 2384 3066 2479 Alle sind sie klug, verteufelt klug, zu klug. Ihre Verwirrung ist,
605 2386 1823 2488 dem Genuß und dem Bewußtsein des Genusses raffiniert hinge¬
1838 2424 3070 2505 daß sie sofort zerlegen, was sie erleben. Da bleibt ihnen nichts
615 2418 1823 2526 gebenen Kultur. Daher stammt die Wachheit in seinen Menschen.
1836 2462 3071 2561 als die Sehnsucht. Als der Kapellmeister seiner Gattin vom ganzen
608 2471 1820 2567 Aus dieser Überlegenheit des Intellekts heraus erscheinen als dra¬
1838 2504 3076 2599 Herzen wünscht, daß ihr manches im Dasein erspart bleiben
605 2504 1825 2605 matische Figuren immer wieder bei ihm Arzte, Schauspieler,
1850 2559 3070 2625 möge, antwortet sie rasch und aufbegehrend: „Mirt ... Nein,
619 2549 1838 2630 Schriftsteller. Damit ist die Luft, die Atmosphäre der Schnitzler¬
1856 2583 3070 2665 Amadeus, diesen Wunsch #ire ich zurück. Ich habe ja noch.
616 2587 1842 2671 schen Männerwelt ein für allemal gegeben. Es sind Menschen,
1843 2619 3068 2711 ich habe ja noch so wenig erlebt. Und ich sehne mich danach.
625 2636 1830 2725 denen das Wort leicht wird, die viel und gern von sich aussagen
1856 2658 3081 2744 Ich sehne mich nach allem Schmerzlichen und Süßen, nach allem
616 2667 1838 2753 und deren gescheite Anmerkungen zu den verworrenen Beziehun¬
1858 2701 3077 2798 Schönen und nach allem Kläglichen, was das Leben bringt. Ich
615 2703 1838 2793 gen des Lebens fast etwas Berufliches haben. Und es ist klar, daß
1845 2737 3079 2845 sehne mich nach Stürmen, nach Gefahr — vielleicht nach mehr.
624 2748 1833 2832 Arzt, Schauspieler und Schriftsteller die Erotik erleben oder er¬
2043 2791 3080 2858 Du kennst micht... Ich bin schon heute nicht mehr,
621 2797 1839 2877 leiden, die sich in der Ehe immer mit dem Auf- oder Unter¬
1860 2822 3070 2904 die ich war, Amadeus... Oder vielleicht war ich immer die¬
624 2822 1836 2906 tauchen eines oder einer Dritten ergibt — klar, weil “ das Trei¬
1855 2860 3076 2950 selbe und habe es nur nicht gewußt: und es ist jetzt etwas von
624 2876 1551 2954 bende, das Schöpferische der Schnitzlerwelt ist.
1865 2897 3085 2989 mir abgefall-“, das mich früher umhüllt hat... Ja, so muß es
661 2877 1853 2978 Schein wird mit Sein vertauscht, verwechselt, mengt sich, krallt
1854 2935 3075 3036 sein: denn jetzt fühle ich alle Wünsche, die früher an mir herab¬
630 2934 1852 3038 sich ineinander, daß keiner mehr am Ende erkennen kann, was
1859 2975 3088 3073 geglitten sind wie an einem fühllosen eisernen Panzer ... jetzt
633 2983 1849 3064 Wahrheit ist. Daraus wurde Schnitzlers schönste Bühnendichtung,
1870 3020 3085 3106 fühle ich sie über meinen Leib, über meine Seele gleiten, und
642 3021 1844 3114 die vom „Grünen Kakadu“, geboren, die seine ganze elegische,
1870 3057 3091 3146 sie machen mlich beben und glühen. Die Erde scheint mir voll
638 3062 1851 3147 zwischenlichtartige Kunst in einen Akt zusammenpreßt. Es ist
1871 3100 3081 3179 Abenteuer, der Himmel wie von Flammen strahlend, und mir
642 3099 1865 3191 dieselbe ironische Freude am Spiel, die aus einer Stunde des
1872 3133 3096 3228 ist, als säh' ich mich selbst, wie ich mit ausgebreiteren Armen
633 3142 1854 3224 Erkennens, da die nächsten Menschen sich entschleiern, eine des
631 3183 1846 3278 ewigen Nichterkennens macht. Wer wird geliebt, wer liebt, wo
1876 3212 2275 3284 dastche und warte.“
1915 3201 3094 3306 Hier spricht die Schnitzlersche Frau, der der Mann immer wie
634 3218 1854 3330 ist Heimat, Bestimmung, we hört das Abenteuer auf und beginnt
1873 3252 3091 3340 einer Entflichenden nachruft, nacheilt. Er hat nicht ihre Sicher¬
640 3261 1858 3350 der Sinn des Lebens? Ein jeder spricht davon, ein jeder hat ein
1878 3294 3083 3376 heit, ihre Unbedenklichkeit, ihre Lust, in eine unbekannte We.:
648 3301 1854 3384 Wort dafür und davon, die Seele aber bleibt leer und blickt ins
1872 3331 3091 3425 hineinzuschreiten. Die Frau — das weiß Schnitzler mit einer ge¬
640 3347 1853 3440 Leere und geht ins Leere. Wie? Wird alles zur großen Szenc,
1869 3375 3094 3454 heimen Angst — ist näher dem Leben, das Wort kann sie nie¬
644 3383 1855 3485 unwahr verlogen und unwahrscheinlich und ist dennoch im tief¬
1877 3406 3097 3497 mals halten, „die Mütter“ locken sie, die ewige Verwandlung, die
642 3422 1865 3514 sten ganz verschütteten Grunde wahrhafter Ausdruck eines Men¬
1883 3461 3095 3539 Leben heißt. Der Mann kann sein Leben im Bedingten verbringen,
640 3456 1869 3541 schen, der einfach nicht anders kann? Sollte es das geben, Lüge
1876 3494 3095 3582 die Frau aber wird irgendeinmal daraus eusbrechen, um ihre
655 3493 1868 3586 zugleich Wahrheit sein können, Armut zugleich Reichtum? Und
643 3538 1865 3629 können Worte hin und her gehen? Worte, die die kostbare Fas¬
1878 3556 2586 3623 Heimat zu suchen: das Unbedingte.
1912 3566 3098 3650 Mag manches in dem „Zwischenspiel“ — nach Schnitzlers
659 3565 1867 3670 sung des Herrn von Sala aus dem „Einsamen Weg“ haben, und
2252 3611 3089 3691 — „das Charakteristische aller Ubergangs¬
650 3616 1873 3705 die dennoch nichts bedeuten und zugleich alles bedeuten, die
1873 3644 2236 3708 eigenen Worten
1878 3647 3098 3737 epochen“ zeigen, „daß Verwicklungen, die für die nächste Gene¬
650 3656 1865 3751 anders sein könnten, dic am Tatsächlichen sehr schnell vorüber¬
1889 3688 3101 3780 ration vielleicht gar nicht mehr existieren, tragisch enden müsten“
659 3681 1879 3787 flattern und den Schein eines bedeutungslosen Friedens und einer
1908 3730 3107 3819 — in dieser seiner Erkenntnis von der Frau, die alles oder nichts
661 3733 1869 3828 bedeutungslosen Würde geben, währenddessen sich Letztes ent¬
1890 3768 3106 3853 will, die nur das Ganze des Lebens, nicht seinen Teil sucht, ent¬
652 3778 1874 3881 scheidet, an den Worten vorbei, ohne Worte: die Zusammen¬
1895 3804 3102 3896 wächst Schnitzler der Problematik der Übergangsepochen, rührt
661 3804 1875 3915 gehörigkeit von Menschen — die ewige Fremdheit zwiechen Men¬
1890 3843 3105 3943 er an Ewiges, an den Traum der Frau seit den Zeiten der Mutter¬
659 3865 1869 3940 schen. „Wir spielen immer, wer es weiß, ist klug.“ Ei ist die
666 3894 1879 3985 Weisheit Schnitzlers, seine etwas müde Erkenntnis, die in seinem
1886 3927 2116 3986 herrschaft.
656 3956 1190 4047 ganzen Werk zu finden is
