3436 4192
275 91 1211 201 20 Zuischensniel
1344 90 1806 196 box 25/5
1488 706 1869 803 Telephon 12.801.
1493 800 1659 890 Di.
844 830 1600 938 — „ObezVEN
752 879 1865 1016 I. österr. behördl. konz. Unternehmen für Zeitungs-Aussohnitte
889 959 1742 1074 Wien, I., Concordiaplatz 4.
1079 1034 1519 1123 Vertretungen
753 1071 1829 1187 in Berlin, Budapest, Chicage, Christiania, Genf, Kopen¬
741 1133 1836 1236 hagen, London, Madrid, Mailand, Minneapolis, New-Vork,
795 1168 1801 1277 Paris, Rom, öan Francisco, Stockholm, St. Petersburg.
1084 1225 1513 1294 (Guelienangabe ohne Gewähr).
1913 1205 2855 1297 aufen die wunderlichen Eheleute am Schluß
726 1249 1124 1335 Ausschnitt aus:
1910 1276 2844 1348 es „Zwischenspiels“ ohne jede abschließende
1913 1329 2855 1410 Erklärung wieder auseinander, Schnitzter
734 1356 897 1415 vom:
1905 1358 2832 1439 äßt das angeschnittene Problem einfach un¬
986 1317 1827 1531 e. Slemnen An
1903 1400 2845 1479 zelöst. Und es konnte ohne Gewaltsamleit
1905 1456 2842 1545 such gar nicht gelöst werden, denn das „Zwi¬
1902 1501 2828 1561 schenspiel“ ist gar kein Zwischenspiel sondern
1894 1531 2836 1629 bedeutet bei dem Charakter namentlich der
1891 1590 2839 1650 Frau den unheilbaren Bruch. Sie redet mit
1019 1609 1830 1710 Bremer Stadttheater.
1893 1637 2829 1699 vielen großen und tönenden Worten von der
1897 1686 2833 1772 „Freiheit“, aber die von ihr gemeinte Frei¬
1264 1675 1595 1755 Zwischenspiel.
1890 1730 2827 1804 heit ist lediglich die Erlaubnis, ihren Sin¬
1073 1731 1795 1798 Komödie von Arthur Schnitzler.
1894 1776 2824 1850 nen, unter deren unbedingter Knechtschaft sie
1020 1804 2825 1875 Dem „Zwischenspirhü Schnitz=Isteht, überall und uneingeschrankt nachgeden
940 1835 1884 1910 ler liegt ein scheinbar ebenso kompliziertes
1888 1868 2820 1933 zu können. Ein kameradschaftlich=freund¬
952 1885 1886 1949 wie psychologisch interessantes Problem zu¬
1887 1904 2834 1985 schaftliches Zusammenleben mit einer solchen
953 1931 1888 1994 grunde. Der Dichter schildert uns in seiner
1889 1954 2821 2023 Frau ist natürlich für jeden gesund und ge¬
942 1979 1883 2043 Komödie ein Künstlerehepaar, das sich zwar
1886 1998 2811 2072 rade empfindenden Mann ein Anding ein für
943 2025 2822 2118 in rein geistiger Beziehung noch nahe steht, allemal. Das beste an dem ganzen Stück ist
940 2072 1877 2127 sich sogar gegenseitig hochschätzt, im übrigen
1891 2087 2775 2160 noch der feine und scharf pointierte Dialog.
946 2118 1890 2188 jedoch einer des anderen überdrüssig gewor¬
1952 2130 2813 2208 Gerade diesen wußte das Gastspiel¬
940 2170 2816 2246 den ist. Trotzdem trennen sich aus dem ersten! Ensemble des Berliner Lessing=Theaters
941 2197 1880 2261 Grunde und wohl auch, weil ihre Ehe bereits
1876 2208 2815 2300 prächtig zur Geltung zu bringen, vornehm¬
943 2254 2808 2332 niit einem Kinde gesegnet ist, die beiden Leut=lich auch durch eine sorgsame Ausfeilung des
2823 2264 2870 2328 #
932 2276 2816 2392 Zn nicht, beschließen vielmehr feierlich, in lückenlosen und fein obgetönten Zusammen¬
927 2333 1878 2395 Wundschaftlicher Kameradschaft mit einander
1879 2356 2818 2433 spiels. Unter den Einzelleistungen ragte der
2812 2360 2882 2437 *50
939 2389 1887 2463 weiter zu leben, aber in gewissen Abenteuern
1879 2407 2813 2478 zwischen den verschrobenen Eheleutchen aller¬
928 2425 2807 2512 einer dem anderen völlige Freiheit zu lassen.ldings ohne sonderlichen Erfolg den Vermitt¬
937 2472 2846 2583 Von dieser zugestandenen Freiheit wird dennler spielende Albertus Rhon von Emanueljg
930 2525 2864 2599 auch beiderseits Gebrauch gemacht, und das Reicher durch seine, urwüchsige Natürlich= #
930 2566 2816 2668 gegenseitige Verhältnis wird um so pikanter, keit, ehrliche Schlichtheit und behäbige Ge¬
926 2609 2807 2693 als die beiden „Freunde“ kein Geheimnis vor sundheit besonders hervor. Den etwas hall¬
924 2652 2805 2737 einander haben sondern sich ihre Erlebnissel los hin= und herschwankenden Ehemann, der
923 2685 1879 2774 offen beichten wollen. Sie übersehen indessen
1870 2717 2814 2802 sich von Schlagwörtern und hohlen Phrasen
921 2746 1860 2809 cabei, daß sie sich schon das erste Geheimnis
1874 2772 2798 2830 gar zu leicht den Kopf verdrehen läßt, gab
928 2784 1860 2858 verschweigen, nämlich das, daß sie innerlich
1867 2813 2810 2884 Heinz Monnard mit einer sehr feinen
931 2839 1865 2906 nun doch einmal nicht von einander können.
1863 2852 2809 2933 ober deutlich fühlbaren Ironie wieder, die
929 2878 1876 2948 So bleibt denn auch das scheinbar äußerst in¬
1866 2905 2793 2964 gerade um ihrer Dezenz willen um so komischer
924 2923 2801 3008 time Verhältnis der Künstlerin zu dem Für=swirkte. Irene Triesch spielte die frei¬
921 2966 2808 3055 sten Sigismund doch in gewissen nur anzu=sheitsdurstige Künstlerin gar zu moniriert.
911 3023 2794 3107 deutenden Grenzen. Und als der bei dem Diese wunderliche Ehefrau ist gewiß unglaub¬
923 3056 2801 3149 „Zwischenspiel“ allmählich gegen seinen Wil= lich verstiegen, aber die Rolle wird völlig un¬
926 3097 2806 3199 len immer eifersüchtiger werdende Gatte da=serträglich, wenn die Darstellerin sich noch
909 3139 2789 3201 von durch den Fürsten selbst Kenntnis erhält, ebendrein in derartigen Uebertreibungen ge¬
915 3194 1856 3262 glaubt er triumphieren und das ursprüngliche
1858 3210 2785 3267 fällt, wie Irene Triesch sie sich glaubte erlau¬
921 3241 2791 3327 Verhältnis mit seiner Frau wieder herstellen ben zu dürfen. Alle übrigen Rollen sind nur
911 3279 1857 3351 zu können. Aber er irrt sich, die Frau besteht
1863 3303 2787 3376 Füllfiguren und von untergeordneter Bedeu
906 3327 1855 3394 trotzdem auf ihrer „Freiheit“ weil sie, wenn
1861 3354 2788 3421 tung. Daß ihre Vertreier ohne Ausnahn
908 3370 1867 3442 man das ohne jedes schmückende Drum und
1861 3392 2810 3475 Gutes leisteten, geht schon aus dem oben G¬
914 3410 2172 3509 Dran klar und einfach ausdrücken soll, nicht ssagten hervor.
905 3465 1860 3530 für sich einstehen zu können glaubt. Darum
2565 3465 2765 3553 Anf
