3484 4256
1303 175 1775 288 box 25/5
249 209 1169 318 20. Zuischenspiel
722 1147 1487 1236 Menge #rs von der geogelen u.15—
727 1136 2841 1284 Fettgehalte der Nahrung herrühren. Die Entente hat jedoch Entscheidung nicht bringen wird. Aleriun disek
175 1172 400 1270 r Angriff.
718 1180 3074 1316 den Mittelmächten auch die Abnahme der Leiblichkeit in Geld, zerstreut die Milliarden in der Entente, von der sie
183 1251 284 1318 ung.
716 1251 3076 1373 Bayern, wo es daran noch immer nicht fehlen dürfte, vor¬ wohl nie zurückkehren werden, aber schont seine Menschen¬
722 1344 3074 1433 gerechnet, denn im März und April, in den Monaten vor kraft und will vorerst keine Teuppen nach Europa schicken.
1888 1348 3082 1425 Wer soll der Entente geben, was ihr die Revolution in
174 1340 691 1443 Deten Generalstäbe.
730 1388 1896 1461 der Ernte und vor dem Beginne der reicheren Zufuhr an
1886 1397 3075 1463 Rußland genommen hat? Wirtschaftlich ärmer und mili¬
177 1411 718 1512 reichisch= ungarischen
729 1440 1893 1509 Gemüse, kommen die Feinde immer wieder auf die Er¬
1895 1441 3082 1509 tärisch schwächer ist sie geworden und die Urheber des
729 1471 1892 1569 schöpfung zurück, auf einen Trost, den sie ihren Völkern im
1897 1490 3080 1569 Hungerkrieges haben jetzt selbst Angst vor dem Hunger.
729 1532 1887 1607 Herbste nicht mehr bieten können, weil selbst mittlere und
1892 1535 3086 1624 Die Monarchie und Deutschland haben Vorräte, durch die
183 1524 575 1625 13. April 1917.
730 1571 1904 1651 schlechte Erträgnisse der Felder und Gärten für längere
1898 1579 3081 1656 ihr Bedarf bis zur nächsten Ernte vollauf gedeckt ist. Diese
186 1605 448 1681 zur See.
727 1613 1907 1699 Abschnitte zureichen und den Druck der Nahrungsfrage
731 1633 3076 1758 mildern. Die Furcht, daß die Verringerung des Schiffs= Nachricht ist die wirksamste Unierstützung der Friedens¬
185 1633 730 1727 nbruch griffen mehrere
1882 1675 3089 1763 politik, zu der sich die Staatsmänner der Mittelmächte aus
181 1707 728 1781 werk Codigoro im Po¬
728 1707 1900 1794 raumes durch den Untersgeboolkrieg zu peinlichen Ent¬
1882 1722 2656 1818 Menschlichkeit vor der Welt bekennen.
188 1747 723 1818 Bomben an und erzielten
736 1761 1899 1838 behrungen führen könnte, beherrscht die Politik der eng¬
203 1792 733 1876 sind wohlbehalten zurück¬
1889 1821 3098 1908 Vortrag Hugo v. Hofmannsthals von österreichischer Art
261 1847 697 1924 Flottenkommando.“
1896 1871 3096 1958 und Kultur ein Bild von wahrhaft bezaubernder Schönheit.
1902 1924 3091 2007 und beglückender Höhe und Weite des Standpunkts und
779 1870 1539 2057 Fenilleton.
221 1930 635 2035 Generalstabes:
1907 1962 3092 2068 des Ausblicks entrollt und die dichtgedrängte Hörerschaft zu
948 1971 1674 2079 Das Burgtheater in Zürich.
1906 2010 3089 2090 einem Beifall begeistert hat, wie er kaum je einem Redner
207 2013 532 2105 April 1917.
810 2037 1902 2136 Das Burgtheater ist in die Schweiz gekommen. An
1904 2055 3093 2145 in Zürich zuteil geworden ist. Und für den inneren
211 2085 611 2161 sschauplat.
738 2115 1905 2203 vier Abenden hat es in Zürich gespielt, je einmal die
1911 2101 3091 2195 Zusammenhang und Zusammenklang österreichischen und
210 2136 662 2212 rinz Rupprecht.
733 2159 1907 2248 „Medea“ in Basel und Bern. Die drei größten Städte der
1904 2149 3093 2242 deutschschweizerischen Wesens hatte der Dichter (zu dessen
204 2184 732 2268 Ffeldes bei Arras wurden
742 2203 1910 2287 deutschen Schweiz haben mit der vornehmsten Schauspiel¬
1904 2209 3097 2313 Ehren am Vorabend im Theater die „Elektra“ in Szene
205 2239 740 2312 ser Angriffe auf Angres
739 2242 1907 2330 bühne Oesterreichs, der, historisch gesprochen, ruhmreichsten
737 2248 3089 2373 in deutschen Landen überhaupt, Bekanntschaft machen gegangen war) Worte gefunden, wie sie verständnisvoller.
208 2282 734 2374 unsere Gegenstöße wett¬
735 2342 3090 2421 dürfen. Ein Unikum deswegen, weil, wie es Herr feinfühliger, wohltuender nicht zu denken sind. Diese edie
1908 2335 3097 2448 geistige Propaganda setzte dann das Burgtheatergastspiel in
206 2352 732 2461 avrelle bis zur Searpe:
742 2383 1915 2478 Regisseur Artur Holz bei einem den Gästen vom
1913 2386 3095 2476 vornehmer Weise fort. Ein anregender Vortrag Felix
226 2421 731 2503 Divisionen wurden ver¬
745 2423 1912 2525 Verwaltungsrat des Stadttheaters dargebotenen Nacht¬
1913 2436 3099 2520 Saltens ging ihm einleitend voraus: eine Charakteristik¬
741 2478 1907 2566 essen ausdrücklich hervorhob, das Burgtheater noch nie auf
1912 2490 3101 2578 des Burgtheaters, welche die inneren Kräfte, die diesem
232 2509 734 2603 mehrere Angriffe, auch
743 2525 1917 2614 eine Gastspielfahrt ins Ausland gegangen ist. Die Aus¬
1914 2529 3094 2627 Institut Heimatrecht im Herzen der Wiener, der Oester¬
738 2573 1916 2679 nahme, den Kriegszeiten verdankt, aber im trostreichen
1909 2569 3084 2680 reicher überhaupt errungen haben, klarlegte, und die in
223 2605 737 2677 Cambrai und Le Catelet
744 2623 1912 2722 Zeichen der völkerverbindenden friedlichen Kultur stehend
1911 2619 3094 2726 fester Tradition wurzelnde Eigenart dieser Bühne lebendig
218 2665 736 2736 ffechte bei Gonzeancourt
742 2668 1927 2771 und als solches in der Schweiz herzlich willkommen;
1911 2667 3106 2759 zeichnete. Daß es freilich immer wieder auch Perioden
1925 2714 3108 2810 des Nachlassens und Sinkens im Burgtheater gab (und,
750 2716 1923 2815 geheißen, hat sich gelohnt: die Rückkehrenden können mit
210 2728 736 2836 in und den südlichen An¬
1925 2765 3105 2853 wie man aus dem Feuilleton des berufensten Beurteilers in
742 2760 1919 2866 vollem Recht berichten, daß ein schöner Sieg ihnen
210 2797 754 2872 er dauert an; es bereitete
1926 2802 3100 2904 Ihrer Nummer vom 1. April ersieht, gerade jetzt gibt), ver¬
754 2841 1074 2922 beschieden war.
218 2849 755 2932 auf beiden Sommeufern
846 2834 1917 2935 Ein herrlicher Zufall hat es gefügt, daß wenige
741 2872 3129 3003 Abende vor dem Auftieten der Wiener Schauspieler ein hehlte der Redner nicht; aber er meinte: wie bei der
233 2898 385 2975 n fehl.
224 2930 709 3037 ermeister: Ludendorff.“
918 3091 1635 3318 h.B.6 10
