3484 4256
1349 119 1801 205 box 25/4
290 129 1189 226 20. Zwischenspiel
2027 1035 3218 1092 Die Aufführung war hervorragend in ihrer ganzen
769 1000 1828 1122 Kunst und Miesenschaft.
1946 1081 3222 1132 Art. Mit künstierischem Feldherrnblick sandte Herr Baron
1954 1124 3206 1173 v. Berger die Seinen für den Wiener Dichter ins Feuer;
1049 1115 1490 1184 Zwischenspiel.
1962 1154 3207 1215 doch ihr Erfolg war zweifellos eben nur ihr und ihres Füh¬
748 1165 1813 1240 Komödie in 3 Akten von Arthur Schnitzler.
1954 1203 3221 1246 rers Erfolg. Herr Wagner gab den Kapellmeister mit der
907 1221 1666 1285 (Deutsches Schauspielhaus.)
1959 1232 3212 1289 verträumten, zerflatterten Psyche ganz vorbildlich: lebenswarm
718 1248 1932 1315 In dem Stück ist keine rechte dramatische Kraft. Mehr
1953 1287 3222 1336 als Figur, bedeutsam als Typus. Uebrigens eine Riesenro#e,
652 1308 1923 1357 ehetorische. Schnitzler hat einen „großen“ Frauencharakter a
1955 1318 3217 1371 da Amadens kaum von der Bühne kommt! Eine Partnerin
653 1345 1931 1401 la Ibsen schildern wollen, hat es aber eigentlich nur zu grosen
1958 1366 3225 1405 von tiefer Verinnerlichung war ihm Frl. Hönigsvald als
637 1382 1921 1433 Worten gebracht. Das ist der Mangel des Stückes, daß die
1951 1383 3232 1447 Cäcilie. Diesem Spiel konnte man die Figur des Stückes
650 1424 1934 1472 „Heldin“ das echte Weib verleugnet. Auch einige andere
2456 1435 3230 1482 Als schriftstellernder Zeitgenosse von
1949 1433 2363 1498 beinah glauben.
653 1463 1672 1533 psychologische Unwahrscheinlichekiten laufen unter.
1962 1478 3221 1530 geruhig=nüchterner Lebensauffassung, dem der Dichter wirk¬
737 1495 1928 1559 Kapellmeister Amadens Adams und seine Frau Cäcilie,
1958 1505 3231 1555 same trockene Sarkasmen zu sagen gibt, war Herr Keller¬
653 1541 1929 1592 die gefeierte Opernsängerin, sind nach jahrelanger ganz glück¬
1949 1544 3228 1607 Nebri wohldisponiert. Frl. Kühnert gab die gräfliche
657 1583 1921 1634 licher Ehe plötzlich „gestolpert" Er fiel in die Netze einer
1967 1599 2727 1658 Lebedame mit ausgezeichnetem Elan.
655 1614 1934 1675 abenteuernden Gräfin; sie hat einen jungen Aristokraten zum
2393 1607 3218 1675 woher mag der Verfasser die Motive zu
2023 1630 2343 1690 Die „Komödie“
653 1660 1920 1716 — allerdings noch platonischen — Freunde. In dieser Sitta¬
1963 1664 3220 1724 dieser unzutreffenden Bezeichnung nehmen? — hatte, wie schon
647 1694 1927 1758 tion kommt den beiden Gatten, oder vielmehr dem Manne,
1962 1704 3233 1754 angedeutet, einen Achtungserfolg. In den Applaus mischte
648 1730 1932 1793 etwas, was er für eine Art „Erleuchtung“ hält: er will mit
1953 1738 3218 1808 sich Zischen. Immerhin ist Schnitzlers neues Stück in dieser
661 1787 1937 1837 der Frau fortan nur noch in „Freundschaft" und „Kamerad¬
1962 1793 3229 1851 Darstellung sehenswert. Es enthält auch in seinen, nur
658 1816 1933 1869 schaft“ leben, mit der Klausel, daß sie stets völlig aufrichtig
1955 1824 3201 1896 zu langen, Dialogen manche geistreiche Bemerkung. F. v. B.
660 1860 1931 1910 gegeneinander sein, d. h. also sich auch gegenseitig nichts ver¬
665 1902 1934 1945 hehlen wollen. Wie es nun in solchem gekünstelten Ver¬
2387 1899 2791 1983 Beissee Blut.
664 1939 1928 1997 hältnis sein muß: Es hapert mit den restlosen Geständnissen,
2067 1960 3113 2034 Gesangsposse von L. Krenn und C. Lindau.
664 1978 1937 2028 und heimlich lugt überall wieder die Liebe unter dem Mantel
653 2017 1657 2083 der Kameradschaft hervor. Wenigstens bei ihm.
2338 2020 2856 2084 (Schiller=Theater.)
724 2045 1921 2102 Der gute Amadeus ist nämlich die schwächere Hälfte in die¬
2026 2059 3214 2122 Die Wiener Gesangsposse, die gestern zur Aufführung ge¬
3131 2089 3169 2125 3
649 2092 1931 2149 ser Ehe. Kein Energiemensch, aber umso mehr Gemütsmensch
1961 2108 3230 2172 langte, hat bereits im Thalia=Theater ihre Zugkraft bewährt.
712 2133 1933 2189 wie's die Musiker ja oft sind. Also, diese Figur ist gut und
1963 2148 3225 2211 Wie in dem Drama „Von Stufe zu Stufe“, von Hugo Müller,
656 2174 1927 2224 wahr. Das konstruierte Freundschaftsgefühl des Manns
1960 2197 3229 2253 erscheint die Handlung als der wirre Traum eines jungen unga¬
661 2216 1930 2273 gegenüber der Frau schlägt schließlich, nachdem seine Leiden¬
1969 2227 3233 2285 rischen Bauernmädchens, das nach einem Zwist mit ihrem Ver¬
664 2251 1928 2299 schaft zu der schon erwähnten Gräfin wieder abgetan, in echte
1962 2275 3227 2320 lobten am Tage vor der Hochzeit fast der Versuchung erlegen
670 2296 1934 2349 Eifersucht um, und er glaubt nun durch seine tiefinnerste Reue
1973 2300 3222 2366 wäre, mit einem vornehmen Offizier, der dem schönen Mädchen
667 2338 1936 2384 auch ihr Herz wiedergefunden zu haben. Er wirbt von neuem
1963 2346 3226 2403 in den rosigsten Farben ein Zukunftsbild ausmalt, davonzugehen,
665 2378 1929 2438 um sie, in tiesstem Verlangen, als handele es sich um ein neues
1968 2394 3226 2446 aber in dem Moment, wo sie diesen in einer augenblicklichen Auf¬
657 2416 1234 2477 Wesen, ein neues Ideal.
1972 2424 3229 2485 wallung gefaßten Plan ausführen will, in einen tiefen Traum
744 2427 1940 2512 Umsonst, — sie will nicht mehr. Sie kann seinen Fehltritt
1965 2463 3230 2522 verfällt, in dem sie die Bilder ihrer erregten Phantasie weiter¬
665 2501 1949 2544 nicht verzeihen sie fürchtet eine Wiederholung, sie will bloß
1975 2511 3220 2560 spinnt. Sie sieht sich nach der glänzenden Kaiserstadt Wien versetzt,
673 2531 1937 2592 „Wahrheit“. Schnitzler hat zweifellos geglaubt, hier einen
1969 2546 3224 2592 wo sie zum Theater übergeht und den Glanz und das Elend
677 2567 1942 2624 wahrhaft erhabenen Frauencharakter auf die Bühne zu stellen.
1978 2578 3238 2636 des Bühnenlebens kennen lernt, bis sie schließlich in einem Duell
662 2607 1940 2660 Aber weiß er nicht, daß gerade das hochherzige Verzeihen
1976 2625 3227 2673 mit einer Nebenbuhlerin fällt. In diesem Augenblick erwacht sie
677 2656 1937 2705 der göttlichste Funke in der weiblichen Seele, von Ewigkeit zu
1982 2660 3236 2721 bei der Anrede ihres treuen Miklos, der sie wegen seiner Heftig¬
674 2687 1949 2729 Ewigkeit die ureigenste Größe des Frauenherzens war und
1977 2702 3233 2769 keit am vorigen Abend um Entschuldigung bittet, und sie über¬
673 2725 1946 2772 sein wird?! Doch diese Cäcilie denkt nicht nur nicht ans Ver¬
1967 2736 3235 2814 zeugt sich nun, daß alles nur ein böser Traum, zugleich aber eine
669 2763 1959 2825 zeihen ihre Phantasie beschäftigt sich kurz nach dem Fehltritt
1972 2791 3237 2848 heilsame Warnung war, niemals wieder den betörenden Worten
671 2805 1959 2857 des Mannes auch sogleich ihrerseits mit Fehltrilten, wenn auch
2992 2813 3251 2878 Die zu der
1976 2827 2967 2882 eines Versuchers ein geneigtes Ohr zu schenken. —
1431 2839 1959 2897 Nein, Schnitzler hat des
684 2854 1328 2902 zunächst nur in der Phantasie!.
1988 2852 3248 2929 fesselnden Handlung hinzukommenden gemütvollen Gesänge und
686 2889 1957 2941 Ewig=Weibliche, das uns hinanzieht, hier fast geflissentlich ver¬
1982 2902 3239 2953 ungarischen Nationaltänze übten auf das Publikum ihren vollen
684 2929 1951 2972 kannt. Möge dies „Zwischenspiel“ nur ein Zwischenspiel in
1987 2953 3245 3001 Zauber aus; eine Piece fand so großen Beifall, daß die Dar¬
678 2960 1949 3012 der psychologischen Erkenntnis des Verfassers sein! Und mige
1975 2976 3235 3038 steller sich zu einer viermaligen Wiederholung verstehen mußten.
685 2995 1944 3066 er fürderhin wieder mehr als dramatischer Bildhauer schaffen,
1983 3022 3243 3092 Unter den Darstellern zeichneten sich namentlich die Damen Frl.
675 3054 1360 3120 nicht nur als — Schnitzler.....
2665 3148 3093 3256 U
672 3086 2174 3300 Kamtanttr Susske
2302 3246 2788 3417 190
