3484 4352
440 113 2956 195 een eenen entertaie eietegenteitetenshentete ain, dentenentenit ne Grnnens . . Ml0
432 182 1687 241 garantiert worden wäre. So gewiß aber die persönliche Anwesen¬
1679 195 2954 258 jeder Post kommen Pakete in die Wohnung, alles Rollen, auf
429 230 1677 291 heit eines so ganz exzeptionellen Autors den Reiz der Vorstellung
1676 242 2961 321 den Leib geschriebene Rollen. Man begehre aber nicht zu
426 279 1680 344 und die Teilnahme an dem Stücke hätte erhöhen müssen, so war
1682 295 1855 369 schauen.
430 322 1691 380 doch das Burgtheater nicht in der Lage, auf eine derartige, noch
1786 315 2958 401 Frau Glöckner hat vor einigen Tagen die Häupter der ihr
428 377 2957 449 keinem deutschen Autor gewährte Begünstigung eingehen zu können in Quart= und Folioformat zugekommenen Lieben gezählt: es
492 431 2960 505 ; was allenfalls ein Privattheater, das da nach eigenem Gut= waren 97. Das ist natürlich nichts gegenüber der Ziffer, die die
421 473 2953 535 dünken verfahren hätte können, sich wohl leisten dürfte und was Preisrichter des Deutschen Volkstheaters melden können. 583 Stücke
430 532 2942 579 Anton Ascher oder Franz Jauner sich ohne Zweifel nicht hätten sind bei der letzten Preisausschreibung eingelaufen. Eine unheim¬
424 560 1693 618 entgehen lassen. So hat denn der „Schleier des Glücks“ den
1674 582 2955 656 liche Ziffer! Es sollen sicherem Vernehmen nach alle im letzten
421 603 1689 683 verstärkten Aureiz entbehren müssen — den er so gut hätte
1681 630 2959 692 Jahrhundert von allen Wiener Theatern abgelehnten Stücke
423 659 787 732 brauchen könren.
1683 673 2958 749 darunter sein. Zu einer Preiskonkurrenz drängt jeder, denn er
1626 698 1694 754 E
527 717 1685 779 Das Deutsche Volkstheater glaubt sein „Sensationsstück“
1689 735 2950 794 weiß, hier wird sein Stück — gelesen. Einer der Juroren, ein
427 763 1692 831 in der Lade zu haben. Hossentlich kommt es beim Theater dies¬
1681 777 2955 829 im Preisrichten bereits ergrauter Herr, erzählte, er allein habe
426 816 1684 887 mal nicht, wie schon oft bei Sensationen, anders. Man konnte
1688 824 2953 886 dreiundsechzig Stücke genossen. Und dabei sei nicht ein einziges
426 865 2961 937 bisher nicht „herausrücken“, aber wenn Herr Kutschera ge= auch nur halbwegs verwendbar gewesen. Der arme Juror mußte
417 910 1692 989 esundet, wird es flugs einstudiert. Man munkelt viel von diesem
1685 923 2491 991 jetzt einen Urlaub nach Abbazia antreten.
432 968 1697 1026 Stück. Es ist Lothars Schauspiel „Die Rosentempler“. Ein
1790 942 2962 1024 Es dürfte wieder wie bei allen bisherigen Preiskonkurrenzen
424 1008 1692 1069 neues Milieu wird auf die Bühne gebracht: die Freimaurer.
1690 1021 2965 1076 gehen. Die Ausbeute wird eine recht unergiebige sein. Aus diesem
417 1050 1692 1115 Das Volkstheater hat schon in der vorigen Saison mit den
1679 1054 2961 1133 Material dürfte das Deutsche Volkstheater wohl schwerlich sein
167 1077 400 1158 aterherbst.
427 1105 2952 1163 — „Brüdern“ Erfolg gehabt. Im zweiten Akte der „Rosen= Repertoirestück bestreiten. Man hofst immer wieder, daß neue
272 1140 441 1202 Rollen¬
431 1143 897 1229 templer“, spielt sich
882 1153 2955 1219 eine vollständige Freimaurersitzung ab. einheimische Talente auf diesem Wege entdeckt werden. Man hofft
170 1164 396 1246 ovitäten.
697 1205 1684 1272 Akt kommt nichts anderes vor; es
441 1198 720 1270 In diesem
1681 1210 2963 1269 vergebens. Und da keine neuen Talente auftauchen, will man
179 1218 436 1269 in der Wall¬
445 1240 1696 1307 erscheint keine Frau auf der Bühne. Man rechnet diesmal
186 1252 443 1321 teraberglaube.
1682 1254 2960 1322 sich die Freundschaft mit den alten nicht verderben. Das geht
248 1286 440 1350 Seltsame
447 1295 1695 1361 stark auf das — Logenpublikum. Auch das Raimund=Theater
1690 1296 2965 1375 nicht immer leicht. F. v. Schönthan hat sein neues Lustspiel
170 1318 448 1393 f Erholungs¬
441 1355 2956 1417 hofft, zwei Trümpfe ausspielen zu können. Der eine ist ein Volks= dem Burgtheater gegeben, dasselbe tat Beyerlein. Und am
171 1362 435 1433 Schnitzler und
446 1406 2964 1462 stück „Maria=Zell“, dessen zweiter Akt in der — Kirche in meisten verstimmt ist man darüber, daß Schnitzler mit
183 1414 437 1479 Theaterstadt.)
436 1455 2954 1520 Maria=Zell spielt. Da das Stück ein Traumstück ist — die seinem „Zwischenspiel“ ans Burgtheater ging. Alle die Ge¬
195 1461 442 1527 Saison be¬
1021 1492 1685 1555 glaubt man über alle Zensur¬
433 1488 1010 1559 Heldin träumt ihr Schicksal —
1678 1498 2949 1550 nannten hatten am Volkstheater ihre großen Erfolge.
208 1507 448 1572 I die andere
442 1541 1689 1608 schwierigkeiten hinwegzukommen. Das zweite „Ereignis“ verspricht
1696 1535 2960 1614 Und so räsoniert man jetzt über Autorenundank. Es klingt
184 1559 442 1619 ig erworbene
443 1588 1691 1650 man sich von der hochaktuellen Posse: „Einer von der Platte“.
1691 1593 2952 1658 allerdings seltsam, wenn Theaterdirektoren, die bekanntlich große
181 1605 446 1674 blikum sechzig
188 1634 1703 1722 t es von da Man muß es heutzutage mit allen Mitteln versuchen, das Publikum
1684 1642 2965 1708 Gemütsmenschen sind und nur die idealen Güter der Menschheit
194 1686 1695 1752 länger, der zu packen und gefangen zu nehmen. Ohne Sensation und Milieu¬
1691 1688 2956 1750 verteidigen, von Undank sprechen. Wenn ein Autor ihnen ein
1679 1740 2957 1802 Zugstück gebracht hat, so soll er dafür dankbar sein! Beim Theater
185 1738 994 1824 Mur herein=rummel geht es nicht mehr.
528 1797 2950 1848 Die alten harmlosen Zeiten sind vorbei. Da brauchten sich gibt es oft sonderbare Begriffsverwirrungen. Diesmal rechnete
183 1799 451 1869 lkern zumeist
184 1840 2959 1908 igen Saison= die Lenker der Bühnen nur an ihren lieben guten Aberglauben zu man im Deutschen Volkstheater mit der Spaltung zwischen Artur
1688 1876 2959 1955 Schnitzler und dem Burgtheater. Man soll beim Theater nie auf
183 1891 1698 1955 frektors mit klammern und das Gold rollte in die Kassen. Aber nicht alle
1693 1929 2971 1996 solche Spaltungen rechnen. Wenn es die Interessen erfordern,
193 1940 1694 2007 fall, oder Theaterleute sind abergläubisch. Am allerwenigsten ist es Fräulein
1693 1978 2957 2043 reichen sich die Unversöhnlichsten die Hände. Theaterfreundschaft,
202 1993 1689 2052 die Stückes Galafrès vom Deutschen Volkstheater. Sie wird zum Bei¬
1689 2031 2960 2106 Theaterfeindschaft — wie vergänglich sind sie! Wo es Kulissen
183 2037 1695 2096 Fremièrentiger spiel von der Ziffer „dreizehn“ genarrt und gefrozzelt. Keine
1689 2080 2391 2146 gibt, dort beginnt eine andere Welt.
185 2081 1700 2143 ißt schlechtere andere, die in eine fremde Stadt kommt, um Karriere zu machen,
1786 2124 2958 2192 Zum Schlusse soll von einer akuten Frage gesprochen werden,
172 2130 1697 2188 kelstücke. Die wäre in ein Haus mit der Nummer 13 gezogen. Fräulein
1691 2154 2962 2235 die jüngst ein Wiener Bühnenverleger aufgerührt hat.: handelt
189 2169 1687 2237 wird unser Galasres hat den Mut gehabt. Sie wohnt Nummer 13,
208 2235 2960 2294 für Anzen=neben dem kleinen schmucken Hause, das einst Frau Odilon sich um die Freikartenfrage. Ein hiesiges Theater hatte von einem
1692 2288 2964 2382 bekannten Autor ein Stück erworben. Der Autor kommt in das
1690 2359 2962 2438 Theater, um mit dem Direktor den Vertrag abzuschließen. Das
1687 2401 2959 2473 Kontraktformular liegt bereits auf dem Tische. Der Direktor
1685 2450 2967 2528 meint: „Wir werden Ihnen acht Prozent der Bruttoeinnahme
1690 2502 2968 2556 zahlen.“ Darauf lächelt der Autor: „Nein, es ist mir lieber, Sie
1686 2549 2968 2601 zahlen mir acht Prozent von den — Freikartengebühren.“ Der
1678 2602 2942 2660 Direktor sieht ihn stutzig an. „Jawohl. Von den Freikartengebühren,“
1690 2631 2965 2708 wiederholt der Autor, der an dieser Bühne schon aufgeführt wurde
1682 2690 2964 2758 und bereits gewitzigt ist. Er war einigemale bei seinen
1687 2739 2962 2797 Stücken und sah volle Häuser. Als Bruttoeinnahme wurden ihm
1687 2790 2962 2860 fünfhundert bis fünfhundertfünfzig Kronen verrechnet. Er gab
1688 2843 2956 2920 seinem Befremden darüber Ausdruck: „Es war doch ein volles
1688 2885 1922 2950 Haus.“ —
2118 2891 2971 2960 erklärte der Theatersekretär —, „alles
1940 2890 2079 2954 „Ja“
1686 2925 2964 3008 wattiert.“ Da die Freikartengebühren an dem gemeinten Theater ziemlich
1689 2974 2974 3059 hoch sind, macht die Einnahme, die aus dieser Quelle geschöpft
1681 3041 2979 3088 wird, mehr aus, als die Bruttoeinnahme. Es war sehr klug von
1678 3086 2960 3147 dem Autor, sich an der „Watte“ beteiligen zu lassen. Diese Er¬
1686 3124 2978 3199 fahrung hat einen Bühnenverleger veranlaßt, für die nächste Woche
1672 3183 2961 3240 einige Autoreu und andere Mitinteressenten zu einer Beratung ein¬
1681 3220 2966 3301 zuladen. Er denkt allen Ernstes daran, die Autoren zu bewegen, von
1674 3283 2976 3352 der Freikartensteuer, die in gewissen Theatern eine Rolle spielt, Tantièmen
1676 3330 2975 3388 zu fordern. Bei dem Freikartenunfug, der in Wien herrscht — einzelne
1683 3372 2988 3441 Direktionen sind selbst schuld daran, andere haben glücklicherweise
1671 3421 2973 3491 die Freikarten aufs äußerste Minimum eingeschränkt — man wird
1673 3466 2968 3535 dann vielleicht doch wählerischer wattieren. Die reichsten Leute
2556 3527 2970 3586 so reich ist über¬
1674 3528 2514 3582 gehen heute mit Freikarten in die Theater
1679 3565 2854 3623 haupt keiner, daß er nicht ein Freibillett annehmen würde.
2842 3570 2972 3632 Die
1676 3618 2958 3679 Theater verderben sich selbst auf diesem Wege die Kundschaft. Für
1672 3656 2974 3741 den Eingeweihten gab es vor ein paar Tagen in einem unserer
1675 3714 2974 3779 Theater ein heiteres Bild. Fast in jeder Loge saßen Schauspieler des
1672 3768 2971 3830 betreffenden Theaters oder benachbarter Bühnen. Im Parkett saß breit
1671 3812 2963 3868 Die Watte, am Balkon saß sie; überall nichts als Watte,
1675 3855 2967 3921 Watte aus allen Ständen. Selbst auf der Galerie. Der Bühnen¬
1682 3910 2971 3968 leiter hat Verdindungen nach „oben“- und nach unten. Und am
1676 3954 2975 4030 heitersten war das Bild, als die Leute aus dem Hause gingen.
1687 4008 2965 4059 An keinem Abend wurde so viel geschimpft, wie an diesem. Die
1676 4056 2577 4111 Besetzung war schlecht, das Stück war schlecht
2603 4046 2970 4119 kurz alles war
1680 4105 2962 4169 schlecht. Es ist die alte Geschichte: Wer im Theater seinen Sitz
1683 4159 2598 4211 nicht zahlt — will auf seine Kosten kommen..
